3892 6106
442 253 569 312 GLOSSA
588 253 790 312 onultletlln.
814 281 843 295 -
865 254 1037 310 cauliculi
1058 254 1290 312 canticorum.
1671 261 1738 314 tlon

74 374 210 447 reliquod
226 373 327 444 digito,
342 373 385 427 vel
402 373 519 428 brachio
538 374 685 446 alligatum
714 374 873 430 circum-A
895 374 1095 431 lroereticorum
1134 375 1320 447 sophismata,
1350 377 1399 432 sed
1431 380 1528 432 ιιιιιειι
1559 377 1738 450 simplicitate

91 480 150 536 quo
164 463 373 518 admoneamur
387 461 464 516 illius
490 462 543 529 rei,
559 462 638 534 cujus
662 462 838 534 frequentio·
894 464 972 535 fidei,
985 465 1092 522 intrare
1105 465 1267 521 volentibus
1281 465 1312 521 iu
1327 466 1399 521 atria
1417 468 1518 539 patriae
1529 467 1659 535 coelestis,
1685 485 1738 542 po·

74 551 838 623 taberevolumusmemoriam.Ponimus,utsigmrm
894 558 955 608 teus
971 553 1095 626 pandere
1112 559 1217 610 rectam
1231 556 1306 610 riam
1325 555 1519 628 predicando,
1547 563 1575 612 et
1607 559 1739 629 parrrilos

74 642 261 708 *bracbium,
290 657 411 696 cumea
435 657 500 712 qua
526 640 593 696 iecit
621 640 661 694 ita
684 640 783 696 audire
812 646 839 695 et
893 642 1284 715 imbuendotproponamus
1303 642 1329 698 ci
1349 643 1596 699 immarcessibilia
1610 645 1739 717 priorum

106 730 264 797 studemus,
288 729 369 801 quasi
390 728 537 784 rcraesint
566 730 694 800 exempla
718 729 837 784 virtutis.
892 731 1021 786 virorum
1037 732 1177 804 exempla,
1203 722 1405 803 quibussuum
1422 732 1524 788 melius
1546 733 1667 804 impleat
1696 734 1738 789 of·

75 821 211 888 lortisest
234 824 265 873 ιιι
288 833 359 874 mors
386 819 502 873 dilectio.
530 820 598 873 Post
625 818 838 890 corruptionem
892 817 1001 876 ficium.
1596 889 1599 894 ,

74 909 104 977 is,
116 913 182 980 apte
198 907 348 979 subjungit
358 907 393 962 de
409 907 571 975 dilectione,
589 910 620 962 ut
636 924 694 963 non
722 925 754 962 ex
782 924 839 963 me·
928 909 1010 964 vans.
1031 909 1071 962 ιθ.
1086 938 1121 950 -
1136 910 1193 976 Epo
1207 922 1311 962 murus.
1325 908 1387 963 lam
1408 908 1534 980 loquitur
1548 908 1739 964 communiter

82 997 250 1053 ostendatur
274 996 339 1051 data
355 996 495 1053 Ecclesia.
514 998 546 1051 lit
560 1011 641 1051 mors.
657 997 736 1052 Sicut
761 1013 839 1052 mors
892 996 927 1052 de
942 1001 1003 1052 tota
1018 996 1141 1052 Ecclesia
1153 1013 1187 1051 ex
1201 996 1396 1064 apostolorum
1411 997 1598 1053 fundamento
1614 998 1737 1069 incepta,

74 1089 106 1141 at
135 1085 441 1157 animamacorpore,
461 1085 500 1140 sic
515 1101 595 1140 amor
610 1086 660 1141 liei
687 1090 837 1158 atempo·
893 1085 961 1156 quia
976 1089 1079 1140 extunc
1098 1085 1216 1140 fuerunt
1244 1085 1333 1139 ubera
1361 1085 1391 1139 in
1419 1084 1551 1153 Ecclesia,
1579 1101 1670 1157 usque
1703 1085 1740 1140 ad

74 1176 389 1230 nemorelluresicut
418 1173 552 1241 infernus,
582 1180 635 1229 etc.
661 1173 733 1239 Ouia
753 1174 839 1229 nullis
894 1171 1049 1227 norissima
1077 1178 1220 1244 tempora.
1251 1176 1308 1242 qu
1329 1189 1433 1229 murus.
1464 1174 1592 1228 Audiens
1616 1173 1739 1228 Ecclesia

74 1279 119 1318 rim
147 1263 353 1318 testamentisa
377 1267 481 1318 nostrre
498 1263 597 1317 salutis
616 1278 684 1318 cura
712 1263 838 1318 revocari
893 1259 1364 1333 baecconsilia,velpromissasui
1384 1255 1738 1334 Redemptoris,jamnon

74 1354 105 1406 t:
121 1351 436 1407 sicutinfernusnnllis
464 1351 637 1407 miserorum
664 1351 837 1407 cruciatibus
893 1349 1100 1405 alteralternm
1116 1354 1268 1421 exspectat,
1285 1350 1334 1405 sed
1350 1350 1470 1422 quisque
1487 1366 1539 1423 pro
1569 1367 1599 1405 se
1623 1366 1739 1422 respon·

74 1446 151 1508 atur,
177 1457 229 1495 nec
256 1440 434 1496 nseveritate
449 1457 508 1495 snae
523 1440 672 1496 sententiae
699 1445 836 1496 mutatur.
894 1437 943 1492 det
968 1453 1036 1493 roca
1050 1438 1160 1493 devota.
1176 1441 1220 1494 Ec
1236 1454 1298 1508 qno.
1312 1440 1376 1494 llaec
1391 1439 1487 1495 omnia
1501 1455 1559 1494 nou
1581 1455 1598 1494 a
1613 1455 1659 1494 me
1683 1439 1738 1494 ha·

76 1529 112 1584 do
128 1529 269 1584 austerior
283 1529 470 1600 comparatio,
487 1546 520 1584 eo
534 1529 627 1584 acrior
642 1529 761 1584 zelantis
787 1545 840 1583 nos
893 1527 961 1583 bere
972 1528 1064 1599 potui,
1094 1528 1142 1583 sed
1162 1545 1267 1600 exque
1284 1528 1355 1584 mihi
1370 1529 1479 1584 donum
1502 1546 1561 1585 sue
1574 1529 1661 1601 pacis,
1687 1545 1739 1600 per

74 1618 108 1672 ini
137 1620 355 1673 commendatur
378 1619 504 1672 allectus.
533 1619 682 1689 tampades
707 1618 775 1688 ejus.
810 1619 839 1672 ld
860 1616 1013 1709 Bverbum
1030 1633 1089 1671 sue
1107 1617 1347 1672 reconciliationis
1361 1617 1481 1689 largitus
1503 1620 1553 1674 est.
1586 1618 1670 1685 Quasi
1688 1632 1739 1687 po·

74 1707 136 1763 srda
156 1706 297 1772 fidetium,
314 1705 343 1762 in
360 1707 465 1778 quibus
478 1706 592 1760 dilectio
608 1707 780 1773 continetur,
807 1712 840 1761 ut
893 1721 948 1760 cem
971 1708 1117 1776 reperiens.
1135 1707 1213 1760 Bene
1227 1704 1290 1760 dico
1304 1721 1402 1778 pacem
1434 1707 1591 1779 reperiens,
1616 1706 1685 1778 quia
1707 1705 1737 1761 iu

74 1810 112 1859 se,
129 1800 197 1850 erint
217 1797 311 1864 ionis:
339 1794 407 1866 quia
421 1795 592 1849 intrinsecus
608 1794 718 1850 ferrent
733 1795 783 1850 Dei
812 1799 840 1850 et
893 1810 927 1849 ea
940 1809 1019 1866 pace,
1035 1810 1122 1866 quam
1138 1793 1208 1864 dixi,
1227 1794 1282 1850 fuit
1294 1797 1407 1864 pacifico
1421 1794 1532 1850 Christo
1554 1795 1638 1850 uinea
1651 1794 1737 1849 iusti·

75 1883 114 1939 mi
130 1884 292 1938 dilectione.
310 1883 383 1938 Srrnt
398 1883 483 1938 etiam
498 1885 618 1953 flemma,
634 1883 701 1954 quia
715 1883 840 1938 exterius
893 1887 954 1937 tuta
969 1898 977 1937 ι
995 1883 1167 1955 quoeolima
1184 1884 1248 1953 lege
1258 1886 1288 1938 et
1305 1883 1455 1955 prophetis
1467 1888 1507 1938 est
1533 1882 1736 1954 praenuntiata.

77 1973 238 2045 toperibns
255 1973 388 2044 justitiae.
414 1972 462 2027 llas
488 1973 635 2045 lampades
650 1989 708 2028 non
737 1972 840 2029 exstin·
892 1971 961 2037 Qua
971 1988 1025 2044 pax
1040 1988 1098 2027 non
1113 1975 1323 2027 unamtantum
1342 1975 1458 2044 gentem
1476 1971 1643 2028 iudeorum
1670 1985 1737 2026 cou-

74 2066 121 2116 tur
133 2062 162 2116 in
178 2062 301 2117 adventu
317 2061 425 2133 sponsi.
891 2061 974 2130 tinet,
990 2061 1040 2116 sed
1052 2060 1140 2116 habet
1153 2061 1260 2116 multos
1285 2062 1410 2131 populos
1424 2059 1459 2116 de
1479 2064 1541 2116 toto
1556 2059 1664 2116 mundo
1680 2059 1738 2115 col·

74 2165 113 2207 es.
130 2152 308 2221 7.-Aquae
331 2151 430 2214 mulla,
453 2153 506 2204 etc.
536 2149 608 2216 Quia
637 2149 750 2217 domus,
774 2165 838 2222 quae
892 2147 1379 2221 laetos,nonaliquibushominum
1390 2147 1738 2220 meritis,sedsolepace‚

74 2238 564 2312 rpetrameharitatisiundataest‚
582 2239 757 2294 irruentibus
783 2238 838 2294 tlu-
891 2254 978 2310 quam
1005 2241 1081 2294 inter
1112 2239 1201 2293 [terrm
1229 2236 1376 2292 homiuem
1403 2236 1496 2291 facere
1526 2236 1627 2292 veuit:
1658 2237 1739 2307 cujus

74 2344 118 2384 sus
134 2344 191 2383 non
215 2333 309 2401 potest
330 2328 442 2383 cadere.
457 2329 596 2384 flumine.
623 2327 837 2397 tentationum,
891 2327 993 2395 viuere,
1011 2327 1079 2399 quia
1094 2326 1213 2382 Domino
1228 2341 1296 2382 cura
1311 2329 1363 2392 est,
1378 2329 1407 2381 et
1418 2324 1487 2397 quia
1499 2325 1570 2380 utile
1590 2328 1633 2380 est
1647 2324 1740 2380 homi·

74 2415 109 2472 rel
126 2415 276 2471 visibiliter
289 2416 332 2471 vel
349 2414 531 2470 invisibiliter
540 2418 652 2470 tentant
664 2415 750 2471 corda
765 2414 837 2470 ilde-
891 2415 987 2484 nibus,
1004 2420 1035 2471 et
1049 2416 1110 2488 ejus
1125 2415 1277 2488 participes
1289 2415 1370 2482 liant,
1386 2418 1463 2470 recte
1489 2413 1630 2469 subditur.

90 2501 121 2560 Si
131 2502 246 2558 dederit.
267 2501 339 2567 eria
354 2501 404 2556 ubi
419 2501 545 2557 abundat
561 2508 837 2568 emoraleruorum,
930 2506 1007 2561 vans.
1040 2509 1082 2560 ιι.
1110 2534 1144 2546 -
1175 2503 1303 2559 Tradidit
1326 2519 1384 2558 eom
1408 2501 1573 2558 custodibus.
1603 2501 1738 2574 Sequitur

86 2590 343 2663 vilescittpossessio
371 2590 541 2656 labentium,
580 2597 656 2646 recte
694 2590 836 2659 subditur,
892 2609 944 2648 vox
977 2593 1068 2667 ipsius
1096 2593 1218 2666 pacifici,
1246 2610 1310 2666 quie
1339 2594 1474 2665 ostendit,
1489 2596 1737 2667 quantamcuram

74 2680 146 2735 derit
170 2681 254 2735 tomo.
282 2678 422 2751 Apostoli,
444 2684 473 2734 et
498 2679 547 2734 elii
577 2679 678 2749 sancti,
704 2678 837 2734 omnibus
892 2681 996 2738 habeat
1016 2683 1051 2738 dc
1074 2682 1127 2738 hac
1143 2683 1234 2746 vinea,
1250 2686 1280 2737 et
1297 2682 1367 2755 quid
1383 2698 1433 2737 sua
1453 2682 1683 2754 relinquentibus
1706 2681 1737 2736 ie

74 2767 126 2831 ais.
141 2769 213 2824 nibil
237 2768 371 2823 visisunt
398 2767 452 2822 sibi
481 2767 648 2840 perdidisse,
681 2767 837 2822 dummodo
892 2777 1032 2827 aeternum
1047 2777 1205 2842 conservet,
1218 2775 1247 2827 et
1260 2770 1329 2844 quid
1345 2769 1499 2844 singularis
1514 2769 1628 2844 premii
1642 2769 1737 2825 docto·

74 2856 144 2912 bona
160 2861 280 2929 possunt
294 2857 408 2922 habere,
423 2855 501 2911 uude
516 2856 621 2911 Paulus
651 2872 658 2911 :
676 2855 774 2911 Omnia
788 2856 836 2912 de·
892 2860 973 2916 ribus
987 2861 1049 2933 eius
1063 2861 1205 2932 disponat.

74 2950 119 3001 nte
129 2945 249 3001 arbitror
263 2949 292 3000 ιιι
306 2949 435 3011 stercora,
448 2949 478 2999 ut
498 2945 639 3001 Christum
664 2941 872 3014 lucrifaciant}
926 2950 1006 3004 Vens.
1027 2950 1067 3004 lt.
1081 2978 1115 2990 -
1134 2950 1209 3005 Mille
1223 2951 1265 3003 tui
1276 2947 1397 3020 pacifici.
1423 2946 1550 3003 Pretium
1578 2946 1736 3018 perfectum

74 3036 107 3105 ip.
125 3037 176 3106 ur).
891 3036 1030 3110 quidquid
1044 3036 1140 3092 habet.
1161 3039 1216 3093 Per
1229 3038 1302 3093 milio
1323 3037 1475 3109 perfectio;
1503 3052 1555 3105 per
1583 3041 1735 3104 arpentum,

74 3139 110 3179 as.
126 3125 203 3178 8.-
226 3123 424 3188 Sorornostrc,
450 3125 503 3177 ete.
533 3121 555 3177 0
584 3137 634 3175 ros
657 3121 782 3177 ministri
810 3128 838 3177 et
891 3141 976 3180 omne
992 3125 1171 3182 mundanum
1186 3124 1438 3199 accipiturrquod
1452 3125 1568 3198 quidem
1582 3124 1736 3197 aliquando

74 3209 204 3266 eilitones
219 3211 286 3273 mei,
304 3226 377 3265 nora
391 3216 432 3265 est
445 3210 505 3264 haec
530 3209 654 3265 Ecclesia
681 3215 711 3265 et
737 3215 837 3267 tenera
889 3230 1011 3286 parrum
1026 3218 1068 3270 est
1080 3214 1111 3270 in
1125 3219 1164 3284 te,
1189 3215 1238 3270 sed
1250 3231 1388 3288 magnum
1404 3214 1664 3283 devotione.·Milk,
1680 3218 1733 3270 etc.

74 3317 161 3356 oram
197 3300 379 3356 dilectionem
408 3299 602 3355 retinendam.
632 3301 716 3356 Soror
742 3305 836 3357 nostro
890 3303 995 3358 Eadem
1018 3303 1154 3375 perfectio
1177 3320 1241 3376 qeae
1270 3320 1322 3376 per
1342 3305 1416 3360 mille
1431 3303 1618 3375 significator,
1648 3303 1735 3358 etiem

74 3407 87 3444 ι.
116 3389 251 3459 Ecclesia,
270 3394 426 3460 antequam
451 3394 559 3444 crescat
584 3404 634 3461 per
657 3388 836 3444 incrementa
889 3407 941 3463 par
970 3396 1075 3447 centum
1103 3395 1229 3460 notatur,
1260 3392 1327 3465 quia
1351 3397 1472 3465 uterque
1500 3407 1639 3447 numerus
1666 3405 1735 3462 per-

74 3494 138 3546 um,
157 3477 279 3533 infirmis
306 3477 481 3533 auditoribus
507 3493 565 3533 non
588 3481 684 3549 potest
707 3477 835 3548 prebere
889 3480 991 3551 fectus,
1019 3486 1049 3536 et
1061 3480 1138 3536 idem
1170 3482 1245 3537 trater
1259 3481 1378 3549 ducenti,
1395 3480 1519 3554 quamsi
1547 3479 1654 3536 diceret
1677 3479 1734 3534 duo

74 3566 325 3640 ipraedicationis3
348 3565 574 3634 adultadicitur,
603 3566 718 3638 quando
747 3566 834 3622 verbo
888 3567 991 3624 millia.
1007 3570 1092 3638 Mille,
1115 3574 1168 3625 etc.
1186 3570 1264 3626 ldem
1276 3573 1320 3625 est
1332 3571 1454 3638 arqentei
1470 3572 1498 3623 et
1515 3567 1648 3640 pacifici:
1667 3567 1736 3640 quia

74 3656 197 3728 epulata,
211 3660 308 3711 sancto
324 3655 434 3727 repleta
450 3654 567 3727 Spiritu,
585 3671 635 3727 per
654 3654 833 3727 praedicatio·
888 3656 1011 3729 pecunia
1035 3673 1086 3729 pro
1103 3658 1161 3712 Deo
1185 3660 1312 3728 erogata,
1336 3673 1436 3727 pacem
1450 3655 1526 3711 iuter
1539 3656 1631 3714 Deum
1645 3661 1674 3712 et
1685 3656 1735 3712 ho·

74 3743 251 3800 ninisterium
275 3743 304 3798 in
330 3743 456 3798 illiorum
488 3743 673 3815 conceptione
700 3744 833 3814 faedatur,
889 3744 1149 3801 minemconeiliat.

85 3832 259 3888 exhortando
276 3832 410 3904 parturit,
436 3832 626 3887 convertendo
647 3833 731 3904 parit.
763 3833 835 3900 Quid
924 3834 1061 3889 Venedi.
1079 3862 1111 3874 -
1134 3833 1196 3900 Qua
1218 3832 1327 3887 liabitas
1352 3833 1381 3887 in
1407 3832 1501 3887 tortis.
1527 3830 1660 3897 Ecclesia,
1688 3833 1733 3888 rel

74 3924 226 3989 resacrari,
249 3925 301 3977 etc.
319 3922 357 3975 Ac
368 3920 391 3974 si
416 3926 514 3992 aperte
543 3920 618 3976 dicat
635 3938 641 3976 :
659 3923 747 3976 Parra
773 3923 835 3994 qui-
885 3910 1025 3994 'quelibet
1047 3919 1307 3989 fidelisauima,iu
1326 3918 1553 3984 bortishabitat3
1582 3935 1647 3991 quae
1672 3919 1732 3990 jam

77 4025 196 4066 numero
219 4014 261 4064 est
289 4009 412 4064 Ecclesia
436 4010 575 4080 gentium,
601 4013 630 4064 et
655 4011 778 4066 necdum
798 4012 834 4067 ad
888 4009 1030 4066 viriditate
1046 4008 1107 4082 spei
1119 4009 1264 4065 bonorum
1293 4022 1413 4080 operum
1442 4013 1486 4063 est
1510 4009 1626 4080 repleta.
1654 4007 1733 4063 Sicca

74 4097 171 4154 ludum
193 4097 273 4153 verbi
304 4097 496 4152 ministerium
517 4096 632 4153 suflicit.
660 4097 732 4164 Quid
763 4115 833 4172 ergo
888 4093 997 4172 quippe
1009 4104 1052 4154 est
1071 4113 1134 4172 spes
1150 4096 1236 4169 hujus
1250 4096 1362 4165 mundi,
1380 4094 1448 4168 quia
1476 4094 1581 4163 omnia,
1599 4112 1663 4168 quae
1687 4096 1733 4151 hie

74 4186 174 4255 idatur,
201 4204 218 4242 o
243 4187 404 4259 synagoga,
422 4202 491 4258 erga
515 4203 613 4242 euram
638 4188 710 4260 ejus,
726 4188 834 4245 sororis
846 4231 868 4286 D
888 4190 1032 4255 amantur,
1058 4203 1123 4242 cum
1150 4185 1332 4242 festinatione
1353 4188 1504 4240 arescuut:
1539 4184 1603 4251 Qua
1619 4198 1682 4253 erqo
1703 4187 1734 4241 in

76 4280 122 4332 cet
146 4280 262 4342 nostre,
286 4291 346 4330 csse
362 4274 525 4331 iaciendum
544 4280 673 4348 tempore
690 4277 751 4347 illo,
776 4294 833 4350 quo
888 4279 973 4334 bortis
990 4276 1107 4346 tubitet,
1121 4278 1235 4347 oportet
1252 4279 1285 4330 ιιι
1311 4289 1449 4347 sponsum
1473 4288 1561 4329 uocem
1584 4288 1661 4328 suom
1685 4289 1734 4329 ιιιι-

84 4379 135 4437 per
162 4364 307 4436 apostolos
327 4380 417 4430 meos,
441 4365 692 4436 apostolorumque
723 4380 833 4421 succes·
887 4366 948 4422 dire
959 4366 1058 4433 faciet,
1074 4363 1103 4419 id
1115 4369 1158 4420 est
1171 4364 1325 4419 intantum
1338 4363 1415 4419 bona
1427 4361 1637 4434 predicationis
1652 4362 1733 4417 emit·

83 4453 191 4526 alloqui
205 4454 336 4525 eoepero?
350 4455 451 4509 Utrum
475 4453 699 4527 quasiparrulae
730 4455 832 4522 adhue,
887 4457 930 4510 tat
954 4453 985 4509 iu
1017 4457 1160 4525 quantum
1178 4451 1227 4508 ille
1252 4452 1420 4519 delectatur,
1449 4467 1535 4523 quem
1573 4449 1732 4518 desiderat;

74 4539 139 4596 tilli
167 4546 343 4595 secretorum
362 4542 522 4596 eoelestium
547 4557 649 4596 arcana
670 4540 832 4596 committa·
887 4541 956 4615 quia
969 4542 1052 4596 enrici
1064 4541 1229 4612 auscultant,
1243 4539 1376 4596 videlicet
1391 4555 1490 4595 omnes
1505 4538 1596 4605 electi,
1620 4537 1671 4610 qui
1701 4546 1734 4594 ιιι

83 4629 192 4700 anjam
208 4629 484 4701 majoremeampar
496 4634 652 4702 augmenta
669 4629 832 4697 reddamus,
887 4630 924 4686 ad
943 4630 1087 4686 coelestem
1108 4629 1232 4701 petriam
1246 4628 1425 4695 reviviscant,
1446 4627 1533 4683 rerba
1544 4626 1610 4683 ritae
1633 4627 1733 4682 audire

76 4733 130 4773 uus
142 4716 215 4772 bene
229 4716 393 4788 proficiens,
409 4718 611 4790 perfectiorum
631 4717 720 4790 possit
744 4732 832 4788 capax
887 4717 1059 4775 desiderant.
1077 4718 1142 4785 Qua
1161 4717 1278 4773 totitas.
1310 4717 1343 4771 Et
1368 4715 1602 4789 quandoquidem
1621 4715 1734 4771 unicui·

74 4805 236 4861 virtutum?
249 4806 465 4877 Coitacenti,et
481 4806 550 4878 quid
565 4806 626 4878 ipse
645 4805 714 4862 relit
738 4805 834 4877 potius
887 4807 1032 4881 queepud
1047 4821 1093 4862 me
1118 4811 1278 4862 reservatur
1302 4821 1355 4876 pro
1376 4803 1487 4860 meritis
1514 4802 1679 4876 premium,
1707 4807 1734 4859 et

74 4894 170 4965 ltanti,
199 4894 335 4952 contiuuo
359 4895 428 4968 quid
448 4894 512 4950 lieri
536 4895 633 4952 deceat
666 4892 768 4968 aperit,
794 4893 833 4950 ita
887 4896 992 4969 duplex
1016 4894 1166 4951 retributio
1181 4894 1346 4951 doctoribus
1362 4910 1369 4950 :
1386 4908 1456 4965 ergo
1471 4893 1540 4948 dnm
1564 4893 1643 4949 adest
1664 4897 1736 4948 tem·

74 4983 141 5040 tiens
158 5001 164 5038 :
887 5001 942 5056 pus
958 4982 1097 5050 merendi,
1113 4983 1183 5038 dum
1198 4982 1330 5038 differtur
1348 4980 1568 5054 diesnuptialis,
1591 4985 1733 5054 quantum

74 5089 103 5129 rs.
119 5075 145 5128 ιι.
168 5101 203 5115 -
215 5072 246 5129 Si
267 5087 360 5128 murus
386 5078 436 5142 est,
453 5075 507 5128 etc.
536 5072 565 5129 Si
588 5072 721 5128 inventus
748 5071 835 5128 fuerit
888 5073 963 5128 valet
978 5071 1187 5145 uuusquisque,
1201 5071 1233 5126 iu
1245 5071 1357 5126 cultura
1376 5068 1462 5140 hujus
1480 5068 1573 5124 vineas
1585 5066 1731 5140 persistat.

74 5161 102 5229 is,
124 5160 173 5233 qui
187 5160 223 5217 ab
241 5160 450 5216 incursionibus
465 5159 622 5215 errantium
648 5160 738 5232 possit
763 5161 834 5216 alios
888 5162 988 5217 Amici.
1005 5160 1037 5216 ld
1068 5164 1110 5215 est
1132 5159 1236 5231 angeli,
1260 5173 1334 5232 quos
1355 5157 1502 5230 adjutores
1517 5156 1568 5212 tibi
1595 5155 1678 5224 dedi;
1706 5161 1736 5212 et

75 5249 154 5316 dere,
180 5249 269 5304 armis
292 5249 430 5322 nequitie
456 5248 569 5305 fortiter
591 5249 760 5315 resistendo,
789 5249 833 5305 rel
888 5248 1174 5321 spiritusjustorum,
1191 5248 1241 5320 qui
1261 5248 1402 5318 jameum
1436 5247 1493 5301 Deo
1520 5247 1597 5312 sunt,
1625 5249 1654 5300 et
1681 5260 1733 5317 pro

75 5353 100 5392 re
126 5336 245 5410 ingenie
267 5338 405 5402 munitus,
423 5337 467 5392 rel
496 5337 694 5410 philosophica
717 5335 835 5392 scientia
888 5337 1025 5394 fratribus
1041 5339 1133 5392 orant.
1151 5338 1203 5391 Fue
1217 5351 1259 5390 mc
1280 5335 1387 5390 audire.
1407 5333 1521 5406 Exigua
1546 5337 1575 5388 te
1598 5337 1631 5388 ut
1654 5332 1735 5388 habi.

74 5430 142 5482 tus:
172 5426 277 5482 divinis
307 5426 460 5499 seripturis
485 5443 551 5482 eum
576 5425 775 5481 informemus.
804 5426 835 5483 Si
888 5432 943 5497 tes,
961 5425 1041 5481 nollo
1065 5424 1190 5479 tumultu
1207 5423 1380 5492 discessura3
1410 5428 1508 5496 postea
1535 5421 1621 5478 etiam
1651 5418 1736 5493 exigo

74 5531 98 5572 a.
115 5514 220 5589 Siquis
233 5520 276 5570 est
290 5532 347 5571 neu
362 5516 432 5571 adeo
459 5513 587 5571 imbutus
612 5514 648 5570 ad
671 5513 836 5586 repellenda
891 5519 923 5570 ut
936 5529 1036 5570 rocem
1049 5516 1129 5569 tuam
1146 5529 1192 5570 me
1205 5512 1304 5570 audire
1320 5511 1419 5569 facias.
