3892 6104
526 244 653 302 cnossi
671 246 873 305 ouuluuuls.
893 274 929 289 -
946 249 1012 305 utu.
1032 249 1045 305 Ι
1068 248 1205 306 usuum.
1684 252 1738 307 out
1788 202 1791 207 Ι

74 380 105 425 s.
121 366 150 420 i.
163 395 197 405 —
211 367 247 421 Et
256 380 354 420 omues.
372 364 480 437 (liena,
496 367 578 438 ibid.)
592 369 720 423 Notanda
733 370 868 426 distin-A
886 384 970 441 usque
993 371 1032 427 od
1056 371 1126 427 visio
1149 378 1247 428 autem
1272 373 1350 445 pacis
1362 378 1391 429 et
1405 374 1546 429 confessio
1556 374 1588 429 in
1602 378 1736 447 praesenti

74 453 230 522 cerberum,
253 457 319 521 etc,
344 469 428 525 usquc
457 455 495 509 ud
509 457 586 510 iinde
610 458 751 512 ioannes:
779 461 833 515 Nos
886 459 1045 526 inchoatur,
1059 461 1131 516 etin
1146 459 1243 515 tuturo
1257 461 1416 533 perficitur.

74 541 197 599 &bunos
228 543 386 612 hujusmodi
417 546 564 614 suscipere,
596 549 627 599 ut
651 552 833 616 cooperatores
922 550 1120 619 Unusquisque
1132 552 1162 604 iu
1176 551 1323 617 ciuitatem,
1341 549 1499 622 (ln.,ibid.)
1511 553 1578 608 ldeo
1587 552 1736 625 vigilanter

74 628 218 703 {ueritatis
235 636 287 684 etc.
306 631 356 698 (ΙΙΙ
370 632 455 686 Joou.
470 633 542 698 vm.)
886 636 1031 708 Scriptura
1055 637 1184 692 distinxit
1211 637 1247 692 de
1274 653 1333 709 qun
1356 640 1541 710 generatione
1557 641 1735 712 captivorum

74 723 167 783 seme,
193 723 246 773 etc.
273 717 326 782 Qui
356 720 565 790 temporalibus
588 720 744 787 abundant,
775 738 832 778 non
885 724 1150 795 soluliinpatriam
1167 726 1313 791 redierint,
1332 733 1398 794 etc„
1415 728 1734 802 usqueodproquibus

74 854 76 861 .
107 805 282 878 pauperibus
309 807 414 862 Christi
439 809 599 863 necessaria
625 810 830 865 debentmini-
885 816 961 867 certa
975 813 1106 868 mercede
1116 820 1292 870 remuneret.
1753 874 1756 878 ,

74 897 144 965 ,sed
160 901 189 949 et
203 896 276 949 bona
294 910 359 967 quae
373 901 496 965 possunt
507 911 561 967 pro
578 913 607 950 se
624 897 747 953 libenter
758 913 831 968 ope·
919 902 1001 957 Vnus.
1015 905 1041 957 2.
1058 932 1093 942 -
1111 904 1255 969 Numerus,
1277 908 1331 958 etc.
1349 905 1411 974 (ln,
1427 903 1511 974 ibid.)
1533 906 1677 976 Populum
1692 908 1733 961 le·

74 989 99 1041 ut
126 990 250 1056 utroque
264 986 417 1041 commodo
443 986 473 1040 in
493 987 600 1056 templo
623 986 674 1041 Dei
687 987 764 1059 quod
789 992 831 1043 est
881 991 943 1044 rael
952 989 1060 1046 tribum
1075 991 1147 1047 luda
1157 996 1185 1046 et
1197 992 1348 1063 Benjamin
1362 992 1439 1059 dicit,
1451 996 1517 1061 ete,
1528 1007 1615 1063 usque
1628 994 1666 1048 od
1676 1010 1734 1048 una

74 1072 113 1137 ia,
127 1078 237 1145 partem
255 1079 419 1128 mereantur
429 1074 544 1128 habere.
882 1092 947 1132 cum
957 1078 1151 1134 sacerdotibus
1163 1084 1192 1134 et
1207 1080 1309 1135 Levitis
1325 1081 1376 1152 qui
1391 1080 1530 1135 intereos
1549 1084 1656 1136 sortem
1683 1082 1733 1137 hn-

74 1176 96 1215 s.
122 1162 148 1214 5.
176 1189 209 1199 -
235 1161 271 1215 Et
296 1165 483 1215 surreceruut.
510 1160 606 1228 (Bene,
631 1161 711 1231 ibid.)
739 1162 828 1232 Cyrus
881 1165 1012 1234 buerant,
1033 1167 1285 1238 debereiuleltigi.

74 1270 79 1301 ι
105 1247 254 1318 precepit,
279 1248 338 1302 imo
353 1248 484 1318 permisit
499 1249 528 1302 iu
552 1250 828 1305 Jerusalemascen·
917 1254 998 1309 Vsus.
1020 1257 1339 1326 ssu—Numerarem.
1368 1260 1420 1312 etc.
1446 1257 1510 1325 (ln,
1527 1258 1608 1327 ibid.)
1630 1258 1731 1313 Nathi·

74 1338 92 1391 t
117 1334 259 1390 aedificare
289 1336 407 1390 domum
426 1336 549 1404 Domini,
566 1342 631 1398 etc„
649 1338 828 1408 usqueadet
880 1341 935 1395 naei
963 1342 1278 1414 quipostsecerdotes,
1309 1345 1428 1412 Levitae,
1442 1350 1584 1414 cantores,
1604 1351 1633 1401 et
1649 1346 1728 1416 jani-

74 1423 172 1479 ollatee
188 1424 391 1480 misericordiae
416 1425 557 1496 particeps
571 1440 632 1480 esse
652 1427 767 1484 meruit.
879 1433 957 1485 tores
982 1430 1013 1486 iu
1038 1431 1139 1487 ordine
1161 1432 1370 1501 describuntur,
1398 1434 1455 1505 ipsi
1479 1439 1548 1489 tuuc
1575 1437 1655 1490 iuuere
1679 1436 1729 1504 qui

74 1515 161 1583 cipes.
189 1513 251 1585 (ln,
268 1513 349 1580 ibid.)
378 1513 543 1584 Principum
558 1514 634 1568 enim
655 1519 781 1586 patrum,
797 1515 827 1573 id
879 1533 956 1572 nuuc
987 1518 1018 1574 in
1047 1519 1169 1575 Ecclesia
1192 1520 1357 1576 subdiaconi
1384 1527 1531 1588 uocantum
1562 1522 1729 1579 obedientes

74 1599 249 1673 igistrorum,
269 1607 312 1656 eet
340 1617 427 1672 opere
454 1608 483 1657 et
512 1601 641 1656 doctrina
665 1602 822 1658 errantium
878 1607 980 1662 ciliciis
1006 1607 1176 1673 Levitarum,
1207 1613 1236 1664 et
1265 1609 1425 1665 oblationes
1450 1610 1481 1664 in
1505 1611 1612 1681 templo
1640 1612 1728 1666 susci·

74 1704 99 1758 s,
134 1690 165 1745 in
190 1689 284 1744 studio
313 1691 380 1745 boni
408 1690 504 1762 operis
531 1690 682 1746 aeditlcare.
718 1690 823 1748 Scribas
878 1696 1021 1767 pientese
1038 1697 1156 1769 populo.

74 1780 207 1849 inreguo
233 1779 448 1850 coelornm,qni
476 1779 576 1833 merita
592 1795 748 1850 sensusque
767 1795 822 1835 an·
909 1783 1005 1840 Omnes
1023 1787 1169 1842 uolueras.
1185 1785 1247 1856 (ln,
1269 1786 1352 1856 ibid.)
1380 1787 1512 1842 ilocloco
1528 1787 1614 1841 etiam
1630 1803 1728 1842 secuu-

74 1882 104 1925 m
130 1868 252 1922 solerter
284 1868 492 1935 examinantes,
526 1868 682 1938 dijudicare
716 1871 823 1924 norunt
877 1871 947 1926 dum
974 1871 1100 1927 litterum
1128 1873 1221 1945 gratia
1247 1875 1299 1929 Dei
1325 1874 1493 1938 ostenditur,
1521 1890 1578 1945 qua
1594 1875 1680 1930 etiam
1696 1875 1727 1931 in

91 1956 124 2013 in
150 1973 207 2029 qno
233 1957 324 2028 gradu
338 1957 492 2013 ministerii
507 1957 689 2013 ecclesiastici
704 1974 822 2030 promo·
876 1959 972 2014 Veteri
993 1960 1175 2015 Testamenta
1202 1961 1324 2032 gentiles
1349 1962 1385 2017 ad
1411 1961 1532 2017 salutem
1548 1961 1726 2033 recipieban-

875 2051 933 2111 tur,
948 2047 1018 2103 dum
1043 2049 1173 2119 exposito
1184 2051 1314 2122 catalogo
1331 2066 1433 2106 eorum
1448 2066 1521 2122 quos
1535 2050 1674 2105 veraciter
1687 2050 1741 2106 ad·

74 2134 244 2191 uenderent.
275 2133 625 2202 (ln.,ibid.)0110tidieuis
648 2134 823 2206 profectibus
876 2135 1016 2206 populum
1030 2136 1079 2191 liei
1106 2137 1251 2206 pertinere
1269 2139 1417 2194 constabat
1431 2139 1557 2209 adjuncti
1584 2143 1662 2207 suunt,
1676 2140 1726 2211 qni

74 2221 240 2297 pnibusdam
263 2223 399 2294 gradibus
411 2223 539 2287 ascendit
561 2224 595 2278 ad
611 2239 743 2278 sumnam
765 2223 822 2278 vir·
876 2227 975 2280 utrum
990 2240 1025 2279 ex
1045 2212 1142 2292 liram,
1170 2242 1207 2280 an
1228 2243 1262 2281 ex
1282 2226 1433 2298 proselytis
1452 2232 1557 2294 essent,
1572 2227 1726 2298 ignoraba-

98 2326 165 2383 quae
193 2315 261 2365 sunt
293 2310 323 2366 iu
345 2316 461 2366 aeternas
485 2311 562 2382 pecie
592 2311 710 2366 visione.
733 2311 823 2368 Primi
876 2315 938 2366 tur:
965 2328 1124 2386 eorumque
1152 2313 1239 2369 simul
1266 2314 1343 2370 iuter
1369 2315 1443 2369 tilios
1471 2316 1556 2371 lsrael
1587 2332 1726 2371 uumerus

74 2415 83 2454 s
98 2403 165 2454 sunt
184 2399 330 2470 propriam
346 2400 433 2454 vitam
460 2400 613 2472 corrigere.
645 2400 769 2456 Secundi
787 2401 822 2455 de
877 2400 1042 2471 exponitur:
1057 2407 1086 2456 et
1101 2402 1223 2457 sienim
1238 2403 1325 2473 longa
1339 2401 1520 2473 separatione
1533 2405 1649 2472 patrum
1663 2418 1726 2458 suo

74 2482 173 2543 borum
196 2488 337 2542 erratibus
353 2489 491 2543 laborare.
509 2489 640 2559 Supremi
656 2492 721 2559 post
735 2505 823 2559 opera
875 2504 942 2543 rum
956 2506 974 2544 a
988 2491 1096 2561 templo
1112 2491 1155 2544 vel
1168 2491 1275 2562 populo
1289 2490 1339 2546 [lei
1354 2491 1501 2562 quomodo
1515 2490 1552 2546 ud
1578 2505 1646 2544 eum
1657 2505 1724 2562 per·

74 2580 96 2633 st
107 2575 266 2631 doctrinam
277 2576 383 2647 gaudia
409 2582 556 2648 perpetue
581 2576 822 2641 remunerationis
876 2575 1002 2632 tinerent
1024 2576 1152 2633 indicare
1175 2577 1365 2649 nequierant:
1380 2579 1430 2650 qui
1444 2583 1542 2633 tamen
1555 2578 1621 2634 daia
1636 2593 1724 2649 gene-

74 2668 150 2720 une.
627 2721 630 2727 ,
876 2663 931 2718 rali
960 2663 1076 2720 lieentia
1103 2665 1139 2720 de
1169 2664 1334 2735 captivitate
1364 2666 1560 2734 ascenderant,
1591 2670 1624 2720 ut
1652 2664 1723 2720 sccii

74 2764 93 2805 ι.
118 2752 144 2804 o.
172 2779 207 2790 -
237 2750 410 2820 Adjecerunt
434 2766 531 2806 meuses
561 2767 651 2806 eorsum
673 2751 703 2806 iu
737 2755 821 2808 uuam.
877 2751 1103 2822 recipiebantur;
1132 2753 1297 2824 gaudebant
1331 2754 1438 2808 etenim
1463 2753 1559 2810 caemri
1586 2752 1724 2808 lsraelilae

74 2837 301 2894 =aedificantinm
331 2839 407 2906 socii,
437 2839 487 2911 qui
507 2839 648 2894 redillcare
674 2828 823 2911 nequeunt
877 2840 976 2895 eosob
1003 2856 1132 2895 amorem
1147 2841 1308 2896 communis
1323 2841 1390 2897 fidei
1414 2848 1443 2897 et
1458 2842 1604 2915 religionis
1619 2841 1724 2898 babere

74 2926 204 2998 pecuniis
219 2926 355 2998 adJnvant
378 2943 444 2981 cum
474 2926 624 2983 saeculares
650 2927 822 2998 praedicato·
837 2921 859 2978 C
877 2926 959 2997 quasi
973 2925 1075 2981 tratres
1089 2931 1118 2981 et
1145 2932 1235 2993 notos,
1251 2932 1281 2983 et
1306 2928 1331 2982 si
1345 2927 1375 2982 iu
1397 2928 1509 2999 origine
1520 2929 1614 2984 carnis
1628 2929 1724 2984 minus

77 3014 182 3071 liberos
197 3031 264 3070 suos
286 3016 330 3069 vel
354 3015 493 3071 familiam
508 3016 630 3071 Domino
645 3016 823 3070 educandam
877 3014 1085 3086 cognoscebant
1100 3031 1158 3089 eos.

74 3102 170 3171 illuni,
191 3107 223 3157 ut
238 3104 314 3174 quod
339 3121 392 3175 per
418 3121 448 3159 se
461 3110 620 3176 nequeunt,
639 3121 692 3174 per
708 3120 757 3159 eos
773 3104 822 3175 qni
911 3103 1068 3175 Allegoriee
1093 3107 1189 3158 autem
1214 3103 1291 3159 iuter
1314 3105 1484 3176 poenitentes
1510 3105 1560 3177 qui
1577 3105 1724 3161 liberatis

74 3194 108 3259 rt,
123 3191 243 3245 Domino
257 3208 314 3246 suae
327 3192 485 3248 devotionis
499 3209 605 3247 munus
619 3192 749 3247 ollerant.
876 3189 1037 3261 captivitate
1059 3190 1195 3246 vitiorum
1210 3189 1245 3245 ud
1258 3192 1455 3248 aedificandam
1471 3192 1514 3248 vel
1528 3193 1560 3248 in
1577 3209 1619 3261 se,
1633 3194 1676 3247 vel
1693 3193 1724 3248 in

74 3282 196 3335 meo.
214 3281 404 3350 (uanum.)
435 3282 466 3336 ld
490 3287 543 3347 est,
556 3280 740 3345 tardioribus,
756 3285 821 3348 etc,
876 3278 939 3333 aliie
957 3279 1077 3334 domum
1092 3278 1208 3333 Domini
1230 3280 1399 3349 ascendunt,
1424 3286 1491 3336 suut
1515 3279 1648 3336 nonnulli
1672 3281 1724 3352 qui

80 3365 120 3420 nd
147 3370 175 3419 et
197 3367 280 3438 qnasi
293 3367 441 3437 suppellex
468 3368 548 3422 varia
572 3368 608 3423 ad
624 3367 822 3423 edificandam
876 3365 1009 3439 plurimis
1032 3366 1213 3438 gravioribus
1231 3367 1354 3439 peccatis
1376 3368 1495 3435 astricti,
1519 3369 1570 3441 qui
1584 3385 1602 3423 a
1617 3370 1674 3423 lieo
1687 3369 1723 3424 ab

74 3469 94 3509 u
109 3454 223 3508 Domini
237 3454 415 3525 principibus
430 3461 545 3527 patrum
564 3457 738 3512 tribuantur.
877 3454 957 3509 omni
970 3457 1035 3509 actu
1063 3453 1176 3525 pietatis
1190 3459 1219 3509 et
1233 3455 1372 3510 castitatis
1386 3456 1520 3510 videntur
1548 3455 1675 3523 alienati,
1691 3460 1724 3510 ut

74 3544 131 3600 ulit
142 3548 242 3598 ouum.
259 3543 323 3613 (ln,
334 3542 417 3612 ibid.)
433 3544 548 3597 Diversa
557 3560 689 3598 vasorum
703 3545 821 3615 species,
875 3543 958 3599 nihili
974 3558 1089 3615 prorsus
1112 3542 1249 3598 bonitatis
1272 3549 1300 3598 et
1317 3544 1462 3615 religionis
1488 3560 1606 3616 quamn
1623 3544 1723 3599 docto-

74 3646 138 3703 sque
160 3631 198 3685 ud
220 3631 250 3685 iu
270 3632 343 3686 libro
372 3638 487 3687 eslernae
511 3632 659 3687 memoriae
687 3633 822 3703 scriptam
876 3631 956 3686 ribus
977 3635 1155 3701 acceperant,
1184 3630 1215 3686 in
1242 3631 1283 3686 eis
1302 3633 1473 3687 remansisse
1502 3633 1641 3699 videatur,
1671 3647 1724 3687 nec

74 3719 148 3776 etin
165 3735 288 3791 quorum
309 3719 403 3791 ligura
428 3725 493 3792 apte
509 3720 658 3775 subditur:
675 3723 710 3775 Et
738 3736 824 3776 curu
876 3723 999 3791 possunt
1024 3718 1151 3773 indicare
1175 3724 1273 3774 utrum
1296 3735 1330 3775 ex
1360 3720 1500 3790 lsrael,id
1517 3725 1560 3774 est
1580 3737 1612 3775 ex
1628 3724 1724 3775 sancta

74 3809 104 3875 u,
119 3813 173 3862 etc.
878 3807 1001 3862 Ecclesia
1022 3806 1129 3861 tuerint
1152 3807 1291 3877 generati,
1315 3808 1382 3879 qnia
1407 3809 1477 3862 tales
1498 3808 1641 3878 peccando
1656 3808 1724 3863 facti

74 3899 134 3959 ca.
153 3927 189 3936 —
208 3899 239 3951 Et
262 3897 305 3952 liic
326 3901 389 3953 est.
418 3897 822 3968 (ln.,ibid.)0uianovitllo·
877 3900 952 3960 siunt,
969 3895 1050 3967 quiesi
1078 3909 1228 3965 nunquam
1249 3895 1442 3965 pertinuerint
1455 3896 1490 3949 nd
1505 3895 1644 3965 Spiritum
1658 3911 1723 3948 san·

87 4000 241 4040 numerum
256 3986 421 4052 electorum,
446 3990 512 4053 etc„
529 4000 614 4055 usque
627 3987 665 4041 od
680 3991 711 4041 ut
725 3988 821 4059 prius-
877 3990 964 4050 ctum,
978 3981 1145 4053 pmuiteudo
1156 3986 1252 4037 tamen
1266 3982 1450 4053 corriguntur
1462 3987 1490 4036 et
1504 3986 1721 4048 convertuntur,

74 4074 242 4146 peniteant,
259 4090 414 4144 perennem
425 4073 576 4145 rapiantur
587 4075 622 4129 ad
641 4091 766 4144 poeuam.
876 4076 909 4127 ut
929 4086 1067 4125 numerus
1081 4085 1181 4124 eorsum
1195 4069 1271 4124 inter
1298 4086 1380 4124 reros
1403 4069 1546 4125 lsraelites
1573 4069 1722 4141 inquibus

878 4160 960 4215 dolus
970 4162 1090 4223 nonest,
1106 4157 1341 4212 conscribaturin
1351 4158 1439 4213 omlis.

315 4214 426 4269 cerm
448 4215 483 4268 ¹¹·
841 4258 864 4314 n
913 4249 995 4302 usus.
1022 4246 1212 4303 oa-nsue
1237 4248 1303 4315 aare
1326 4247 1504 4302 suecorum.
1529 4245 1619 4317 (nen,
1643 4246 1723 4308 sesua
1788 4247 1790 4255 ’

74 4357 89 4394 s.
108 4342 183 4394 1.-
209 4342 244 4394 Hi
258 4344 331 4404 suut,
348 4343 401 4394 ete.
417 4338 643 4394 ludnoescilicet
658 4354 714 4392 non
731 4339 822 4411 Baby·
879 4335 984 4391 Eadem
998 4335 1107 4390 cantela
1129 4335 1183 4389 lilii
1197 4335 1459 4406 transmigrationis
1473 4350 1542 4406 erga
1564 4333 1724 4390 sacerdotes

89 4428 132 4484 sd
146 4428 220 4483 banc
245 4428 322 4482 enim
348 4427 633 4499 pertinebantetiam
652 4428 824 4499 deceptiva
877 4429 979 4491 agunt,
1000 4439 1058 4496 qua
1079 4439 1148 4495 erga
1172 4425 1323 4495 populum.
1345 4425 1489 4481 curabant
1515 4424 1604 4487 enim,
1624 4427 1656 4477 ut
1683 4422 1724 4478 di·

74 4517 161 4588 stirpe
173 4518 204 4571 in
226 4517 382 4588 Babylonia
395 4517 455 4571 lati.
482 4518 552 4572 Toto
571 4516 822 4571 enimenimotn·
877 4513 979 4568 stincte
992 4513 1293 4585 putesceretqnivere
1308 4514 1342 4568 ad
1361 4514 1501 4584 populum
1530 4512 1616 4567 lsrael
1630 4511 1672 4565 vel
1687 4510 1724 4566 ad

93 4608 121 4660 et
144 4604 303 4659 ierusalem
329 4604 521 4675 suspirabant,
552 4620 676 4676 qiiorum
700 4603 823 4674 figuram
878 4616 970 4672 genus
983 4599 1158 4656 sacerdotale
1172 4601 1359 4672 pertinerent.
1387 4601 1437 4672 qni
1451 4606 1503 4656 aut
1528 4600 1651 4670 suspecti
1675 4603 1725 4653 aul

74 4692 129 4749 dux
157 4708 258 4747 eorum
292 4692 458 4759 zorobabel,
488 4692 538 4762 qui
563 4692 681 4747 nomine
704 4692 766 4763 ipso
793 4709 823 4747 se
876 4693 952 4744 certa
967 4689 1188 4759 proselytorum,
1215 4689 1245 4743 id
1260 4695 1311 4756 est,
1333 4690 1510 4744 advenarum
1526 4693 1621 4743 essent
1634 4687 1723 4757 stirpe

98 4779 130 4835 in
157 4779 301 4850 Babylone
328 4780 516 4845 demonstrat,
545 4780 595 4835 sed
621 4780 780 4834 intentione
795 4783 824 4833 et
876 4776 1027 4847 procreati.
1056 4776 1223 4832 Sacerdotes
1251 4793 1320 4848 ergo
1340 4782 1488 4848 susspectos
1503 4776 1539 4830 ab
1554 4775 1650 4831 altaris
1666 4790 1725 4829 mo-

87 4868 177 4923 ciuem
204 4868 372 4923 ierusalem.
390 4868 491 4923 Altiori
505 4884 591 4923 sensu
605 4867 658 4922 tilii
679 4867 820 4930 Ecclesiae,
876 4870 980 4920 verunt
992 4864 1098 4933 cilicio,
1110 4881 1198 4937 nsque
1214 4865 1282 4920 dum
1301 4866 1406 4920 certius
1428 4879 1527 4920 eorum
1541 4862 1726 4934 origoclare-

74 4959 121 5011 unt
151 4957 251 5027 patriae
273 4957 404 5026 coelestis,
421 4973 479 5012 nou
506 4957 599 5011 solum
615 4955 665 5027 qui
693 4954 823 5010 Ecclesiae
877 4959 978 5023 sceret,
1004 4953 1053 5009 sed
1081 4953 1270 5008 nibilominus
1292 4953 1324 5008 iu
1351 4953 1486 5008 societate
1513 4950 1725 5022 transmigran-

74 5043 162 5099 nenlis
179 5044 239 5114 jam
264 5048 330 5098 sunt
355 5044 469 5112 imbuti,
492 5044 540 5098 sed
567 5044 655 5099 etiarn
674 5044 723 5115 qui
742 5043 820 5106 ioris,
877 5041 960 5108 tium,
976 5042 1106 5097 unanimi
1119 5057 1216 5097 secum
1230 5056 1300 5112 pace
1315 5044 1508 5096 servaverunt.

76 5133 152 5187 inter
175 5132 280 5203 impios
294 5133 449 5204 aliqnando
472 5133 635 5187 aberrantes
652 5132 748 5187 diviua
767 5133 823 5186 ele·
912 5130 1024 5203 llystice
1040 5134 1137 5186 autem
1160 5134 1294 5201 quaerunt
1314 5129 1367 5185 lilii
1382 5128 1563 5184 sacerdotum
1584 5127 1620 5183 de
1633 5126 1725 5197 capti·

82 5224 148 5275 ante
166 5221 271 5274 saecula
289 5220 473 5291 praeordinati
487 5220 524 5275 ad
539 5220 627 5274 vitam
640 5220 744 5275 divinae
753 5236 822 5291 gra·
876 5221 962 5275 vitate
993 5219 1164 5290 Babylonica
1187 5219 1372 5274 ascendeutes
1394 5217 1567 5289 scripturam
1595 5215 1725 5287 genealo

74 5309 199 5364 ubteriis
213 5314 280 5363 sunt
293 5309 488 5364 consecrandi.
875 5307 930 5377 giee
945 5322 1015 5374 sua,
1043 5322 1096 5360 nec
1118 5306 1306 5375 invenientes,
1322 5307 1357 5360 de
1383 5304 1544 5360 sacerdotio
1567 5303 1723 5375 ejiciuntur

74 5401 170 5454 mersi
192 5403 258 5453 suut
280 5400 310 5452 iu
332 5399 497 5453 Jerusalem.
528 5396 611 5467 (Bana
638 5398 667 5450 iu
692 5396 819 5461 Esdram,
876 5411 942 5450 cum
972 5394 1097 5450 ministri
1124 5395 1221 5450 altaris
1247 5395 1278 5450 in
1298 5399 1378 5449 tanta
1400 5393 1510 5466 flagitia
1534 5393 1578 5448 vel
1601 5392 1726 5448 nefanda

74 5486 103 5554 l.)
117 5486 188 5541 Cum
200 5485 277 5541 enim
289 5486 403 5542 liberati
415 5486 450 5541 de
468 5488 607 5556 potestate
622 5484 742 5546 Satauae,
754 5488 820 5552 etc,
876 5485 1010 5555 dogmate
1034 5482 1178 5549 decidunt,
1208 5489 1241 5539 ut
1267 5484 1322 5539 etsi
1338 5483 1506 5556 penitendo
1525 5499 1563 5538 an
1603 5481 1725 5537 salutem
1775 5480 1786 5507 ‘
