3892 6106
533 289 662 348 sitisse
679 291 881 349 obnitente
900 320 935 333 -
956 291 1022 348 lie.
1043 290 1161 348 PSAU.
1675 296 1728 352 906
1815 358 1817 363 ,

94 413 237 469 malorum
262 412 420 468 insultatio.
448 413 565 486 (lituu.)
602 415 668 469 Filii
695 415 770 482 core,
797 414 864 470 ide
882 413 957 470 liunt
969 419 1047 470 terre
1071 414 1224 470 fructifera.
1258 414 1359 488 (Cass.)
1383 417 1491 473 tiorum
1506 433 1618 475 memor
1647 421 1731 476 mulis

73 503 106 558 tu
140 504 220 568 colui,
247 507 314 568 etc,
340 517 424 572 usque
450 503 488 558 od
523 503 643 559 verbnm
671 519 827 576 puerorum
882 520 940 558 non
955 504 1100 561 turbatur.
1119 506 1264 575 Propterea
1284 520 1393 561 mersor.
1410 505 1502 577 (Αοο.)
1533 508 1594 573 Qua
1619 509 1655 564 ad
1683 524 1731 566 me

72 590 170 646 eutium
185 591 320 645 Eliseum.
881 591 1134 660 turbaturanima,
1159 592 1225 648 ideo
1254 609 1363 662 memor,
1392 600 1445 650 etc.
1475 597 1564 652 Nemo
1592 598 1681 654 currit
1694 599 1731 654 ad

73 694 95 734 s.
124 682 152 733 t.
175 709 209 720 -
231 678 460 744 Quemadmodum
489 678 635 748 msiduut,
665 684 718 737 etc.
735 679 827 753 (buo.)
882 680 1089 748 remissionem,
1106 681 1224 754 nisiqui
1240 683 1296 738 sibi
1321 681 1464 754 displicet,
1491 685 1547 739 nisi
1562 686 1613 757 qui
1638 702 1668 742 se
1684 686 1731 742 la-

72 783 107 824 ec
128 770 262 823 convenit
288 768 509 835 catechumenis,
537 772 565 824 et
583 769 670 824 etiam
695 770 829 826 omnibus
881 775 959 826 tetur
985 773 1188 841 peccatorem:
1217 771 1295 843 quod
1310 777 1391 827 notat
1417 774 1609 842 Hermouttm3
1632 791 1730 835 nemo.

81 856 344 928 peregrinantibus.
882 858 1035 914 conlitetur
1049 858 1106 914 nisi
1120 875 1149 914 se
1164 859 1307 927 humiliet,
1323 860 1400 932 quod
1415 866 1554 917 notantur
1575 863 1605 917 in
1627 864 1731 920 modico

73 960 122 1001 rus.
162 946 266 1001 Cervus
302 945 382 1000 senio
425 949 568 1016 gravatus,
604 945 830 1001 excrescentibus
881 947 1011 1003 torduue‘e
1033 946 1128 1019 (Ictu.)
1154 947 1313 1004 Desceusio.
1348 948 1492 1005 Descende
1519 964 1588 1020 ergo
1612 955 1647 1007 ut
1670 951 1732 1007 ele·

73 1033 258 1098 steornibos,
282 1037 445 1103 serpentem
469 1033 588 1087 naribus
608 1032 728 1088 haurit:
752 1033 829 1089 unde
882 1035 965 1091 reris.
991 1034 1095 1108 (Cass.)
1121 1036 1154 1092 lu
1175 1037 1299 1092 Jordane
1327 1036 1463 1092 Dominus
1493 1038 1635 1110 baptisma
1661 1055 1734 1095 cou-

73 1126 238 1188 ccestuune,
262 1123 373 1177 iontem
395 1120 430 1176 ad
455 1121 611 1176 bibendum
637 1121 830 1178 ardentissimi
883 1123 1013 1191 secrevit,
1032 1123 1063 1178 in
1083 1139 1141 1195 quo
1169 1123 1315 1180 humiliati
1339 1125 1479 1193 levantur,
1507 1131 1537 1182 et
1562 1126 1636 1183 liunt
1654 1132 1732 1184 terra

74 1217 140 1277 rat;
158 1226 216 1281 quo
231 1211 345 1278 haustu,
360 1225 470 1265 cornus
488 1215 517 1265 et
530 1208 605 1283 pilos
622 1209 751 1283 deponit.
883 1212 1036 1278 fructifera,
1054 1228 1121 1285 quae
1135 1212 1228 1269 reddit
1247 1211 1373 1268 fructum
1401 1213 1589 1282 tricesimum,
1614 1231 1735 1286 sexage-

72 1314 95 1355 s.
113 1298 313 1369 ³.-18ttiuit.
336 1297 436 1370 (Aue.)
461 1298 639 1354 Determinat
656 1297 830 1353 desiderium
884 1300 990 1357 simum
1018 1304 1047 1356 et
1073 1300 1264 1356 centesimum
1296 1298 1406 1370 (ltottli.
1447 1303 1523 1373 κιο).
1554 1305 1730 1360 Hermouiim.

93 1386 288 1459 qniapoterat
302 1386 425 1458 intelligi
455 1386 617 1442 desiderare
647 1401 747 1442 cervus
765 1386 830 1440 ion·
884 1388 976 1460 (Auo.)
1003 1389 1108 1445 Parvus
1138 1405 1221 1444 mons
1244 1389 1327 1460 juxta
1363 1389 1527 1456 lordanem,
1557 1395 1623 1458 ete,
1648 1407 1734 1463 usque

73 1492 130 1531 rusa
154 1476 282 1541 bibendi,
311 1476 354 1530 sel
384 1475 515 1542 lavandi3
539 1475 585 1530 bic
608 1490 695 1530 omne
720 1474 832 1533 deside.
884 1477 922 1532 od
935 1476 1073 1549 quianon
1086 1476 1116 1532 in
1136 1477 1276 1550 superbis,
1306 1477 1356 1532 sed
1382 1477 1411 1533 in
1436 1478 1596 1536 humilibus
1624 1496 1734 1537 memor

88 1579 149 1620 esse
179 1565 212 1618 ad
240 1565 330 1618 Deum
360 1563 530 1618 ostenditur.
572 1563 686 1630 Quoudo
712 1565 828 1618 uerutum.
886 1566 936 1622 liei
950 1570 1004 1622 est.

73 1652 211 1708 citiusesl
228 1652 425 1718 Deu,tardum
452 1656 495 1706 est
523 1650 649 1706 bominis
676 1650 867 1750 desiderio.B
920 1655 1004 1709 Vsus.
1033 1657 1059 1709 8.
1084 1682 1121 1696 -
1146 1653 1270 1723 Aecum
1303 1655 1440 1726 abyssum.
1472 1655 1561 1724 (leid.)
1591 1657 1676 1712 Decet
1703 1659 1736 1709 ut

73 1757 162 1798 uiuus
177 1741 246 1796 dium
274 1740 372 1806 currit,
394 1740 503 1811 patitur
528 1739 715 1806 insultantes;
732 1739 828 1794 unde:
885 1742 939 1796 sim
955 1757 1076 1808 memor,
1091 1747 1157 1805 etc..
1173 1757 1258 1812 usque
1272 1743 1309 1798 ud
1323 1747 1351 1797 et
1366 1747 1483 1815 propter
1497 1743 1559 1798 haec
1571 1743 1668 1800 omnia
1683 1760 1735 1799 oro

73 1835 98 1886 ut
127 1831 196 1885 mibi
236 1831 361 1898 lacrymae
387 1844 451 1884 mete
479 1843 578 1898 pones.
621 1828 654 1883 ln
687 1827 831 1900 prosperis
885 1831 914 1884 in
928 1829 1063 1898 adversis,
1090 1841 1119 1885 et
1147 1831 1200 1886 hoc
1222 1835 1282 1885 est:
1311 1831 1396 1902 Apud
1435 1847 1477 1886 me
1513 1835 1610 1888 oratio.
1637 1831 1733 1904 (leid.)

73 1959 79 1985 ,
117 1935 183 1991 qtuae
210 1918 339 1988 despicit,
377 1918 450 1972 sicut
490 1917 521 1971 in
562 1916 699 1971 adversis.
733 1918 829 1987 Penes,
886 1919 935 1974 Vel
949 1919 1062 1989 alemus
1077 1919 1206 1988 abyssum
1225 1922 1343 1990 inuocat,
1367 1919 1397 1975 id
1425 1924 1477 1986 est,
1500 1919 1642 1990 judicium
1657 1921 1737 1992 quod

73 2007 158 2080 llice
173 2007 346 2075 amaritudo,
360 2006 404 2061 rel
414 2005 585 2077 peremptio,
612 2005 662 2059 sed
685 2018 779 2074 pones.
884 2006 983 2063 intulit
997 2008 1070 2063 Deus
1084 2009 1203 2078 peccati,
1219 2012 1286 2075 etc,
1316 2023 1402 2078 usque
1426 2007 1644 2080 adquiatimet
1656 2008 1736 2080 judi·

77 2112 103 2152 s.
137 2100 164 2151 5.
192 2126 227 2136 -
253 2098 314 2150 Haec
341 2095 499 2150 recordatus
534 2108 605 2148 sum.
632 2091 728 2165 (tuo.)
756 2093 830 2148 Dum
885 2095 941 2150 cia.
960 2095 1184 2151 Gutoeootorum.
1198 2097 1351 2152 Catarmue
1365 2096 1400 2152 ad
1428 2096 1552 2152 litterum
1580 2096 1735 2152 snutostia

73 2188 121 2246 int,
139 2185 192 2240 Ubi
203 2189 247 2238 est
274 2184 348 2239 [leue
362 2184 452 2238 tirus?
471 2197 524 2252 ego
539 2181 625 2237 etiam
652 2196 717 2236 sum
737 2180 829 2236 medi·
885 2182 1048 2238 fluviorum.

73 2272 228 2346 peremnia
242 2272 364 2327 visibilia
373 2272 445 2338 hoec,
465 2275 494 2326 et
505 2286 559 2341 per
582 2269 675 2341 ipsam
702 2269 830 2325 animam
919 2271 1004 2326 Vns.
1020 2273 1047 2324 9.
1063 2300 1098 2312 -
1124 2269 1228 2326 indie.
1261 2269 1354 2342 (leid.)
1383 2270 1415 2327 ld
1439 2275 1491 2338 est,
1519 2270 1550 2326 in
1573 2271 1731 2343 prosperis,

74 2404 84 2432 ,
110 2367 143 2419 nt
169 2379 220 2434 per
244 2378 277 2416 ea
304 2361 457 2427 exteriora,
485 2360 642 2415 invisibilia
672 2359 722 2414 Dei
749 2358 830 2413 inve·
884 2364 950 2427 etc,
976 2373 1061 2430 usque
1088 2358 1126 2413 od
1151 2358 1226 2413 unde
1250 2358 1424 2415 visamusin
1448 2358 1633 2415 adversitate.
1649 2359 1736 2430 Apud

84 2452 152 2507 Ecce
178 2451 337 2505 intellectus
356 2448 443 2505 tituli.
477 2447 583 2516 Effudi.
608 2445 706 2518 (Ictu.)
733 2446 777 2502 Ad
791 2446 831 2501 in·
883 2463 925 2503 me
959 2449 1057 2503 cretio.
1087 2445 1183 2518 (lbid.)
1216 2446 1313 2502 Oratio
1340 2445 1371 2502 in
1398 2445 1665 2502 conturbationibus
1692 2450 1736 2500 est

75 2540 165 2596 ndum
180 2544 209 2593 et
223 2537 425 2608 attingendum
439 2535 553 2592 dilatavi
580 2550 667 2606 super
695 2533 828 2606 seipsam.
883 2535 966 2604 mihi,
983 2540 1013 2592 et
1023 2534 1171 2607 hucepud
1185 2550 1241 2591 me.

74 2631 90 2684 t.
105 2625 268 2700 (Cres.)Vel
283 2627 396 2682 laetatue
416 2641 491 2680 eum.
522 2623 683 2696 Liqnelactu
698 2626 741 2677 est
764 2622 829 2677 ani·
919 2624 1003 2680 Vnus.
1035 2625 1078 2679 l0.
1108 2653 1143 2664 -
1166 2626 1256 2694 Quare
1283 2623 1392 2679 oblitus.
1421 2621 1521 2695 (Cass)
1544 2621 1637 2688 Quare
1656 2637 1735 2679 nuuc

74 2733 102 2773 sa
128 2717 158 2771 in
180 2731 244 2783 me;
268 2731 327 2770 nun
354 2718 445 2781 extra,
472 2712 522 2768 sed
546 2712 577 2767 in
594 2728 624 2766 se
658 2713 830 2782 compuncta
884 2729 930 2768 me
944 2711 1052 2783 pateris
1070 2711 1115 2766 his
1130 2710 1255 2766 miseriis
1276 2709 1393 2766 uexari?
1427 2709 1548 2766 Videbat
1589 2710 1734 2783 quuedul·

74 2804 140 2861 itur.
175 2805 233 2859 Etsi
258 2803 409 2858 visibiliter
434 2802 525 2856 Deum
549 2815 609 2855 non
634 2798 756 2864 videam,
778 2814 829 2853 co·
883 2801 952 2857 cedo
966 2799 1078 2872 patriae,
1093 2803 1122 2854 et
1135 2798 1263 2869 pericula
1277 2798 1379 2853 mundi
1400 2797 1545 2854 horrebat.

74 2890 481 2964 tmenqnodperllccleeiam,
510 2889 540 2944 in
563 2903 621 2960 qua
644 2886 829 2943 admirabiles
932 2886 1014 2940 Vms.
1045 2887 1087 2940 ll.
1124 2912 1160 2925 -
1185 2886 1255 2939 mm
1289 2885 1501 2953 comminuuntur
1529 2898 1600 2940 osso.
1642 2886 1736 2971 (Aue.)
1762 2931 1769 2945 .

74 2981 170 3048 uncti,
208 2981 244 3035 ad
276 2980 434 3034 Jerusalem
474 2978 619 3033 eoelestem
650 2975 865 3047 perveniemt}
885 2974 972 3041 Quasi
985 2989 1047 3029 ossa
1076 2971 1260 3043 tranguntur,
1289 2971 1358 3027 dum
1382 2973 1472 3028 virtus
1497 2972 1648 3044 patientiae
1661 2973 1736 3029 alili·

74 3088 79 3126 i
117 3070 256 3125 suavitate
283 3068 376 3124 laudis
395 3067 543 3138 angelice,
572 3081 637 3137 quae
672 3063 830 3136 suscipitur
885 3065 973 3135 gitur,
985 3060 1064 3134 quod
1078 3060 1200 3116 irrident
1214 3059 1297 3116 muli.
1326 3060 1392 3116 llsec
1421 3065 1465 3116 est
1492 3062 1673 3133 exprobratio
1688 3061 1738 3118 illa

74 3182 87 3211 ι.
102 3158 137 3214 lu
161 3158 246 3212 locum
275 3156 452 3211 tubernaculi.
482 3151 577 3225 (Aue.)
604 3150 831 3207 tubernaculum
887 3153 960 3208 Dum
973 3149 1077 3206 dicitur
1089 3148 1178 3204 mibi:
1196 3149 1248 3205 Ubi
1256 3147 1323 3204 esti
1346 3149 1392 3204 uel
1414 3148 1512 3204 nullus
1527 3152 1580 3214 est,
1595 3150 1640 3205 sel
1660 3149 1736 3206 dete

100 3248 187 3311 terra,
221 3248 287 3312 etc.,
314 3259 400 3313 usquc
421 3243 469 3309 od,
499 3241 594 3307 idest,
623 3240 658 3295 de
679 3238 831 3295 reiectione
885 3253 944 3294 non
962 3241 1052 3295 curet.

74 3349 89 3390 s
115 3332 313 3406 gaudentium.
348 3331 385 3387 Iu
409 3347 472 3387 uoce
497 3329 697 3385 exsultationis.
737 3324 831 3399 (loto.)
1187 3304 1343 3362 PSfflUS
1357 3304 1437 3362 Μ·

74 3439 145 3480 erua
165 3421 314 3477 testivitate
334 3424 416 3476 sonet
430 3419 500 3492 quid
526 3418 608 3473 dulce
635 3415 738 3472 cordi:
753 3414 832 3470 uude
921 3416 954 3471 lo
983 3416 1064 3485 tutem
1085 3413 1210 3484 psalmus
1239 3413 1338 3469 Dauid.
1364 3412 1458 3485 (Aue.)
1495 3412 1630 3485 Corporis
1659 3413 1738 3469 Chri·

75 3527 93 3568 r
118 3526 219 3567 cervus
243 3510 279 3564 ad
307 3508 399 3563 fontes
427 3522 579 3579 aquarum,
608 3510 637 3560 et
679 3504 830 3560 mulcetur.
886 3501 1088 3575 sti,quodhic
1112 3501 1200 3574 gemit
1218 3501 1294 3557 inter
1321 3501 1440 3569 zizanio,
1456 3500 1485 3557 id
1508 3507 1560 3569 est,
1589 3501 1737 3558 interme-

74 3600 130 3674 [uia
156 3598 310 3672 perstrepit
335 3596 468 3662 mundns,
492 3600 522 3651 et
547 3610 613 3650 caro
648 3597 748 3664 gram
770 3592 832 3647 aui-
887 3593 940 3659 los,
954 3590 1141 3646 babenscum
1164 3587 1205 3645 eis
1234 3590 1326 3645 mulla
1351 3588 1526 3656 communia,
1547 3589 1636 3658 nasci,
1652 3590 1738 3659 mori,

89 3702 258 3760 comparans
278 3687 340 3740 haec
365 3683 481 3738 tristitia
512 3682 568 3737 illis
597 3680 744 3753 jucundis,
772 3679 832 3733 ait:
887 3692 1025 3750 prospere
1034 3680 1063 3731 et
1080 3676 1221 3731 adversa:
1252 3691 1317 3731 cum
1344 3675 1449 3747 quibus
1468 3675 1547 3748 (quia
1573 3692 1632 3731 nun
1653 3676 1741 3733 babet

74 3793 98 3832 s.
113 3779 141 3832 6.
157 3776 290 3842 -Quure
305 3774 421 3830 tristis?
446 3770 619 3840 mulctes.)
645 3770 684 3825 De
716 3772 834 3840 pertur-
887 3780 1071 3822 communem
1105 3779 1219 3819 causam
1249 3763 1433 3834 meritorum)
1458 3765 1615 3820 exclamat:
1640 3765 1741 3821 iudico

74 3867 148 3922 libus
175 3869 276 3920 contre
306 3878 377 3935 quas
415 3861 490 3916 ratio
514 3859 668 3914 confirmat
705 3856 833 3913 animam
887 3870 939 3922 me,
954 3858 1008 3909 etc.
1039 3851 1132 3923 (leid.)
1153 3851 1282 3907 Psalmus
1310 3850 1365 3907 iste
1389 3855 1489 3907 conus
1519 3867 1676 3922 pressuras,
1704 3852 1740 3908 de

75 3955 145 4010 alem
167 3969 218 4026 spe
246 3952 308 4008 liei.
342 3954 431 4019 Quare
456 3947 627 4004 conturbus?
655 3944 749 4018 (linc.)
767 3943 833 4012 Qui,
889 3943 1001 4013 etipsce
1014 3939 1257 3995 retrahentuosu
1285 3939 1353 3994 Deo.
1376 3937 1474 4010 (Cass.)
1503 3938 1740 4010 Conqueritnrde

75 4043 187 4115 estigas,
202 4041 275 4096 nibil
289 4040 372 4095 estin
385 4038 493 4094 mundo
513 4051 603 4108 quare
631 4034 685 4090 noc
711 4033 833 4091 debeas:
889 4029 1088 4088 commistione
1102 4027 1254 4095 mulorum,
1270 4031 1299 4082 et
1321 4030 1456 4098 precatur
1469 4027 1690 4097 separationem.

96 4132 193 4204 potius
216 4131 338 4186 selutare
364 4126 525 4184 remedium
543 4125 648 4190 adbuc,
676 4127 706 4179 et
729 4121 753 4178 si
776 4137 835 4177 non
925 4121 1007 4175 Vnus.
1026 4122 1051 4175 l.
1067 4147 1100 4158 -
1123 4115 1228 4172 dodico
1254 4131 1296 4171 me
1318 4113 1412 4187 (leid.)
1440 4115 1503 4170 lion
1531 4115 1604 4189 petit
1626 4121 1741 4185 peccata

75 4221 188 4294 ,plene
215 4220 244 4274 iu
268 4219 376 4274 futuro.
402 4218 498 4287 Spera.
528 4214 626 4287 (Cuss.)
643 4212 691 4268 Vel
719 4225 835 4284 sperare
891 4225 943 4266 sua
957 4205 1071 4273 discum
1098 4205 1175 4277 quod
1202 4203 1396 4277 periculosum
1425 4208 1478 4272 est,
1507 4204 1558 4259 sed
1575 4218 1690 4260 cansam
1706 4204 1742 4260 ab

75 4308 278 4382 uquiuodliuc
300 4308 330 4362 ln
353 4305 489 4379 proesenti
512 4303 664 4374 confitebor,
686 4301 716 4356 id
734 4304 785 4368 est,
801 4300 836 4356 de
891 4295 989 4370 impiis
998 4292 1104 4368 pareri,
1133 4297 1165 4347 ut
1190 4291 1227 4347 sit
1249 4306 1315 4346 cnm
1349 4289 1466 4346 electis:
1491 4290 1568 4346 uude
1588 4289 1668 4346 addit
1683 4305 1691 4345 r
1706 4293 1742 4346 ue

75 4398 111 4456 tis
122 4397 320 4471 poeniteutiam
337 4410 431 4466 egam,
443 4396 475 4448 ut
488 4391 610 4448 tibinon
623 4388 769 4445 obsistam.
892 4386 1023 4442 discente.
1047 4383 1122 4438 Gens
1148 4396 1208 4437 non
1234 4383 1330 4434 sancta
1349 4382 1393 4434 est
1418 4376 1547 4449 iniquus,
1561 4382 1592 4434 el
1616 4377 1741 4444 dolosus,

75 4503 108 4544 ns.
123 4491 153 4542 7.
170 4485 266 4541 -Ad
288 4487 429 4554 meipsum.
451 4478 659 4537 Conversusad
688 4475 837 4533 Deumdi-
893 4472 1025 4545 aquibus
1047 4469 1199 4543 injudicio
1224 4472 1388 4540 separatur:
1412 4466 1462 4522 sed
1489 4469 1517 4522 et
1530 4465 1578 4523 hic
1601 4465 1744 4522 necbeis

87 4574 181 4647 seipso
209 4571 454 4638 conturbationes,
471 4585 505 4625 ux
531 4569 588 4624 lieo
615 4566 703 4623 linem
718 4579 837 4621 earum:
893 4563 1103 4633 corrumpatur.

78 4663 158 4720 inec
182 4661 266 4717 estei
285 4677 359 4732 spes.
384 4660 419 4715 Et
434 4660 487 4714 boc
501 4662 544 4713 est
568 4656 606 4711 od
633 4657 775 4726 meipsum,
795 4652 841 4709 sel
930 4652 1019 4707 Vsus.
1033 4650 1062 4705 2.
1077 4678 1112 4689 -
1135 4646 1223 4714 Quare
1249 4645 1339 4702 tristis
1358 4641 1478 4699 incedo?
1500 4641 1596 4715 (duo.)
1623 4642 1744 4700 Causam

75 4769 137 4828 pso.
157 4748 261 4821 (Cres.)
275 4751 345 4805 Ecce
369 4748 419 4821 qui
445 4745 575 4819 superius
604 4743 766 4816 corrigebat
777 4741 841 4798 ani·
894 4735 1144 4809 tristitiaequcerit,
1174 4749 1240 4807 qnae
1268 4736 1310 4788 eet
1337 4736 1497 4804 peccatum,
1514 4735 1547 4786 nt
1573 4730 1744 4787 causaleeti·

97 4842 134 4898 ad
163 4838 357 4896 conditionem
384 4834 521 4900 bominis,
545 4847 676 4890 reversus
712 4830 781 4888 dicit
794 4830 842 4886 bic
894 4822 1077 4896 tioejuetitia.
1092 4823 1178 4879 lsaias
1191 4823 1309 4893 propter
1331 4820 1503 4890 peccatum:
1531 4818 1666 4874 lodicum
1679 4820 1745 4889 qui-

75 4945 117 4987 um
132 4944 191 4984 ase
207 4926 328 4995 turbari,
356 4940 422 4997 quoe
436 4923 492 4979 nisi
519 4921 589 4978 vitia
616 4919 709 4976 carnis
736 4921 840 4986 esseut,
896 4914 957 4971 dem
971 4912 1132 4968 contristem·
1145 4910 1233 4971 titum,
1254 4907 1293 4961 sic
1308 4905 1385 4961 enim
1398 4904 1482 4977 punit
1492 4904 1575 4960 Deus.

75 5019 145 5075 uilla
158 5019 350 5089 permaneret.
370 5015 438 5069 Ecce
453 5029 487 5067 ex
515 5026 574 5083 qua
594 5008 757 5065 diversitete
768 5022 842 5063 con-
932 5002 1053 5056 lema.
1070 5029 1105 5039 -
1133 4998 1234 5054 Emito
1265 4995 1349 5051 locem
1377 4999 1460 5049 tuom.
1489 4992 1590 5065 lCess.)
1614 4993 1696 5063 Quia,
1711 5010 1745 5051 eu

77 5123 158 5165 omo.
173 5105 282 5172 Quasi:
309 5106 473 5176 propterea,
499 5099 529 5156 id
565 5105 618 5166 est,
648 5100 766 5169 propter
775 5110 842 5150 con·
897 5089 1040 5157 veniente,
1055 5082 1278 5143 tolleturomnis
1299 5082 1414 5137 tristitia
1441 5081 1626 5138 contusionis.
1655 5083 1747 5155 (Auo.)

75 5198 169 5254 bones
190 5194 305 5261 animer,
333 5206 433 5247 memor
457 5204 512 5245 ero.
540 5187 633 5257 (Auo.)
657 5184 689 5240 ld
722 5187 774 5250 est,
801 5182 844 5238 te·
898 5179 970 5247 Quia
984 5171 1404 5248 certijampignusbabcmus,
1419 5169 1488 5242 quis
1517 5186 1552 5226 ea
1563 5171 1637 5242 ipsa,
1648 5170 1679 5228 id
1691 5178 1746 5240 est,

76 5286 111 5343 ad
127 5282 246 5356 te,quia
273 5280 398 5337 excludis
426 5277 503 5333 mala
530 5274 637 5331 omnia.
659 5274 728 5328 Ecce
750 5285 844 5326 reme·
898 5269 949 5324 lux
981 5270 1009 5322 et
1036 5264 1150 5330 serius,
1183 5260 1362 5318 deduxerunt
1390 5276 1404 5315 a
1434 5259 1556 5331 peccetis
1593 5259 1748 5316 Ecclesiam

75 5417 82 5442 ,
97 5390 156 5448 quo
171 5372 271 5428 evadet
298 5366 533 5425 conturbationes
550 5380 557 5419 :
583 5362 660 5418 unde
673 5376 727 5433 pro
740 5358 845 5432 quibus
899 5357 1084 5430 presentem,
1101 5366 1167 5425 qum
1181 5353 1226 5406 est
1239 5349 1466 5405 tabernaculum.

76 5478 168 5530 emor,
185 5459 305 5516 subdit:
322 5454 610 5519 Deterrudordouis,
638 5450 689 5506 ubi
704 5447 844 5505 Dominus
936 5445 1019 5499 lxxa.
1035 5442 1065 5498 t.
1082 5470 1117 5481 -
1132 5442 1167 5495 Bt
1186 5438 1313 5494 introibo.
1338 5436 1418 5493 Sicut
1438 5435 1566 5509 pontifex
1596 5435 1632 5491 ed
1647 5435 1751 5492 Sancta

77 5538 636 5621 eravitbaplismum,inquuhumiliuti
657 5539 799 5604 lavantur,
816 5539 846 5592 et
902 5535 1075 5589 sauctorum.
1105 5527 1201 5598 (mss.)
1236 5529 1273 5585 Et
1295 5525 1423 5583 meretoc.
1452 5526 1494 5582 De
1519 5523 1621 5582 letitia
1658 5525 1750 5592 llnali,

174 5655 311 5721 Parnon.
337 5649 444 5718 cxlll.
1555 5635 1598 5696 29
