3892 6106
95 262 163 317 taor
442 246 637 306 watsumul
657 243 780 303 stultit
800 239 903 341 i'ULD.
924 238 1007 297 ltotl.
1027 239 1102 299 ΟΡΡ.
1123 239 1211 298 PARS
1229 241 1250 297 Ι.
1271 269 1305 281 -
1324 241 1553 301 lithotomos.

93 381 146 439 hus
161 375 333 439 philisthaeis
356 371 518 447 exponitur,
544 385 597 426 nec
610 367 730 441 angelus
753 381 807 422 nec
820 361 980 420 archan-l
1032 362 1113 418 Vuae.
1140 365 1183 419 16.
1206 390 1238 405 -
1263 363 1404 420 hircum
1426 367 1549 422 nesciuit.
1574 368 1686 439 (lirun)
1706 370 1797 437 omi
1820 372 1856 430 gp

92 471 175 544 gelus
189 468 234 524 rel
256 464 379 539 quilibet
391 460 512 518 coelestis
526 456 653 531 spiritus.
681 454 809 528 Denique
825 450 946 510 humani
998 458 1063 507 cat:
1082 450 1154 517 Quia
1170 456 1199 506 te
1227 452 1411 521 attendimus,
1438 459 1505 522 etc,
1518 470 1605 528 usque
1629 458 1670 513 ud
1684 475 1745 515 non
1760 460 1856 517 ohliri·

93 556 207 632 gancris
235 555 331 612 nullus
349 552 392 607 rel
419 549 536 606 iudeus
562 548 607 603 val
636 544 753 604 (leutitia
774 542 942 598 auxiliator:
997 544 1093 596 acatar
1116 540 1242 597 tiliorum
1268 558 1399 617 suorum,
1424 559 1462 599 ne
1489 560 1541 616 per
1567 545 1644 618 ipsos
1670 562 1784 605 nomen
1810 552 1854 607 Dei

93 643 172 700 aolus
199 645 320 716 pugnat,
342 638 420 693 sotus
443 638 569 708 superat.
597 636 735 704 Asperius
758 629 816 701 ieet.
844 630 944 701 (lirun-l
997 628 1215 701 blasphemetur
1233 629 1423 702 ingentibus.

92 731 214 804 Sanguis
240 743 321 785 meus
343 741 444 782 eorum
469 738 597 793 rancore,
625 727 692 790 etc,
712 719 848 790 usquead
863 719 944 790 cuijus
1034 717 1113 774 vens.
1138 721 1179 773 ll.
1203 749 1237 759 -
1265 719 1355 787 Quare
1377 736 1478 777 emere.
1507 721 1664 778 Peulusad
1693 722 1855 780 Corinthios

92 836 169 890 serpe
183 816 299 888 sangnis
314 831 401 887 saper
421 813 590 869 vestimenta
610 809 724 866 uictoris
738 807 908 880 aspergitur.
997 805 1180 872 scriheus,ed
1195 806 1281 863 unius
1300 807 1408 864 scilicet
1434 810 1576 881 populum
1597 811 1722 868 civitatis
1748 830 1852 885 prora·

128 909 208 964 Vens.
226 910 301 962 5.-
319 905 502 970 htnonsuit.
528 908 582 959 etc.
612 902 715 957 Unde:
737 899 833 956 Omnes
861 897 944 952 alumi
997 894 1099 950 rielale
1118 895 1311 951 habitantium
1321 898 1606 970 sanctorumscilicet
1615 905 1644 957 et
1659 906 1852 973 peccatorum,

91 1001 145 1056 mei
169 998 375 1068 dereliquerunt
395 1010 448 1062 me,
476 995 534 1048 noti
562 993 614 1047 mei
638 991 720 1061 quasi
746 988 833 1042 alieni
857 1001 943 1042 recce·
997 999 1073 1038 nunc
1088 983 1195 1052 laudat,
1211 1000 1287 1040 nuuc
1307 986 1514 1058 reprehendit:
1531 987 1571 1043 sic
1596 1005 1727 1061 presens
1742 990 1852 1062 capitu·

92 1091 272 1145 muntem:
297 1084 374 1153 (doli.
402 1082 469 1154 xrs).
495 1084 530 1138 Et
550 1082 679 1137 sctuucit.
703 1074 943 1148 hieronymusad
996 1063 1067 1138 lum,
1089 1072 1167 1143 qrrod
1200 1088 1234 1127 ex
1270 1074 1399 1129 oratione
1429 1076 1531 1147 populi
1552 1077 1643 1133 Deum
1672 1078 1853 1152 deprecantis

92 1174 286 1246 Augustinum
310 1177 339 1228 et
362 1169 500 1242 alipium,
529 1168 706 1239 impletatem
728 1163 844 1221 sabellii
859 1163 944 1219 decli·
997 1160 1170 1244 contexitur,
1195 1176 1272 1217 nunc
1302 1162 1400 1218 laudat
1424 1164 1591 1232 Dominum,
1632 1181 1711 1220 nuuc
1731 1172 1854 1236 amasai,

94 1268 206 1330 nautes,
226 1266 284 1318 tres
310 1275 446 1332 personas
467 1272 616 1329 expressas
637 1256 690 1310 suh
713 1251 942 1327 proprietatedi-
994 1250 1077 1305 iuxta
1104 1250 1259 1305 secundem
1284 1252 1414 1323 regulam
1439 1252 1560 1324 Ticonii,
1589 1271 1657 1326 quae
1672 1260 1717 1312 est
1741 1256 1779 1312 de
1792 1273 1854 1312 cor·

92 1349 277 1423 :tinguimus
293 1365 352 1404 nou
366 1347 461 1419 ipsum
486 1345 541 1401 sihi
556 1346 680 1411 Patrem,
697 1358 756 1398 uon
777 1340 872 1412 issum
888 1337 943 1394 sihi
998 1354 1068 1409 pore
1087 1339 1211 1394 Domini.

93 1439 208 1508 Filium,
225 1437 395 1510 nouipsum
419 1434 474 1491 sihi
503 1433 642 1505 Spiritum
664 1436 793 1486 sanctum
821 1444 881 1484 esse
897 1427 943 1483 di·
1034 1428 1113 1483 Vens.
1130 1429 1322 1496 lla—Quasi
1344 1432 1374 1484 in
1394 1431 1541 1500 principio.
1572 1431 1854 1505 (llrnnlhnteqaam

91 1526 269 1585 centes:sed
284 1527 371 1582 allam
392 1524 493 1589 Patris,
509 1522 594 1578 eliam
612 1519 685 1583 l'ilii.
711 1519 796 1574 aliern
821 1516 943 1588 Spiritus
998 1532 1113 1570 vocares
1129 1532 1192 1583 nos,
1208 1521 1274 1582 etc,
1291 1519 1427 1588 usquead
1453 1519 1709 1576 convocabuntur
1733 1523 1854 1592 populus

92 1614 184 1672 sancti
197 1628 351 1687 personam
366 1626 437 1667 esse.
459 1611 519 1665 Non
533 1609 609 1664 enim
630 1607 749 1663 nomina
767 1610 943 1660 tantummo·
1002 1605 1062 1673 Dei,
1078 1605 1221 1661 aChrielo
1235 1605 1344 1661 scilicet
1358 1606 1524 1662 Christiani.

92 1699 140 1764 do.
156 1701 204 1757 sed
221 1699 411 1772 proprietates
426 1697 606 1752 conlltemur.
1335 1693 1450 1750 CAPUT
1468 1694 1554 1750 cxlv,

128 1790 208 1846 Vane.
236 1795 261 1845 7.
295 1816 331 1831 -
365 1787 580 1842 hliserationum.
605 1782 710 1853 (lirun.)
746 1779 886 1852 Propheta
913 1778 943 1833 in
1035 1782 1114 1836 l'ens.
1134 1785 1159 1837 l.
1191 1809 1225 1821 -
1243 1782 1352 1837 Utinam
1366 1782 1545 1853 dirumperes.
1561 1784 1666 1852 (uren.)
1683 1787 1719 1842 In
1737 1801 1851 1858 persone

93 1893 217 1951 persona
231 1875 342 1932 iudaici
357 1874 458 1947 populi
487 1870 654 1945 paenitentis
668 1875 697 1925 et
718 1867 942 1925 misericordiam
999 1884 1061 1935 sua,
1076 1872 1141 1936 etc,
1169 1870 1307 1940 usquead
1338 1870 1407 1925 item
1429 1871 1516 1927 Darid
1537 1875 1716 1929 :inclinauit
1729 1876 1815 1941 cetos,
1829 1879 1853 1928 et

94 1965 210 2023 Domini
225 1963 465 2036 recognoscentis.
997 1956 1136 2013 descendit
1151 1957 1318 2030 (l'satmvu).

129 2055 211 2109 Vens.
228 2055 378 2111 9.-Non
403 2056 444 2109 est
473 2050 629 2107 tribulatus.
651 2047 784 2118 (lu.)Vos
810 2050 943 2118 qrraeest,
1035 2047 1116 2105 Vnus.
1137 2049 1164 2102 2.
1181 2076 1216 2086 -
1244 2048 1331 2117 aqua
1349 2048 1486 2103 arderent.
1503 2048 1695 2121 (Suniilquae
1709 2054 1852 2108 maritar-

94 2148 160 2211 elc.,
179 2157 265 2213 usquc
285 2142 322 2196 ad
344 2156 419 2195 nemo
432 2143 472 2194 est
492 2137 604 2207 adjutor
620 2137 676 2191 nisi
689 2135 803 2190 llielrcel
815 2135 944 2205 princeps
998 2134 1093 2190 duent
1105 2137 1174 2204 igni.
1190 2135 1271 2200 Quod
1287 2140 1339 2204 est,
1351 2136 1451 2207 populi
1475 2137 1577 2194 mundi
1590 2138 1853 2195 inflammarentur.

92 2235 188 2298 uetur,
205 2231 254 2301 qui
266 2232 339 2285 astat
351 2243 402 2298 pro
416 2227 482 2296 filiis
494 2225 590 2295 populi
604 2225 656 2279 mei
669 2224 750 2291 (Dan.
766 2224 805 2291 sl.
998 2212 1067 2294 igne
1081 2222 1237 2279 charitatis.
1256 2223 1355 2280 Unde:
1381 2226 1475 2292 lenem
1489 2228 1550 2281 ueni
1567 2229 1721 2282 mitterem
1744 2233 1854 2293 terrum

129 2319 298 2388 munecius.
311 2316 375 2388 (lo.)
392 2313 588 2386 Septuaginta.
606 2313 669 2367 lton
683 2313 795 2383 legatus
818 2325 870 2365 nec
883 2309 944 2382 ipse
998 2316 1024 2367 et
1038 2312 1176 2382 quiduoto
1191 2314 1247 2368 nisi
1269 2317 1300 2369 ut
1322 2313 1447 2370 ardeat?
1467 2314 1541 2383 (huc.
1572 2317 1639 2386 xri.)
1665 2320 1697 2370 et
1710 2315 1752 2371 sic
1764 2320 1856 2371 notura

95 2408 227 2480 angelus,
243 2406 292 2462 sed
307 2405 447 2461 Dominus
461 2401 578 2458 salvarit
590 2417 647 2456 eos.
1000 2400 1078 2473 pec:
1092 2417 1186 2457 nomen
1215 2407 1301 2469 tuum,
1331 2403 1410 2474 quod
1433 2407 1477 2458 est
1502 2403 1633 2460 Christus
1654 2405 1750 2473 lesus,
1766 2407 1856 2460 inimi·

128 2496 209 2553 lirae.
238 2498 282 2551 10.
296 2523 332 2536 -
355 2494 488 2563 Spiritum
516 2492 605 2547 saneti
628 2489 696 2560 ejus.
723 2487 755 2545 ld
775 2491 818 2545 est
831 2487 943 2559 ldoysi:
1000 2492 1039 2546 cia
1052 2491 1118 2556 tuis,
1132 2489 1365 2546 scilicetludasis.

96 2585 181 2653 unde,
211 2583 456 2640 Enaeerhaosrunt
481 2582 590 2652 Moysen
617 2579 779 2644 incastris,
804 2581 831 2632 et
850 2580 945 2633 Aaron
1003 2631 1010 2643 ,
1049 2578 1129 2634 Vens.
1157 2570 1248 2634 3.’-
1272 2581 1331 2636 Non
1366 2580 1569 2637 sustinebimus.
1594 2580 1652 2638 Nos
1675 2581 1784 2648 ludaei,
1809 2581 1854 2636 sed

95 2674 220 2728 sanctum
238 2669 347 2727 Domini
362 2669 445 2737 (Psoi.
474 2666 536 2737 cv.)
550 2666 599 2722 Vel
623 2665 712 2721 sancti
739 2665 811 2736 eius,
831 2664 943 2730 Christi,
1000 2666 1265 2739 blasphemabimus
1279 2667 1428 2724 dicentes:
1455 2671 1487 2724 ln
1508 2672 1636 2742 principe
1660 2670 1855 2726 daemorrmrun

93 2758 142 2816 cui
166 2758 281 2815 credere
305 2758 470 2813 noluerunt.
497 2754 584 2810 Filius
609 2754 687 2810 enim
702 2753 752 2809 Dei
766 2753 817 2826 qui
833 2769 885 2808 nos
900 2769 944 2809 re·
1001 2756 1145 2812 Beelzebub
1153 2756 1544 2829 ejicitdemouiorumlllcttlr.
1558 2757 1619 2829 ιιι).
1629 2760 1688 2813 lloc
1701 2757 1854 2814 enimdicil

97 2845 197 2913 demit,
213 2847 289 2919 ipsos
318 2846 354 2902 de
380 2847 500 2917 AEgyplo
527 2847 555 2898 et
579 2842 652 2897 mari
680 2842 777 2899 lluhro
803 2840 944 2897 liberavit.
1002 2844 1145 2916 propheta
1172 2843 1203 2898 in
1228 2860 1352 2916 persona
1378 2844 1550 2901 infidelium.
1575 2847 1757 2904 Descendisti.
1785 2848 1854 2902 Tan·

92 2936 232 3008 Spiritum
254 2939 388 2999 sanctum,
418 2933 473 3001 rel,
495 2933 585 2989 :ceroti
603 2932 671 3003 ejus.
695 2931 817 2996 Quidam
834 2929 946 2985 codices
962 2939 982 2995 c
1001 2949 1088 3005 quarn
1104 2932 1235 3006 precihus
1246 2933 1562 3006 suisexeuditieinquit
1577 2951 1584 2990 :
1599 2935 1783 3003 Descendisti,
1801 2941 1850 2991 eta

93 3023 328 3088 hahent‚scilicel
353 3021 492 3093 Spiritum
515 3024 656 3085 sanctum,
673 3035 760 3092 quem
786 3019 944 3086 contristat,
1000 3021 1116 3077 Montes.
1155 3021 1266 3077 Amisso
1308 3021 1457 3094 potentia:
1487 3024 1566 3081 Nunc
1606 3026 1736 3094 princeps
1773 3024 1851 3093 liujus

93 3113 146 3185 qrri
178 3111 272 3168 uirum
299 3110 478 3184 spiritualem
505 3107 672 3164 contristat:
702 3107 788 3169 unde,
819 3109 874 3175 Qui
899 3122 945 3164 uos
998 3109 1095 3165 mundi
1108 3111 1231 3181 ejicietur
1253 3113 1330 3176 sorus
1353 3110 1442 3182 (tucn.
1466 3111 1527 3184 ιιι).
1544 3113 1578 3167 Et
1602 3112 1710 3169 tudaeie
1724 3112 1849 3168 dicitur:

95 3203 195 3272 tangit,
212 3203 292 3272 quasi
312 3201 465 3271 quitanpit
487 3198 622 3268 pupilium
638 3197 780 3253 coulimei.
798 3196 885 3268 (zuei.
902 3200 945 3263 ιι.)
999 3202 1183 3266 Aufereturu
1202 3199 1277 3256 oudr's
1303 3215 1416 3268 repnum
1443 3201 1494 3255 Dei
1522 3200 1633 3272 (hlatth.
1661 3201 1729 3272 xrs),
1747 3200 1851 3257 scilicet

95 3291 155 3361 Vel,
168 3292 305 3363 angelum
318 3288 517 3346 incustodiam
533 3286 663 3355 missum,
685 3303 770 3360 quem
786 3288 946 3359 saepemalc
1000 3287 1257 3360 senctaScriptura
1273 3291 1303 3343 et
1319 3288 1414 3344 omnis
1432 3287 1535 3360 gloria,
1551 3288 1689 3344 etomnie
1716 3288 1848 3361 dignitas.

94 3378 227 3435 iecieudo
241 3379 430 3435 offenderunt.
1034 3378 1114 3434 Vens.
1131 3377 1159 3431 4.
1188 3407 1223 3417 -
1244 3381 1266 3434 A
1290 3378 1395 3434 seculo.
1412 3377 1483 3432 ilinc
1511 3377 1618 3433 Paulus
1640 3378 1678 3434 ad
1692 3378 1849 3435 corinthios

135 3467 216 3522 vaae.
244 3469 286 3521 11.
303 3493 338 3506 -·
353 3466 452 3536 llopsi.
471 3463 544 3528 Quia
570 3477 629 3519 uon
650 3466 693 3518 est
719 3462 791 3517 elius
813 3462 863 3534 qui
884 3467 948 3519 oret
1001 3465 1200 3522 testimouium
1218 3465 1317 3531 sumit,
1339 3482 1399 3521 non
1412 3465 1532 3521 rerhum
1546 3481 1582 3522 ex
1595 3465 1695 3536 verho,
1723 3465 1775 3522 sed
1788 3482 1850 3522 sen·

93 3553 215 3627 procia.
233 3555 348 3617 Uhiest,
370 3557 423 3610 etc.
440 3551 583 3623 Propheta
609 3550 947 3623 ridenspopuliauieh·
999 3570 1064 3609 sum
1093 3553 1266 3627 exprimens.
1297 3553 1407 3611 Oculus.
1430 3554 1504 3619 Quia
1522 3570 1582 3611 non
1609 3560 1655 3611 est
1682 3570 1790 3628 corpus
1811 3553 1848 3609 rel

90 3642 259 3716 jectionem,
271 3641 416 3698 miseriam
429 3645 458 3696 et
472 3640 655 3696 affiictionem
671 3640 732 3710 jem
747 3639 946 3697 imminentem
999 3644 1088 3700 color.
1115 3642 1195 3708 Quod
1216 3643 1376 3715 Aposla'usi
1395 3643 1480 3715 ponit
1505 3644 1536 3700 in
1562 3660 1613 3700 cor
1644 3644 1776 3700 hominis
1796 3659 1847 3699 uon

93 3735 215 3804 propter
229 3729 294 3787 Filii
309 3729 361 3786 Dei
386 3729 582 3802 negationem,
599 3728 778 3785 condolendo
797 3729 945 3797 exclamat,
1000 3731 1138 3800 escendit,
1155 3730 1223 3802 quia
1235 3731 1337 3802 mnus,
1351 3746 1381 3786 as
1394 3747 1445 3788 cor
1458 3731 1543 3797 dehet
1556 3732 1625 3788 illuc
1648 3731 1747 3804 dirigi.
1773 3734 1848 3790 Para·

72 3816 212 3876 dicens:
231 3820 282 3875 Uhi
295 3817 710 3890 estiquasidicattclenrcnlia
722 3817 944 3889 Omnipotentis.
1000 3820 1129 3875 vitenim
1141 3821 1266 3892 seipsum
1280 3819 1475 3891 cognitionem
1498 3821 1553 3889 sui,
1569 3821 1770 3893 cognitionem
1787 3838 1846 3876 san-

96 3906 150 3964 liii
162 3910 202 3962 est
215 3907 264 3977 qni
271 3905 386 3976 posuit?
401 3904 489 3976 Moysi
502 3904 620 3974 scilicet,
635 3903 703 3976 quia
717 3908 819 3959 orante
841 3903 945 3975 heyse,

94 3994 306 4051 tulilDaminue
316 3993 351 4048 de
363 3992 466 4065 spiritu
478 3993 539 4064 ejus
549 3999 579 4048 et
592 3991 857 4065 deditsapluaginta
866 3991 944 4047 viria.

126 4084 211 4138 Vens.
233 4084 274 4138 li.
299 4109 334 4121 -
363 4080 418 4146 Qui
441 4079 523 4136 scidit
548 4095 635 4151 aquas
649 4085 778 4136 cnteeos.
802 4080 852 4135 Vel
872 4079 946 4134 dici-

95 4174 151 4227 tur.
168 4170 240 4227 Cum
255 4169 363 4241 ldopses
389 4184 468 4223 mare
489 4167 682 4239 percussisset,
706 4173 735 4224 et
745 4169 777 4223 in
795 4167 945 4223 duodecim

95 4256 155 4312 rias
169 4256 335 4313 scidissetet
345 4255 408 4311 aliis
425 4256 631 4324 tentantibus,
639 4254 807 4311 trihusiuda
818 4255 945 4328 ingressa

96 4349 150 4413 est,
166 4348 195 4401 el
204 4344 241 4400 oh
255 4344 310 4400 hoc
324 4343 406 4415 regni
419 4343 591 4415 dignitatem
613 4344 716 4417 adepte
725 4348 778 4400 est

125 4432 210 4488 Vsas.
236 4436 276 4487 l's.
293 4461 328 4475 -
356 4434 477 4502 Spiritus
506 4434 622 4489 Domini.
652 4432 790 4504 Angelus,
817 4432 945 4500 scilicet:

96 4519 188 4576 unde:
215 4523 251 4577 lit
285 4521 417 4591 precedet
446 4526 470 4576 te
499 4522 611 4589 assuetas
639 4536 712 4576 mnu
742 4521 840 4591 (Decri
878 4522 944 4593 xiv).

94 4608 217 4680 Spiritus
231 4608 321 4674 enim,
337 4613 447 4663 naturae
461 4624 568 4664 nomen
578 4612 630 4674 est,
645 4608 764 4678 augelus
777 4609 874 4664 olticii.

133 4697 217 4754 Vens.
238 4699 280 4753 ts.
295 4724 332 4739 -
345 4696 464 4752 Attendc
476 4697 510 4751 de
523 4698 585 4753 coeta
599 4702 625 4752 et
638 4697 713 4753 uide.
733 4697 871 4752 Dominus
888 4697 948 4753 uhi·

97 4799 155 4855 que
174 4789 249 4840 lotus
261 4789 289 4840 et
305 4800 418 4859 semper
437 4790 491 4852 est,
506 4786 598 4841 unde:
615 4786 714 4844 Gutum
737 4790 762 4841 et
788 4791 947 4855 terramepo

96 4873 193 4943 impleo
217 4872 282 4943 (ier.
305 4878 393 4941 nuris).
419 4874 526 4930 Dicitur
559 4880 655 4931 tamen
679 4875 775 4931 sedem
797 4874 947 4930 haherein

95 4962 177 5031 culo,
201 4961 360 5018 secundum
401 4962 494 5018 illud:
528 4964 632 5018 Gutum
666 4965 735 5019 milri
772 4962 848 5019 sedes
880 4965 945 5031 (isc.

95 5050 179 5120 ιιιι),
196 5049 267 5121 quia
283 5049 392 5105 scilicet
406 5050 437 5106 in
460 5051 622 5107 coelealihus
645 5052 754 5122 augelis
780 5055 809 5107 et
822 5050 947 5107 homini-

95 5136 149 5193 hus
158 5136 245 5209 justis
263 5141 396 5209 (quorum
423 5138 530 5194 scilicet
555 5139 732 5195 conversatio
750 5145 793 5195 est
815 5139 947 5209 incaelis)

95 5226 158 5295 eina
178 5224 310 5281 voluutas
331 5227 475 5299 praecipue
500 5227 543 5283 tu.
577 5229 628 5284 D'hi
649 5232 689 5283 est
717 5230 789 5283 :elus
804 5234 877 5295 tuus,
893 5234 945 5286 etc.

97 5311 185 5376 Duasi
211 5312 304 5370 dicat:
329 5315 402 5381 Duia
435 5316 624 5389 peccavimus,
650 5320 680 5371 et
704 5333 757 5372 nos
785 5318 879 5374 odisse
893 5334 947 5373 coe·

98 5398 178 5470 pisti,
194 5402 311 5456 recessit
325 5405 405 5459 :elus
417 5408 504 5460 tuus:
519 5421 578 5476 quo
590 5404 741 5461 recedente
765 5405 881 5461 recessit
890 5405 947 5460 ior·

97 5487 202 5552 titudo,
220 5493 249 5543 et
271 5496 454 5561 paternorum
481 5493 623 5550 viscerum
646 5499 798 5566 superatur
820 5495 945 5550 allectus.

999 3914 1052 3965 ctas
1075 3908 1235 3976 'trinitatis;
1262 3910 1364 3966 unde:
1391 3910 1460 3966 Haec
1485 3914 1525 3965 est
1539 3912 1598 3965 cito
1623 3911 1794 3975 uteremini
1806 3925 1847 3964 co-

999 4001 1130 4069 pnoscant
1140 4003 1164 4053 te
1177 4013 1269 4053 ouum
1285 4001 1371 4054 Deum
1385 4003 1411 4053 et
1425 4013 1503 4068 quem
1526 4000 1630 4054 misisti
1647 3999 1748 4054 :team
1772 3999 1846 4055 ciri-

999 4087 1177 4149 ttumlloon.
1202 4089 1278 4153 xvu).
1310 4087 1392 4142 Hunc
1419 4102 1505 4141 nemo
1533 4090 1630 4158 potest
1664 4086 1731 4141 ride
1751 4085 1846 4155 ;nnde

1001 4175 1087 4231 illud:
1099 4179 1181 4231 mum
1193 4192 1269 4230 neum
1282 4175 1355 4231 citit
1365 4191 1504 4248 nungrecm
1514 4175 1603 4245 (John.
1620 4175 1653 4246 ι).

1037 4265 1117 4320 Vens.
1129 4267 1156 4318 ὅ.
1168 4290 1205 4304 -
1218 4266 1286 4319 Ecce
1295 4268 1335 4331 tu,
1351 4269 1405 4319 etc.
1418 4264 1449 4319 lu
1460 4278 1583 4336 persona
1598 4262 1726 4320 infidelis
1741 4261 1847 4336 populi,

1001 4349 1052 4422 qui
1066 4351 1164 4405 volens
1175 4349 1297 4405 transire
1310 4350 1348 4405 ad
1369 4350 1520 4406 ventatem
1536 4349 1694 4422 Evangelii,
1709 4350 1848 4422 poeniten

1001 4439 1071 4494 tiam
1086 4437 1259 4510 preelerehet
1280 4455 1340 4506 ore,
1355 4454 1443 4512 quam
1456 4453 1515 4495 non
1528 4437 1653 4495 hahebat
1666 4438 1697 4494 in
1706 4439 1803 4494 corde.

1039 4529 1118 4584 vens.
1135 4534 1161 4582 s.
1172 4555 1210 4569 -
1224 4530 1407 4595 dimetrum,
1433 4531 1487 4583 etc
1503 4528 1583 4583 hene
1610 4527 1761 4594 llehraice,
1776 4527 1849 4584 uana

1003 4615 1120 4684 Latine;
1146 4615 1220 4671 unde
1248 4619 1432 4671 menstruatae
1457 4630 1522 4687 qnae
1548 4613 1673 4686 singulis
1707 4614 1849 4670 mensibus

1001 4705 1093 4759 solent
1107 4703 1256 4774 sauguinis
1284 4704 1394 4759 lluxum
1422 4703 1574 4759 sustinere.
1603 4703 1639 4757 Et
1651 4706 1722 4757 tunc
1736 4701 1793 4756 riri
1805 4699 1849 4756 eh

1001 4793 1107 4848 stiuere
1121 4792 1227 4848 dehent
1240 4793 1277 4848 ah
1291 4792 1344 4849 cis.
1362 4792 1441 4847 l'unc
1456 4792 1534 4848 enim
1548 4788 1754 4860 concipiantur
1767 4807 1850 4846 meas-

1001 4880 1060 4938 hcie
1074 4879 1213 4947 damuati,
1239 4879 1317 4948 caeci,
1343 4879 1448 4945 claudi,
1474 4877 1582 4951 leprosi
1607 4881 1638 4933 et
1660 4877 1849 4949 hujusmodi:

1003 4971 1034 5023 ut
1059 4966 1127 5038 quia
1146 4970 1282 5038 parentes
1307 4982 1365 5023 non
1389 4966 1569 5023 erubuerunt
1592 4964 1709 5021 misceri
1736 4965 1768 5021 in
1788 4981 1849 5021 con·

1001 5055 1083 5118 clavi,
1100 5070 1200 5111 eorum
1230 5061 1347 5127 peccata
1373 5059 1490 5127 pateant
1512 5054 1632 5122 cunctis,
1656 5058 1688 5109 et
1701 5059 1851 5125 opertere-

1002 5141 1181 5214 dargnantar
1202 5143 1233 5198 in
1254 5143 1390 5215 parvulis.
1416 5144 1527 5198 Ventus.
1544 5141 1707 5198 commotio
1725 5143 1812 5211 aeris,
1824 5147 1851 5196 at

1001 5230 1053 5299 ihi,
1082 5232 1231 5302 Imperavit
1253 5234 1340 5287 uentis
1365 5237 1391 5286 et
1416 5233 1489 5286 muri
1502 5232 1612 5300 (llctth.
1640 5235 1714 5298 rrrr).
1727 5232 1777 5287 Vel
1791 5232 1851 5302 Spi-

1001 5320 1074 5374 ritus
1088 5326 1224 5374 sanctus:
1249 5319 1429 5375 aduenientis
1451 5319 1573 5390 Spiritus
1587 5320 1753 5375 uehementis
1781 5320 1849 5389 (Act.

1003 5405 1033 5478 ι).
1062 5405 1111 5460 llic
1136 5405 1214 5461 enim
1234 5406 1357 5478 Spiritus
1382 5423 1437 5477 pro
1455 5410 1541 5463 rento
1567 5406 1689 5478 ponitur
1711 5407 1851 5479 signitica-

1002 5495 1082 5550 tione
1096 5495 1219 5567 Spiritus
1231 5495 1332 5552 anch.
1349 5496 1410 5564 Vel,
1424 5495 1547 5551 mentio
1568 5495 1739 5552 darmoaum
1753 5504 1784 5551 ct
1796 5513 1849 5551 ma·
