3892 6106
93 238 144 291 nun
404 235 602 291 watarsstnl
621 236 746 292 statut
765 236 864 291 tntu.
886 234 968 292 ιιΟΝ.
993 232 1069 290 ΟΡΡ.
1091 234 1181 289 PARS
1200 236 1222 291 l.
1241 264 1277 275 -
1297 234 1534 295 Tflnotuulca.
1795 244 1845 299 ’abb

91 358 185 429 gloria
200 358 347 430 quondam
371 356 468 413 saculi
482 356 603 412 sublime
632 361 661 411 et
684 357 820 413 candidos
849 356 941 412 secari
956 357 981 411 A
998 360 1073 423 rant,
1088 356 1164 412 tabis
1178 363 1366 428 personantes
1379 361 1409 414 et
1426 358 1490 431 eor}
1498 360 1601 432 populi
1623 346 1845 421 ad'saeviuun

92 446 233 501 sermonis
248 446 309 517 liei,
337 446 372 501 de
396 450 472 500 statu
500 445 602 516 primae
614 444 839 501 conversationis
868 445 942 515 deji·
995 459 1128 515 supernae
1151 446 1244 502 laudis
1281 448 1485 516 accendentes;
1511 450 1617 506 Levita
1644 451 1678 507 in
1714 453 1846 522 cymbalis

93 535 182 604 ciunt,
194 540 226 590 ut
240 534 395 590 salubriter
406 538 573 605 prostratos,
599 541 628 588 et
653 535 735 606 quasi
757 534 793 590 ab
819 534 942 589 humore
995 529 1069 585 bene
1084 533 1254 588 sonantibus
1269 534 1392 605 hymnos
1401 535 1522 590 Domino
1537 536 1727 593 concinentes
1738 536 1846 609 ;[popn·

17 616 20 621 ’
93 624 257 694 corruptivo
285 623 406 694 ingeniti
427 638 527 677 seusus
552 627 693 688 excoctos,
710 624 745 679 ab
769 623 942 678 omnivitio·
995 619 1040 673 lus
1053 623 1200 676 communi
1213 623 1339 678 clamore
1356 624 1448 679 iteum
1469 624 1628 699 laudando,
1637 626 1775 683 effectum
1786 644 1846 684 aar·

93 728 158 766 rum
175 711 344 766 tortitudine
358 711 513 782 corrigant,
529 715 558 765 et
573 710 602 764 iu
613 715 746 765 ornatum
762 714 804 766 vel
819 711 849 765 iu
875 727 942 765 mu·
996 709 1039 764 dis
1051 711 1215 767 osteudens.

94 800 256 855 nimentum
270 800 402 854 Ecclesiae
417 799 543 868 exigunt.
563 800 642 855 Unde
657 799 688 853 in
707 800 819 870 psalmo
833 800 882 870 qui
895 799 941 854 in·
1030 799 1114 854 tans.
1136 804 1179 856 ll.
1190 831 1224 841 -
1240 803 1281 857 Ει
1295 803 1471 858 concinebant
1484 805 1514 858 in
1539 805 1659 873 taqmnie.
1678 803 1844 877 lu'organis,

93 887 227 943 scribitur
241 887 272 941 iu
287 888 535 943 consummatione
549 887 740 943 tabernaculi:
761 890 820 944 Vae
833 889 943 943 Domini
995 885 1103 943 scilicet
1118 905 1183 960 quae
1197 889 1259 961 ipsc
1272 890 1350 954 lecit,
1362 891 1407 946 vel
1423 892 1540 963 psalmis
1555 909 1629 964 quos
1652 894 1790 960 institnit,
1804 896 1845 951 sel

93 979 289 1043 confringentis
299 976 392 1030 cedros
407 978 490 1046 (Psoi.
507 993 547 1046 11).
995 975 1064 1045 quia
1080 978 1167 1032 David
1194 978 1225 1032 iu
1249 979 1435 1035 collocatione
1457 998 1530 1037 arce
1551 982 1717 1055 principem
1732 982 1799 1038 lecit
1811 982 1845 1039 ed

127 1064 248 1120 Sidoniis
268 1064 422 1133 Tyriisque.
435 1064 444 1135 (
455 1066 537 1128 bane,
553 1065 635 1136 ibid.)
659 1065 883 1139 ltantprincipes
893 1081 942 1135 pa·
995 1063 1190 1121 confitendum
1207 1067 1340 1134 Domino,
1357 1068 1451 1142 bsaph
1465 1075 1494 1124 ιι
1505 1071 1608 1125 iratres
1621 1072 1694 1143 ejus,
1712 1077 1747 1126 ut
1759 1072 1847 1127 Verba

92 1159 181 1219 uum,
196 1158 269 1218 etc..
281 1154 410 1223 usquead
420 1153 658 1225 quiapressuram
668 1154 940 1216 inmundobabeut,
996 1150 1112 1207 literam
1137 1159 1288 1220 testantur,
1318 1156 1352 1210 de
1368 1174 1426 1228 quo
1441 1172 1555 1212 rursum
1572 1158 1699 1215 dicitur:
1715 1159 1847 1231 quintilli

93 1242 225 1313 quamuis
238 1241 427 1307 confidentes,
441 1242 511 1313 quia
534 1242 672 1296 Dominus
695 1242 761 1297 vicit
787 1242 940 1298 mundum.
996 1241 1126 1311 ejussuh
1148 1258 1236 1296 manu
1265 1242 1355 1314 ipsius
1379 1250 1462 1300 eraut
1487 1246 1695 1317 prophetantes
1706 1247 1847 1319 juxtars·

129 1332 163 1384 ιιι
178 1329 315 1396 deferrent
330 1330 415 1398 liqna.
429 1330 495 1398 (ln,
515 1330 594 1398 ibid.)
611 1330 745 1384 [leserunt
760 1330 837 1401 ligna
848 1331 942 1386 excisa
995 1343 1061 1398 gem
1077 1328 1103 1399 (l
1114 1331 1207 1386 Perat.
1224 1347 1267 1397 av,
1294 1333 1362 1404 xvi).
1386 1334 1485 1389 lderito
1506 1334 1554 1389 hic
1576 1351 1644 1390 cum
1671 1335 1728 1391 filii
1754 1336 1847 1408 Asaph

91 1417 225 1484 lamere,
243 1425 310 1485 etc,
326 1432 412 1487 usque
440 1419 478 1473 ad
500 1423 528 1472 ιι
552 1434 605 1489 per
620 1419 882 1474 reconciliationem
896 1435 941 1474 sa·
996 1416 1734 1495 laudarentetconfiterenturllominoper-manum
1749 1426 1846 1494 David,

92 1505 241 1562 cordatum
259 1505 389 1560 Ecclesiae
404 1521 606 1578 aggregamur.
991 1505 1076 1575 juxta
1091 1505 1309 1579 dispositionem
1324 1510 1386 1580 ejas
1405 1511 1564 1567 boclecisse
1572 1511 1757 1585 intelllgendi
1770 1521 1845 1570 sunt.

127 1597 207 1664 topp.
234 1594 435 1649 Undescilieet
466 1611 518 1665 per
545 1599 651 1648 terram
678 1594 712 1648 ad
742 1611 815 1665 apris
839 1595 942 1666 templi
1031 1594 1114 1648 Vaas.
1142 1597 1187 1648 ιι.
1207 1624 1242 1635 -
1257 1597 1370 1651 Flebant
1399 1597 1495 1669 (Bina,
1525 1598 1573 1653 ubi
1602 1598 1713 1671 supra),
1742 1600 1848 1657 scilicet

93 1681 285 1751 deterrentur,
301 1681 374 1737 sicut
387 1680 417 1736 in
432 1683 526 1754 prima
540 1682 640 1752 templi
664 1687 807 1737 structura
835 1683 942 1739 iactum
995 1685 1144 1738 cernentes
1169 1688 1308 1753 quantam
1326 1687 1461 1756 pauperis
1483 1686 1560 1741 illias
1585 1689 1727 1759 temporis
1751 1705 1848 1745 ama-

92 1776 145 1838 ιιι,
163 1773 210 1828 scd
235 1773 370 1828 Salomon
394 1772 484 1842 regali
507 1771 636 1843 potentia
650 1789 665 1826 a
680 1787 748 1842 rege
761 1772 861 1828 iliram
876 1789 941 1845 quae
995 1768 1100 1840 gnifica
1112 1771 1259 1841 quondam
1274 1773 1434 1829 Salomonis
1446 1776 1585 1846 potentie,
1601 1791 1661 1848 qua
1679 1777 1764 1849 prins
1777 1782 1847 1833 tem·

91 1861 192 1929 voluit,
220 1861 303 1916 facila
329 1860 469 1916 obtinuit:
492 1861 633 1916 hiantem
659 1861 694 1916 de
719 1861 880 1932 captivitate
892 1878 940 1917 re·
995 1856 1244 1928 plumtuudatum
1261 1867 1313 1927 est,
1330 1861 1458 1930 distaret,
1488 1867 1552 1931 etc,
1576 1879 1661 1934 usque
1686 1864 1729 1920 ad
1750 1865 1784 1920 la
1806 1881 1847 1920 se·

92 1946 214 2002 deantes
241 1952 271 2002 et
289 1947 372 2019 regni
398 1949 558 2018 potentiam
584 1964 641 2003 non
674 1947 814 2003 habentes
831 1951 942 2020 :cuncta
996 1945 1089 2000 cunda
1115 1946 1242 2003 Christus
1269 1954 1298 2004 ιι
1311 1950 1432 2020 apostoli
1447 1950 1571 2022 gratiam
1586 1951 1658 2007 Novi
1671 1952 1847 2009 Testamenti

92 2035 236 2091 emebant.
995 2038 1024 2088 et
1033 2035 1116 2105 regni
1126 2036 1248 2090 coelesiis
1262 2037 1412 2091 introitum
1428 2039 1572 2094 nuntiant.

127 2128 210 2179 Anno
231 2127 330 2179 autem.
347 2124 442 2195 (baua,
458 2126 506 2179 ubi
515 2127 623 2195 supra)
640 2126 712 2182 Cum
724 2142 811 2198 supra
830 2127 942 2183 dicatur
1031 2123 1094 2194 (ln,
1114 2123 1195 2194 ibid.)
1211 2123 1330 2179 Flebant
1343 2124 1575 2181 inedillcatione
1589 2126 1693 2198 templi
1708 2127 1845 2199 spiritua·

92 2212 305 2283 quodseptiuio
334 2229 433 2268 mense
462 2214 654 2270 venerantia
679 2216 849 2281 Jerusalem,
873 2220 940 2282 etc,
995 2210 1041 2282 Ιίε,
1061 2218 1127 2279 etta,
1155 2228 1240 2282 usque
1263 2212 1301 2268 ad
1325 2228 1377 2266 nec
1399 2213 1476 2268 iuter
1494 2219 1650 2286 augmenta
1664 2215 1783 2287 piorum
1799 2217 1846 2272 de·

92 2315 177 2370 usque
195 2301 233 2355 ad
250 2306 300 2355 aut
318 2302 556 2357 resurrectionem
571 2318 726 2373 corporum
751 2318 839 2372 quam
867 2302 942 2357 bene
995 2304 1061 2354 sunt
1090 2303 1268 2355 tentamenta
1301 2315 1469 2370 pravorum,
1502 2300 1552 2372 qai
1577 2301 1623 2356 vel
1647 2300 1761 2357 bouum
1784 2303 1847 2358 flete

93 2393 245 2459 operantes
259 2405 420 2460 speramus,
434 2390 594 2446 denuntiat.
996 2388 1186 2454 ostendendo,
1202 2389 1246 2443 vel
1275 2393 1374 2460 aperte
1401 2389 1510 2443 malum
1533 2389 1705 2460 ingerendo,
1735 2396 1847 2446 ιιιιιιιι

129 2478 216 2534 Vsus.
233 2480 260 2533 8.
275 2507 310 2519 -
330 2481 363 2534 la
381 2480 538 2535 Jerusalem.
565 2480 671 2534 Locum
696 2478 804 2533 scilicet
838 2479 942 2551 templi
995 2477 1100 2532 laedere
1117 2480 1266 2532 conentur.

93 2582 151 2638 quo
166 2567 307 2638 templum
333 2566 475 2622 aedilicare
499 2567 662 2639 cupiebant.
693 2568 840 2623 Falluntur
863 2568 942 2623 cuim
1334 2545 1507 2602 CAPUTIV·

92 2655 182 2709 tadaei
198 2655 248 2726 qui
258 2655 358 2711 dicunt
381 2671 528 2728 nunqnam
550 2655 676 2728 parietes
687 2657 800 2726 templi,
825 2655 874 2711 sed
891 2672 941 2710 so·
1031 2651 1112 2706 Vsus.
1131 2655 1141 2707 l
1161 2683 1195 2692 -
1208 2651 1367 2708 Audierunt
1390 2659 1483 2710 autem
1498 2655 1584 2710 bostes
1605 2655 1692 2711 Juda
1705 2664 1732 2711 et
1745 2659 1846 2728 benia-

93 2742 153 2797 lam
169 2748 276 2798 tectum
291 2761 307 2797 a
322 2743 462 2800 Chaldaeis
487 2743 576 2799 inisse
593 2744 770 2811 subversum,
800 2761 866 2799 cam
891 2761 941 2816 pa·
995 2741 1062 2808 min,
1080 2744 1132 2795 etc.
1158 2741 1236 2812 (Bru.
1252 2741 1282 2796 in
1303 2741 1392 2811 Esdr.)
1409 2742 1521 2798 'Hostes
1543 2742 1624 2798 tuda
1640 2749 1669 2798 ιι
1696 2744 1846 2816 benjamin

94 2835 153 2887 teat
167 2832 286 2887 Esdram
300 2832 394 2887 lilium
406 2831 667 2903 transmigrationis
686 2833 827 2904 templum
841 2833 940 2888 iecisse
995 2828 1149 2885 Samarites
1164 2830 1242 2896 dicit,
1258 2834 1323 2898 etc,
1352 2846 1438 2902 usque
1464 2832 1503 2887 ad
1518 2832 1618 2904 quiad
1635 2832 1786 2890 dexteram
1799 2835 1845 2908 ju·

93 2920 328 2975 aiundamentis.
956 2927 977 2984 c
996 2917 1067 2980 dicis
1080 2918 1309 2974 benedictionem
1324 2923 1352 2974 et
1374 2934 1496 2991 reguum
1512 2925 1654 2976 eternum
1681 2923 1845 2995 percepturi

128 3012 264 3065 literanis
288 3011 346 3079 qui.
362 3010 463 3082 ldagna
475 3010 587 3066 devotio
601 3009 689 3065 totius
704 3009 811 3082 populi.
832 3010 944 3067 Gaude·
997 3011 1071 3062 suut.
1089 3007 1193 3062 Dicunt
1206 3023 1295 3079 ergo:

93 3097 163 3153 baut
187 3097 265 3153 enim
289 3115 318 3153 se
341 3098 376 3152 de
405 3099 566 3171 captivitate
587 3099 716 3167 rediisse,
749 3104 777 3153 et
801 3104 943 3170 quantum
1031 3096 1153 3150 vensi.
1168 3126 1202 3136 -
1221 3097 1393 3166 AEditlcemua
1417 3097 1504 3164 vobis,
1520 3097 1583 3169 (lo.,
1608 3099 1693 3169 ibid.)
1711 3099 1785 3156 Cam
1804 3101 1844 3156 ιι-

94 3186 225 3257 ιιιριιιιιι
238 3186 358 3243 civitatis
370 3188 480 3258 ilagitia
498 3188 667 3254 horrebant,
682 3192 794 3242 tantum
822 3189 941 3243 Jerusa-
994 3183 1101 3239 lectam
1123 3184 1249 3239 haeretici
1266 3185 1464 3241 auctoritatem
1480 3186 1533 3241 sibi
1562 3187 1742 3258 praedicandi
1771 3189 1845 3244 iuter

95 3274 260 3329 lemvidera
284 3275 438 3346 cupiebant
464 3276 621 3331 decoram:
646 3282 786 3347 quantum
802 3276 869 3330 iana
890 3276 940 3331 ab·
995 3274 1147 3329 catholicos
1164 3273 1262 3341 tribui,
1289 3279 1356 3341 etc,
1383 3274 1522 3344 usquead
1549 3274 1580 3329 in
1601 3274 1694 3346 aperti
1721 3289 1843 3347 persona

95 3363 306 3428 ominabantar,
324 3368 437 3418 mutum
448 3365 588 3434 templum
604 3365 655 3419 Dei
670 3365 824 3419 restaurari
851 3380 941 3418 cona·
994 3361 1083 3416 hostis
1098 3361 1237 3417 acerrime
1252 3362 1441 3433 impugnavit.

94 3451 208 3507 bantur.
225 3452 271 3507 Sia
284 3468 344 3507 non
356 3452 449 3506 solum
464 3453 591 3524 episcopi
613 3458 642 3507 et
655 3453 816 3524 presbyteri
828 3453 943 3525 plebem
1031 3453 1090 3507 Non
1109 3454 1148 3505 est
1165 3450 1252 3506 nobis.
1268 3451 1329 3505 Non
1344 3456 1387 3506 est
1402 3451 1603 3508 hereticorum
1633 3452 1778 3508 aedificare
1794 3454 1842 3508 lie-

96 3540 237 3609 bdelium,
256 3540 285 3595 id
302 3545 346 3596 est
371 3541 422 3597 Dei
447 3541 565 3597 domum
594 3541 700 3597 debent
724 3541 876 3605 aedificare.
893 3542 943 3599 sed
995 3539 1109 3594 clesiam
1136 3555 1153 3592 a
1178 3554 1236 3609 qua
1264 3545 1331 3595 sunt
1358 3539 1457 3608 alieni,
1474 3540 1521 3596 sed
1538 3545 1652 3598 ιιιιιιιιιι
1679 3557 1781 3598 eornm
1796 3540 1841 3614 qui

95 3629 180 3683 etiam
195 3628 322 3700 populus
345 3630 380 3684 da
404 3629 567 3700 captivitate
595 3630 729 3684 vitiorum
750 3630 786 3685 ad
801 3631 943 3687 visionem
995 3628 1107 3683 Christo
1120 3643 1187 3681 vero
1212 3627 1275 3699 regi
1291 3633 1320 3683 et
1332 3629 1474 3684 sacerdoti
1489 3629 1680 3694 adherentes,
1701 3629 1839 3702 principes

94 3733 169 3772 verte
185 3717 263 3789 pacis
276 3723 405 3785 vocatus,
433 3717 625 3773 ministerium
654 3719 733 3774 verbi
757 3719 793 3774 ab
817 3720 863 3773 his
891 3721 943 3792 qui
995 3720 1110 3788 patrum
1125 3714 1221 3768 vocari
1243 3720 1421 3784 meruerunt,
1437 3721 1532 3787 eipro
1546 3716 1593 3789 pia
1607 3734 1676 3772 cura
1691 3718 1838 3790 quambe-

95 3807 196 3861 docere
222 3812 374 3874 noverunt,
390 3806 475 3862 debet
488 3807 604 3878 eligere,
620 3807 671 3879 qai
685 3808 793 3863 scilicet
817 3808 942 3864 ministri
995 3805 1063 3860 beni
1076 3818 1144 3874 erga
1159 3818 1208 3856 eos
1223 3802 1273 3874 qai
1295 3803 1439 3858 Christum
1457 3805 1554 3860 videre
1564 3805 1738 3861 desiderant,

94 3894 184 3962 verbi,
200 3895 228 3951 id
244 3901 287 3951 esi
311 3895 446 3951 Levitaea
464 3895 563 3967 viginti
578 3896 661 3951 anuis
679 3901 708 3950 et
736 3912 822 3968 supra
836 3896 941 3951 cousti-
1031 3892 1110 3944 Vm·
1126 3891 1141 3944 3
1157 3920 1192 3928 ·-
1210 3889 1326 3944 Factum
1343 3895 1383 3945 ιιι
1411 3896 1510 3945 “tlem-
1539 3891 1601 3963 (ln,
1622 3892 1702 3961 '‘M-t
1727 3891 1836 3958 0¹¹⁰litt

94 3986 235 4038 tuuutur:
256 3984 324 4055 quia
337 3984 409 4039 tales
423 3984 539 4039 suntad
555 3984 771 4055 praedicandum
793 3984 942 4040 constituti
995 3977 1122 4034 haretici
1137 3992 1195 4031 non
1208 3978 1301 4032 solum
1328 3977 1360 4032 in
1372 3978 1542 4048 civitatibus,
1557 3980 1605 4035 sed
1620 3979 1709 4035 etiam
1729 3982 1760 4036 in
1775 3997 1833 4053 pro·

94 4076 123 4126 ιι
137 4072 320 4142 praeierendi,
334 4073 385 4144 qui
408 4073 583 4145 Decalogum
608 4088 667 4127 uon
695 4074 788 4128 solam
813 4073 941 4129 faciendo
994 4066 1093 4122 vinciis
1109 4081 1242 4136 perverse
1264 4067 1392 4122 docendo
1415 4068 1458 4122 vel
1473 4068 1559 4123 etiem
1576 4068 1722 4125 saeviendo
1737 4070 1832 4142 dogmt

93 4159 273 4215 auditoribus
289 4161 450 4225 ostendant,
467 4162 515 4216 sed
531 4162 616 4216 etiam
641 4162 797 4232 puritatem
811 4167 841 4217 et
869 4162 941 4216 inte·
994 4155 1178 4212 confessionis
1205 4170 1280 4210 verae
1304 4156 1510 4228 impediebant,
1535 4162 1600 4225 etc,
1623 4172 1711 4229 usque
1735 4159 1775 4214 ad
1797 4173 1831 4212 ιι·

94 4249 228 4321 gnitatem
243 4249 337 4303 cordis
351 4249 548 4321 inconspectu
564 4249 614 4304 [toi
629 4249 831 4305 intemeratam
844 4256 938 4305 custo·
954 4277 978 4332 D
995 4243 1141 4317 pientibns
1162 4243 1322 4299 architectis
1336 4244 1543 4301 readiflmndae
1564 4251 1629 4318 poet
1648 4247 1831 4318 captivitatem

95 4338 184 4393 diunt.
996 4333 1123 4404 ejusdem
1140 4333 1241 4386 domus
1253 4333 1336 4404 copia
1347 4338 1521 4405 suppeteret.

130 4427 266 4496 Aurqinti
279 4428 370 4481 anan.
384 4425 469 4497 (Baua
484 4427 532 4481 ubi
545 4428 650 4497 supra.)
666 4429 725 4482 lion
740 4439 784 4482 est
806 4426 940 4482 dubitan-
1031 4423 1111 4476 Vnus.
1126 4423 1153 4475 ι.
1169 4422 1317 4490 -Populi
1340 4422 1434 4478 Jude.
1465 4423 1607 4495 Populum
1634 4423 1719 4491 tude,
1751 4423 1832 4480 idest

94 4515 163 4570 dam
179 4514 219 4569 ibi
233 4518 338 4570 statam
354 4515 484 4570 Ecclesiae
511 4531 562 4586 per
583 4515 715 4587 spiritum
740 4532 853 4571 sumere
873 4532 941 4587 pro·
996 4509 1187 4566 confidentem
1206 4514 1236 4563 et
1250 4509 1469 4581 glorificantem,
1485 4510 1553 4566 dicit
1566 4527 1633 4567 eam
1653 4512 1706 4584 qui
1731 4513 1831 4582 integre

91 4604 212 4673 jectum,
233 4605 299 4669 etc..
310 4618 395 4673 usque
410 4604 448 4659 cd
461 4604 615 4659 Zorobabel
631 4620 698 4660 vero
714 4604 840 4660 detribu
863 4605 942 4676 regia
996 4603 1092 4657 mente
1109 4596 1229 4652 Domino
1243 4597 1395 4666 aedificare,
1421 4599 1450 4654 id
1475 4604 1518 4654 ιιι
1538 4599 1571 4655 ad
1587 4600 1767 4656 voluntatem
1782 4601 1831 4671 ejus

96 4692 151 4749 orti
165 4696 240 4748 suut.
994 4688 1194 4745 faciendumst
1207 4690 1328 4759 gloriam
1348 4689 1533 4759 quaerendam
1554 4689 1688 4744 omnium
1701 4705 1775 4760 quos
1789 4702 1828 4760 po·

131 4784 210 4837 vans.
242 4784 268 4838 9.
302 4782 447 4851 Stetitque.
473 4782 537 4854 (ln,
568 4781 647 4849 ibid.)
676 4783 737 4836 Nou
764 4781 840 4837 illius
861 4783 942 4838 tose-
994 4782 1050 4832 test
1063 4781 1174 4835 animos
1194 4785 1222 4835 et
1237 4796 1288 4834 ora
1302 4782 1464 4834 convertere
1479 4777 1592 4849 qaaerit.

96 4870 158 4938 dec,
174 4873 240 4936 ete,
255 4884 340 4939 nsque
354 4869 528 4924 chaudant
540 4868 626 4924 ιιιιπι
640 4884 693 4940 per
716 4885 834 4924 manum
853 4869 943 4926 David
1031 4868 1113 4923 Vnus.
1130 4873 1156 4923 5.
1179 4906 1207 4916 -
1219 4868 1424 4926 conducerent.
1451 4867 1514 4938 (ln,
1538 4866 1618 4935 ibid.)
1640 4867 1771 4923 Notande
1787 4863 1828 4921 die

52 5022 59 5037 ι
97 4957 183 5026 regis,
195 4971 261 5011 cum
271 4971 359 5025 opera
373 4954 478 5010 Christi
498 4971 563 5026 quae
577 4971 629 5026 per
651 4971 765 5010 carnem
781 4956 879 5027 gessit,
894 4955 940 5010 di·
995 4953 1095 5010 tinctio
1109 4957 1272 5022 verborum,
1287 4960 1451 5024 eto.,usque
1472 4954 1510 5007 ad
1524 4969 1591 5008 cum
1605 4954 1770 5027 principum
1788 4959 1829 5008 ter

95 5042 220 5114 ligenter
241 5042 397 5099 attendant
415 5049 444 5098 et
462 5043 624 5110 imitantur,
644 5049 784 5115 qnantum
812 5050 940 5114 possunt.
996 5059 1130 5098 ranorum
1149 5049 1249 5099 contra
1262 5042 1415 5098 Ecclesiam
1430 5040 1565 5111 praesidia
1579 5040 1746 5113 acquirant,
1767 5035 1827 5114 quod

132 5131 216 5185 Vnus.
234 5134 276 5186 ιθ.
293 5161 328 5171 -
342 5133 478 5189 Steterunt
490 5132 639 5189 suentes
653 5135 683 5187 in
696 5137 795 5187 ornatu
809 5149 867 5189 auo.
880 5135 941 5202 (ln,
995 5138 1136 5203 quantum
1150 5139 1250 5189 noceat
1270 5133 1338 5188 fidei
1353 5135 1485 5202 tempore
1508 5130 1624 5187 Ariane
1637 5132 1768 5203 perfidie
1781 5133 1828 5186 luae

98 5219 179 5290 ibid.)
195 5221 297 5291 blagna
310 5221 440 5277 omnium
450 5237 638 5293 personarum
649 5222 758 5278 devotio
772 5223 943 5291 ostenditur,
995 5221 1100 5275 clarius
1119 5222 1254 5277 innotuit.

98 5323 164 5361 cum
178 5308 296 5363 laudato
307 5309 520 5379 temploomues
529 5311 831 5382 juxtagradumsuum
838 5309 944 5364 miseri·
1030 5311 1064 5364 ln
1076 5326 1158 5380 regno
1172 5316 1263 5365 autem
1278 5311 1405 5364 Assueri.
1429 5306 1495 5377 (ln,
1511 5308 1596 5373 ibid.)
1611 5310 1694 5365 Hunc
1715 5312 1827 5367 tuaa-

97 5395 226 5450 cordiam
242 5397 357 5452 bomini
366 5398 493 5454 laudeni.
518 5398 683 5455 Sacerdotes
699 5398 816 5471 quidem
838 5398 943 5453 sanctis
996 5414 1071 5468 rem,
1083 5404 1149 5464 etc,
1164 5414 1249 5468 usque
1263 5398 1301 5453 ad
1313 5398 1362 5452 sod
1377 5396 1459 5468 quasi
1475 5396 1596 5452 minoris
1609 5397 1748 5468 potentie
1760 5396 1828 5452 illan

100 5483 226 5538 vestibus
239 5486 342 5551 ornati,
354 5486 426 5541 sicui
444 5486 539 5542 adhuc
552 5491 643 5542 stante
657 5489 766 5559 templo
791 5502 944 5543 consueve-
996 5488 1057 5543 baec
1071 5491 1192 5542 tractare
1206 5494 1235 5545 et
1247 5485 1401 5542 decernere
1412 5485 1553 5557 permisit.
