<?xml version="1.0" encoding="UTF-8"?>
<!DOCTYPE html PUBLIC "-//W3C//DTD XHTML 1.0 Transitional//EN"
    "http://www.w3.org/TR/xhtml1/DTD/xhtml1-transitional.dtd">
<html xmlns="http://www.w3.org/1999/xhtml" xml:lang="en" lang="en">
 <head>
  <title>
</title>
<meta http-equiv="Content-Type" content="text/html;charset=utf-8" />
  <meta name='ocr-system' content='tesseract 3.04.00' />
  <meta name='ocr-capabilities' content='ocr_page ocr_carea ocr_par ocr_line ocrx_word'/>
</head>
<body>
  <div class='ocr_page' id='page_1' title='image "./patrologiaecurs04migngoog/patrologiaecurs04migngoog_0331.png"; bbox 0 0 3892 6106; ppageno 0'>
   <div class='ocr_carea' id='block_1_1' title="bbox 157 274 1917 342">
    <p class='ocr_par' dir='ltr' id='par_1_1' title="bbox 157 274 1917 342">
     <span class='ocr_line' id='line_1_1' title="bbox 157 274 1917 342; baseline -0.008 -1"><span class='ocrx_word' id='word_1_1' title='bbox 157 288 207 342; x_wconf 79' lang='lat'>651</span> <span class='ocrx_word' id='word_1_2' title='bbox 471 281 667 338; x_wconf 70' lang='lat' dir='ltr'>wibertum</span> <span class='ocrx_word' id='word_1_3' title='bbox 687 279 812 336; x_wconf 81' lang='lat' dir='ltr'>srflaut</span> <span class='ocrx_word' id='word_1_4' title='bbox 832 277 929 334; x_wconf 74' lang='lat' dir='ltr'>retu.</span> <span class='ocrx_word' id='word_1_5' title='bbox 952 276 1032 332; x_wconf 84' lang='lat' dir='ltr'>llON·</span> <span class='ocrx_word' id='word_1_6' title='bbox 1054 277 1129 331; x_wconf 84' lang='lat' dir='ltr'>OPP.</span> <span class='ocrx_word' id='word_1_7' title='bbox 1151 277 1239 331; x_wconf 78' lang='lat' dir='ltr'>PARS</span> <span class='ocrx_word' id='word_1_8' title='bbox 1258 277 1279 330; x_wconf 92' lang='lat' dir='ltr'>l.</span> <span class='ocrx_word' id='word_1_9' title='bbox 1300 305 1334 315; x_wconf 94' lang='lat'>-</span> <span class='ocrx_word' id='word_1_10' title='bbox 1354 274 1584 332; x_wconf 70' lang='lat' dir='ltr'>Trinobantes.</span> <span class='ocrx_word' id='word_1_11' title='bbox 1866 277 1917 328; x_wconf 73' lang='lat' dir='ltr'>ost</span> 
     </span>
    </p>
   </div>
   <div class='ocr_carea' id='block_1_2' title="bbox 86 397 1946 3387">
    <p class='ocr_par' dir='ltr' id='par_1_2' title="bbox 86 397 1914 1097">
     <span class='ocr_line' id='line_1_2' title="bbox 192 397 1914 474; baseline -0.008 -8"><span class='ocrx_word' id='word_1_12' title='bbox 192 411 273 466; x_wconf 80' lang='lat' dir='ltr'>Vens.</span> <span class='ocrx_word' id='word_1_13' title='bbox 301 413 343 465; x_wconf 81' lang='lat' dir='ltr'>tr.</span> <span class='ocrx_word' id='word_1_14' title='bbox 361 438 395 448; x_wconf 80' lang='grc'>-</span> <span class='ocrx_word' id='word_1_15' title='bbox 414 410 447 463; x_wconf 85' lang='lat' dir='ltr'>ln</span> <span class='ocrx_word' id='word_1_16' title='bbox 473 406 550 461; x_wconf 86' lang='lat' dir='ltr'>domo</span> <span class='ocrx_word' id='word_1_17' title='bbox 579 404 737 462; x_wconf 80' lang='lat' dir='ltr'>obededom.</span> <span class='ocrx_word' id='word_1_18' title='bbox 766 402 904 474; x_wconf 71' lang='lat' dir='ltr'>(tironos.)</span> <span class='ocrx_word' id='word_1_19' title='bbox 937 399 1044 466; x_wconf 75' lang='lat' dir='ltr'>Ouiab</span> <span class='ocrx_word' id='word_1_20' title='bbox 1063 399 1261 455; x_wconf 87' lang='lat' dir='ltr'>suavissimam</span> <span class='ocrx_word' id='word_1_21' title='bbox 1283 398 1403 454; x_wconf 89' lang='lat' dir='ltr'>reddant</span> <span class='ocrx_word' id='word_1_22' title='bbox 1417 398 1602 454; x_wconf 88' lang='lat' dir='ltr'>cantilenam.</span> <span class='ocrx_word' id='word_1_23' title='bbox 1622 397 1696 453; x_wconf 85' lang='lat' dir='ltr'>Huic</span> <span class='ocrx_word' id='word_1_24' title='bbox 1716 398 1827 453; x_wconf 84' lang='lat' dir='ltr'>cithara</span> <span class='ocrx_word' id='word_1_25' title='bbox 1839 400 1914 454; x_wconf 86' lang='lat' dir='ltr'>vide·</span> 
     </span>
     <span class='ocr_line' id='line_1_3' title="bbox 157 485 1914 571; baseline -0.007 -17"><span class='ocrx_word' id='word_1_26' title='bbox 157 506 185 554; x_wconf 90' lang='lat' dir='ltr'>et</span> <span class='ocrx_word' id='word_1_27' title='bbox 212 501 272 571; x_wconf 86' lang='lat' dir='ltr'>ipse</span> <span class='ocrx_word' id='word_1_28' title='bbox 297 497 401 552; x_wconf 79' lang='lat' dir='ltr'>Levita.</span> <span class='ocrx_word' id='word_1_29' title='bbox 420 494 539 566; x_wconf 88' lang='lat' dir='ltr'>Cognita</span> <span class='ocrx_word' id='word_1_30' title='bbox 566 501 661 547; x_wconf 85' lang='lat' dir='ltr'>autem</span> <span class='ocrx_word' id='word_1_31' title='bbox 686 509 772 546; x_wconf 90' lang='lat' dir='ltr'>causa</span> <span class='ocrx_word' id='word_1_32' title='bbox 794 507 846 563; x_wconf 92' lang='lat' dir='ltr'>pro</span> <span class='ocrx_word' id='word_1_33' title='bbox 870 506 927 562; x_wconf 85' lang='lat' dir='ltr'>qna</span> <span class='ocrx_word' id='word_1_34' title='bbox 950 491 1005 544; x_wconf 90' lang='lat' dir='ltr'>Oze</span> <span class='ocrx_word' id='word_1_35' title='bbox 1063 494 1110 543; x_wconf 90' lang='lat' dir='ltr'>tur</span> <span class='ocrx_word' id='word_1_36' title='bbox 1130 489 1274 544; x_wconf 88' lang='lat' dir='ltr'>contraria</span> <span class='ocrx_word' id='word_1_37' title='bbox 1298 503 1362 559; x_wconf 74' lang='lat' dir='ltr'>quoe</span> <span class='ocrx_word' id='word_1_38' title='bbox 1381 487 1485 541; x_wconf 91' lang='lat' dir='ltr'>inimo</span> <span class='ocrx_word' id='word_1_39' title='bbox 1504 486 1631 542; x_wconf 89' lang='lat' dir='ltr'>continet</span> <span class='ocrx_word' id='word_1_40' title='bbox 1652 487 1732 559; x_wconf 85' lang='lat' dir='ltr'>quod</span> <span class='ocrx_word' id='word_1_41' title='bbox 1748 485 1914 542; x_wconf 87' lang='lat' dir='ltr'>Psalterium</span> 
     </span>
     <span class='ocr_line' id='line_1_4' title="bbox 158 575 1913 661; baseline -0.007 -17"><span class='ocrx_word' id='word_1_42' title='bbox 158 602 308 661; x_wconf 91' lang='lat' dir='ltr'>percussus</span> <span class='ocrx_word' id='word_1_43' title='bbox 333 591 384 643; x_wconf 75' lang='lat' dir='ltr'>est.</span> <span class='ocrx_word' id='word_1_44' title='bbox 411 584 496 654; x_wconf 86' lang='lat' dir='ltr'>jussit</span> <span class='ocrx_word' id='word_1_45' title='bbox 520 583 606 637; x_wconf 85' lang='lat' dir='ltr'>David</span> <span class='ocrx_word' id='word_1_46' title='bbox 632 598 726 635; x_wconf 88' lang='lat' dir='ltr'>arcam</span> <span class='ocrx_word' id='word_1_47' title='bbox 750 579 857 651; x_wconf 90' lang='lat' dir='ltr'>portari</span> <span class='ocrx_word' id='word_1_48' title='bbox 882 578 1006 649; x_wconf 90' lang='lat' dir='ltr'>propriis</span> <span class='ocrx_word' id='word_1_49' title='bbox 1062 578 1092 633; x_wconf 89' lang='lat' dir='ltr'>in</span> <span class='ocrx_word' id='word_1_50' title='bbox 1122 578 1223 647; x_wconf 91' lang='lat' dir='ltr'>capite.</span> <span class='ocrx_word' id='word_1_51' title='bbox 1255 576 1426 631; x_wconf 88' lang='lat' dir='ltr'>Psalterium</span> <span class='ocrx_word' id='word_1_52' title='bbox 1451 591 1515 630; x_wconf 91' lang='lat' dir='ltr'>cum</span> <span class='ocrx_word' id='word_1_53' title='bbox 1540 576 1638 631; x_wconf 87' lang='lat' dir='ltr'>decem</span> <span class='ocrx_word' id='word_1_54' title='bbox 1663 575 1779 630; x_wconf 88' lang='lat' dir='ltr'>chordis</span> <span class='ocrx_word' id='word_1_55' title='bbox 1795 576 1913 632; x_wconf 79' lang='lat' dir='ltr'>Ecclesia</span> 
     </span>
     <span class='ocr_line' id='line_1_5' title="bbox 86 663 1911 741; baseline -0.008 -8"><span class='ocrx_word' id='word_1_56' title='bbox 86 729 89 734; x_wconf 88' lang='lat'>.</span> <span class='ocrx_word' id='word_1_57' title='bbox 158 678 308 732; x_wconf 90' lang='lat' dir='ltr'>levitarum</span> <span class='ocrx_word' id='word_1_58' title='bbox 332 672 469 737; x_wconf 85' lang='lat' dir='ltr'>humeris,</span> <span class='ocrx_word' id='word_1_59' title='bbox 493 672 566 725; x_wconf 90' lang='lat' dir='ltr'>sicut</span> <span class='ocrx_word' id='word_1_60' title='bbox 592 676 670 741; x_wconf 84' lang='lat' dir='ltr'>patet</span> <span class='ocrx_word' id='word_1_61' title='bbox 691 668 877 741; x_wconf 80' lang='lat' dir='ltr'><strong>insequenti.</strong></span> <span class='ocrx_word' id='word_1_62' title='bbox 904 668 1007 723; x_wconf 88' lang='lat' dir='ltr'>Notan-</span> <span class='ocrx_word' id='word_1_63' title='bbox 1062 672 1104 721; x_wconf 93' lang='lat' dir='ltr'>est</span> <span class='ocrx_word' id='word_1_64' title='bbox 1127 682 1192 721; x_wconf 91' lang='lat' dir='ltr'>cum</span> <span class='ocrx_word' id='word_1_65' title='bbox 1217 665 1356 736; x_wconf 86' lang='lat' dir='ltr'>Decalogo</span> <span class='ocrx_word' id='word_1_66' title='bbox 1382 665 1465 735; x_wconf 87' lang='lat' dir='ltr'>legis.</span> <span class='ocrx_word' id='word_1_67' title='bbox 1486 664 1707 736; x_wconf 86' lang='lat' dir='ltr'>lluicopposita</span> <span class='ocrx_word' id='word_1_68' title='bbox 1729 668 1772 718; x_wconf 90' lang='lat' dir='ltr'>est</span> <span class='ocrx_word' id='word_1_69' title='bbox 1795 663 1911 730; x_wconf 85' lang='lat' dir='ltr'>cithara,</span> 
     </span>
     <span class='ocr_line' id='line_1_6' title="bbox 159 751 1910 834; baseline -0.009 -12"><span class='ocrx_word' id='word_1_70' title='bbox 159 766 227 822; x_wconf 92' lang='lat' dir='ltr'>dum</span> <span class='ocrx_word' id='word_1_71' title='bbox 254 760 556 834; x_wconf 80' lang='lat' dir='ltr'>quantuor‘delinquat</span> <span class='ocrx_word' id='word_1_72' title='bbox 569 759 619 831; x_wconf 84' lang='lat' dir='ltr'>qrri</span> <span class='ocrx_word' id='word_1_73' title='bbox 642 775 744 829; x_wconf 89' lang='lat' dir='ltr'>corpus</span> <span class='ocrx_word' id='word_1_74' title='bbox 760 756 874 812; x_wconf 83' lang='lat' dir='ltr'>Domini</span> <span class='ocrx_word' id='word_1_75' title='bbox 890 755 1007 827; x_wconf 86' lang='lat' dir='ltr'>indigne</span> <span class='ocrx_word' id='word_1_76' title='bbox 1062 771 1126 827; x_wconf 84' lang='lat' dir='ltr'>quae</span> <span class='ocrx_word' id='word_1_77' title='bbox 1142 754 1244 826; x_wconf 91' lang='lat' dir='ltr'>viginti</span> <span class='ocrx_word' id='word_1_78' title='bbox 1260 760 1385 825; x_wconf 86' lang='lat' dir='ltr'>quatuor</span> <span class='ocrx_word' id='word_1_79' title='bbox 1397 752 1510 808; x_wconf 90' lang='lat' dir='ltr'>chordis</span> <span class='ocrx_word' id='word_1_80' title='bbox 1524 751 1554 806; x_wconf 90' lang='lat' dir='ltr'>in</span> <span class='ocrx_word' id='word_1_81' title='bbox 1570 754 1687 807; x_wconf 89' lang='lat' dir='ltr'>medum</span> <span class='ocrx_word' id='word_1_82' title='bbox 1706 751 1792 807; x_wconf 74' lang='lat' dir='ltr'>deltae</span> <span class='ocrx_word' id='word_1_83' title='bbox 1815 751 1910 807; x_wconf 75' lang='lat' dir='ltr'>littere</span> 
     </span>
     <span class='ocr_line' id='line_1_7' title="bbox 159 840 1910 921; baseline -0.006 -15"><span class='ocrx_word' id='word_1_84' title='bbox 159 850 268 921; x_wconf 86' lang='lat' dir='ltr'>accipit,</span> <span class='ocrx_word' id='word_1_85' title='bbox 298 848 322 902; x_wconf 87' lang='lat' dir='ltr'>si</span> <span class='ocrx_word' id='word_1_86' title='bbox 349 847 466 901; x_wconf 78' lang='lat' dir='ltr'>devotus</span> <span class='ocrx_word' id='word_1_87' title='bbox 493 845 624 899; x_wconf 87' lang='lat' dir='ltr'>sacerdos</span> <span class='ocrx_word' id='word_1_88' title='bbox 639 845 748 899; x_wconf 91' lang='lat' dir='ltr'>interiit</span> <span class='ocrx_word' id='word_1_89' title='bbox 767 845 816 916; x_wconf 91' lang='lat' dir='ltr'>qui</span> <span class='ocrx_word' id='word_1_90' title='bbox 841 858 934 897; x_wconf 88' lang='lat' dir='ltr'>arcam</span> <span class='ocrx_word' id='word_1_91' title='bbox 952 844 1006 898; x_wconf 84' lang='lat' dir='ltr'>uo·</span> <span class='ocrx_word' id='word_1_92' title='bbox 1061 843 1244 916; x_wconf 77' lang='lat' dir='ltr'><strong>componitur</strong></span> <span class='ocrx_word' id='word_1_93' title='bbox 1259 846 1304 911; x_wconf 77' lang='lat' dir='ltr'>tut</span> <span class='ocrx_word' id='word_1_94' title='bbox 1318 841 1484 913; x_wconf 80' lang='lat' dir='ltr'>peritissimi</span> <span class='ocrx_word' id='word_1_95' title='bbox 1506 840 1636 911; x_wconf 86' lang='lat' dir='ltr'>tradunt)</span> <span class='ocrx_word' id='word_1_96' title='bbox 1651 844 1681 895; x_wconf 87' lang='lat' dir='ltr'>et</span> <span class='ocrx_word' id='word_1_97' title='bbox 1694 840 1865 912; x_wconf 84' lang='lat' dir='ltr'>perdrgitos</span> <span class='ocrx_word' id='word_1_98' title='bbox 1883 841 1910 895; x_wconf 90' lang='lat' dir='ltr'>in</span> 
     </span>
     <span class='ocr_line' id='line_1_8' title="bbox 158 928 1907 1006; baseline -0.005 -13"><span class='ocrx_word' id='word_1_99' title='bbox 158 938 257 994; x_wconf 90' lang='lat' dir='ltr'>minici</span> <span class='ocrx_word' id='word_1_100' title='bbox 273 938 394 1006; x_wconf 86' lang='lat' dir='ltr'>liguram</span> <span class='ocrx_word' id='word_1_101' title='bbox 407 935 534 1006; x_wconf 89' lang='lat' dir='ltr'>corporis</span> <span class='ocrx_word' id='word_1_102' title='bbox 553 934 657 988; x_wconf 89' lang='lat' dir='ltr'>minori</span> <span class='ocrx_word' id='word_1_103' title='bbox 673 949 759 1004; x_wconf 89' lang='lat' dir='ltr'>quam</span> <span class='ocrx_word' id='word_1_104' title='bbox 775 932 875 987; x_wconf 89' lang='lat' dir='ltr'>debuit</span> <span class='ocrx_word' id='word_1_105' title='bbox 888 947 1007 986; x_wconf 84' lang='lat' dir='ltr'>reuera·</span> <span class='ocrx_word' id='word_1_106' title='bbox 1061 933 1186 990; x_wconf 84' lang='lat' dir='ltr'>diversos</span> <span class='ocrx_word' id='word_1_107' title='bbox 1211 930 1311 986; x_wconf 90' lang='lat' dir='ltr'>modos</span> <span class='ocrx_word' id='word_1_108' title='bbox 1336 929 1505 985; x_wconf 89' lang='lat' dir='ltr'>concitatur.</span> <span class='ocrx_word' id='word_1_109' title='bbox 1522 930 1587 983; x_wconf 79' lang='lat' dir='ltr'>llaec</span> <span class='ocrx_word' id='word_1_110' title='bbox 1600 929 1756 984; x_wconf 80' lang='lat' dir='ltr'>Ecclesiam</span> <span class='ocrx_word' id='word_1_111' title='bbox 1772 928 1907 1000; x_wconf 81' lang='lat' dir='ltr'>siguificat</span> 
     </span>
     <span class='ocr_line' id='line_1_9' title="bbox 157 1016 1908 1097; baseline -0.007 -13"><span class='ocrx_word' id='word_1_112' title='bbox 157 1029 236 1084; x_wconf 91' lang='lat' dir='ltr'>tione</span> <span class='ocrx_word' id='word_1_113' title='bbox 253 1024 401 1097; x_wconf 86' lang='lat' dir='ltr'>corripuit.</span> <span class='ocrx_word' id='word_1_114' title='bbox 827 1016 834 1029; x_wconf 90' lang='lat'>&#39;</span> <span class='ocrx_word' id='word_1_115' title='bbox 1062 1036 1207 1096; x_wconf 78' lang='lat' dir='ltr'>quaecum</span> <span class='ocrx_word' id='word_1_116' title='bbox 1233 1019 1334 1091; x_wconf 87' lang='lat' dir='ltr'>viginti</span> <span class='ocrx_word' id='word_1_117' title='bbox 1359 1023 1483 1090; x_wconf 76' lang='lat' dir='ltr'>quotrmr</span> <span class='ocrx_word' id='word_1_118' title='bbox 1505 1018 1652 1074; x_wconf 89' lang='lat' dir='ltr'>seniorum</span> <span class='ocrx_word' id='word_1_119' title='bbox 1665 1017 1850 1090; x_wconf 74' lang='lat' dir='ltr'>dogmatibus</span> <span class='ocrx_word' id='word_1_120' title='bbox 1863 1017 1908 1072; x_wconf 88' lang='lat' dir='ltr'>tri·</span> 
     </span>
    </p>

    <p class='ocr_par' dir='ltr' id='par_1_3' title="bbox 159 1104 1906 1536">
     <span class='ocr_line' id='line_1_10' title="bbox 192 1104 1906 1185; baseline -0.005 -17"><span class='ocrx_word' id='word_1_121' title='bbox 192 1114 461 1185; x_wconf 82' lang='lat' dir='ltr'>Allegoriceautcm</span> <span class='ocrx_word' id='word_1_122' title='bbox 487 1110 574 1165; x_wconf 80' lang='lat' dir='ltr'>liarid</span> <span class='ocrx_word' id='word_1_123' title='bbox 592 1109 746 1177; x_wconf 84' lang='lat' dir='ltr'>Christum,</span> <span class='ocrx_word' id='word_1_124' title='bbox 769 1123 834 1163; x_wconf 88' lang='lat' dir='ltr'>arca</span> <span class='ocrx_word' id='word_1_125' title='bbox 853 1107 1007 1163; x_wconf 74' lang='lat' dir='ltr'>Ecclesiam</span> <span class='ocrx_word' id='word_1_126' title='bbox 1064 1126 1128 1165; x_wconf 90' lang='lat' dir='ltr'>uam</span> <span class='ocrx_word' id='word_1_127' title='bbox 1144 1108 1230 1164; x_wconf 89' lang='lat' dir='ltr'>hebet</span> <span class='ocrx_word' id='word_1_128' title='bbox 1240 1107 1360 1162; x_wconf 85' lang='lat' dir='ltr'>formam</span> <span class='ocrx_word' id='word_1_129' title='bbox 1375 1106 1405 1161; x_wconf 92' lang='lat' dir='ltr'>iu</span> <span class='ocrx_word' id='word_1_130' title='bbox 1422 1106 1538 1161; x_wconf 91' lang='lat' dir='ltr'>modum</span> <span class='ocrx_word' id='word_1_131' title='bbox 1553 1105 1638 1161; x_wconf 82' lang='lat' dir='ltr'>deltae</span> <span class='ocrx_word' id='word_1_132' title='bbox 1649 1105 1766 1172; x_wconf 81' lang='lat' dir='ltr'>litterae,</span> <span class='ocrx_word' id='word_1_133' title='bbox 1783 1110 1813 1159; x_wconf 92' lang='lat' dir='ltr'>et</span> <span class='ocrx_word' id='word_1_134' title='bbox 1828 1104 1906 1160; x_wconf 83' lang='lat' dir='ltr'>fldem</span> 
     </span>
     <span class='ocr_line' id='line_1_11' title="bbox 159 1193 1905 1273; baseline -0.005 -17"><span class='ocrx_word' id='word_1_135' title='bbox 159 1201 310 1273; x_wconf 82' lang='lat' dir='ltr'>significat,</span> <span class='ocrx_word' id='word_1_136' title='bbox 328 1214 413 1270; x_wconf 88' lang='lat' dir='ltr'>quam</span> <span class='ocrx_word' id='word_1_137' title='bbox 430 1197 489 1251; x_wconf 83' lang='lat' dir='ltr'>rull</span> <span class='ocrx_word' id='word_1_138' title='bbox 505 1199 633 1252; x_wconf 78' lang='lat' dir='ltr'>Christus</span> <span class='ocrx_word' id='word_1_139' title='bbox 653 1196 682 1249; x_wconf 92' lang='lat' dir='ltr'>in</span> <span class='ocrx_word' id='word_1_140' title='bbox 702 1196 845 1249; x_wconf 86' lang='lat' dir='ltr'>civitatem</span> <span class='ocrx_word' id='word_1_141' title='bbox 862 1210 942 1249; x_wconf 92' lang='lat' dir='ltr'>suam</span> <span class='ocrx_word' id='word_1_142' title='bbox 957 1193 1007 1249; x_wconf 88' lang='lat' dir='ltr'>ad·</span> <span class='ocrx_word' id='word_1_143' title='bbox 1062 1205 1167 1255; x_wconf 71' lang='lat' dir='ltr'>sanctae</span> <span class='ocrx_word' id='word_1_144' title='bbox 1187 1196 1333 1253; x_wconf 85' lang='lat' dir='ltr'>Trinitatis</span> <span class='ocrx_word' id='word_1_145' title='bbox 1355 1195 1504 1267; x_wconf 86' lang='lat' dir='ltr'>significat.</span> <span class='ocrx_word' id='word_1_146' title='bbox 1534 1196 1588 1250; x_wconf 91' lang='lat' dir='ltr'>Per</span> <span class='ocrx_word' id='word_1_147' title='bbox 1611 1211 1716 1250; x_wconf 86' lang='lat' dir='ltr'>manus</span> <span class='ocrx_word' id='word_1_148' title='bbox 1735 1198 1905 1265; x_wconf 87' lang='lat' dir='ltr'>autemspo·</span> 
     </span>
     <span class='ocr_line' id='line_1_12' title="bbox 160 1281 1905 1355; baseline -0.004 -10"><span class='ocrx_word' id='word_1_149' title='bbox 160 1291 273 1355; x_wconf 85' lang='lat' dir='ltr'>ducere,</span> <span class='ocrx_word' id='word_1_150' title='bbox 299 1288 375 1342; x_wconf 91' lang='lat' dir='ltr'>unde</span> <span class='ocrx_word' id='word_1_151' title='bbox 401 1303 408 1341; x_wconf 90' lang='lat'>:</span> <span class='ocrx_word' id='word_1_152' title='bbox 437 1289 497 1343; x_wconf 85' lang='lat' dir='ltr'>Non</span> <span class='ocrx_word' id='word_1_153' title='bbox 520 1301 579 1341; x_wconf 84' lang='lat' dir='ltr'>scm</span> <span class='ocrx_word' id='word_1_154' title='bbox 605 1288 703 1340; x_wconf 79' lang='lat' dir='ltr'>missus</span> <span class='ocrx_word' id='word_1_155' title='bbox 727 1285 784 1338; x_wconf 86' lang='lat' dir='ltr'>nisi</span> <span class='ocrx_word' id='word_1_156' title='bbox 805 1283 843 1338; x_wconf 86' lang='lat' dir='ltr'>ad</span> <span class='ocrx_word' id='word_1_157' title='bbox 866 1297 926 1338; x_wconf 82' lang='lat' dir='ltr'>oves</span> <span class='ocrx_word' id='word_1_158' title='bbox 949 1297 1009 1352; x_wconf 78' lang='lat' dir='ltr'>pua</span> <span class='ocrx_word' id='word_1_159' title='bbox 1063 1288 1202 1342; x_wconf 87' lang='lat' dir='ltr'>stolorum</span> <span class='ocrx_word' id='word_1_160' title='bbox 1219 1292 1248 1339; x_wconf 85' lang='lat' dir='ltr'>et</span> <span class='ocrx_word' id='word_1_161' title='bbox 1270 1284 1508 1354; x_wconf 78' lang='lat' dir='ltr'>evangelistarum</span> <span class='ocrx_word' id='word_1_162' title='bbox 1535 1281 1905 1339; x_wconf 79' lang='lat' dir='ltr'>indiversosmodnlosle</span> 
     </span>
     <span class='ocr_line' id='line_1_13' title="bbox 159 1370 1904 1448; baseline -0.004 -16"><span class='ocrx_word' id='word_1_163' title='bbox 159 1380 298 1448; x_wconf 82' lang='lat' dir='ltr'>perierant</span> <span class='ocrx_word' id='word_1_164' title='bbox 321 1375 415 1432; x_wconf 84' lang='lat' dir='ltr'>domus</span> <span class='ocrx_word' id='word_1_165' title='bbox 435 1376 523 1430; x_wconf 85' lang='lat' dir='ltr'>lsrael</span> <span class='ocrx_word' id='word_1_166' title='bbox 539 1374 647 1445; x_wconf 78' lang='lat' dir='ltr'>(dietih.</span> <span class='ocrx_word' id='word_1_167' title='bbox 664 1373 722 1445; x_wconf 85' lang='lat' dir='ltr'>xv.)</span> <span class='ocrx_word' id='word_1_168' title='bbox 739 1375 772 1428; x_wconf 88' lang='lat' dir='ltr'>Et</span> <span class='ocrx_word' id='word_1_169' title='bbox 788 1372 856 1427; x_wconf 89' lang='lat' dir='ltr'>alibi</span> <span class='ocrx_word' id='word_1_170' title='bbox 874 1387 881 1425; x_wconf 92' lang='lat'>:</span> <span class='ocrx_word' id='word_1_171' title='bbox 897 1373 1009 1429; x_wconf 79' lang='lat' dir='ltr'>Caecitas</span> <span class='ocrx_word' id='word_1_172' title='bbox 1063 1372 1132 1428; x_wconf 88' lang='lat' dir='ltr'>teris</span> <span class='ocrx_word' id='word_1_173' title='bbox 1156 1377 1184 1427; x_wconf 91' lang='lat' dir='ltr'>et</span> <span class='ocrx_word' id='word_1_174' title='bbox 1209 1370 1277 1426; x_wconf 89' lang='lat' dir='ltr'>Novi</span> <span class='ocrx_word' id='word_1_175' title='bbox 1302 1370 1486 1438; x_wconf 87' lang='lat' dir='ltr'>Testamenti,</span> <span class='ocrx_word' id='word_1_176' title='bbox 1511 1370 1647 1426; x_wconf 69' lang='lat' dir='ltr'>aliteniu</span> <span class='ocrx_word' id='word_1_177' title='bbox 1661 1370 1771 1440; x_wconf 87' lang='lat' dir='ltr'>littera,</span> <span class='ocrx_word' id='word_1_178' title='bbox 1787 1370 1866 1425; x_wconf 88' lang='lat' dir='ltr'>aliter</span> <span class='ocrx_word' id='word_1_179' title='bbox 1881 1371 1904 1425; x_wconf 90' lang='lat' dir='ltr'>in</span> 
     </span>
     <span class='ocr_line' id='line_1_14' title="bbox 160 1458 1510 1536; baseline -0.004 -14"><span class='ocrx_word' id='word_1_180' title='bbox 160 1482 194 1522; x_wconf 83' lang='lat' dir='ltr'>ec</span> <span class='ocrx_word' id='word_1_181' title='bbox 206 1470 287 1536; x_wconf 83' lang='lat' dir='ltr'>parte</span> <span class='ocrx_word' id='word_1_182' title='bbox 301 1465 414 1531; x_wconf 70' lang='lat' dir='ltr'>conticit</span> <span class='ocrx_word' id='word_1_183' title='bbox 427 1466 456 1518; x_wconf 84' lang='lat' dir='ltr'>ia</span> <span class='ocrx_word' id='word_1_184' title='bbox 466 1464 561 1528; x_wconf 84' lang='lat' dir='ltr'>lsrael,</span> <span class='ocrx_word' id='word_1_185' title='bbox 573 1466 625 1517; x_wconf 89' lang='lat' dir='ltr'>etc.</span> <span class='ocrx_word' id='word_1_186' title='bbox 642 1461 728 1532; x_wconf 84' lang='lat' dir='ltr'>(Rom.</span> <span class='ocrx_word' id='word_1_187' title='bbox 742 1460 790 1530; x_wconf 85' lang='lat' dir='ltr'>xr).</span> <span class='ocrx_word' id='word_1_188' title='bbox 1064 1478 1148 1517; x_wconf 89' lang='lat' dir='ltr'>seusu</span> <span class='ocrx_word' id='word_1_189' title='bbox 1162 1460 1323 1515; x_wconf 85' lang='lat' dir='ltr'>concitatur</span> <span class='ocrx_word' id='word_1_190' title='bbox 1337 1458 1510 1532; x_wconf 76' lang='lat' dir='ltr'>figuraliter.</span> 
     </span>
    </p>

    <p class='ocr_par' dir='ltr' id='par_1_4' title="bbox 629 1545 1902 1622">
     <span class='ocr_line' id='line_1_15' title="bbox 629 1545 1902 1622; baseline -0.002 -16"><span class='ocrx_word' id='word_1_191' title='bbox 629 1603 635 1616; x_wconf 77' lang='grc'>,</span> <span class='ocrx_word' id='word_1_192' title='bbox 1099 1551 1188 1619; x_wconf 78' lang='lat' dir='ltr'>Lyris.</span> <span class='ocrx_word' id='word_1_193' title='bbox 1220 1549 1290 1620; x_wconf 80' lang='lat' dir='ltr'>Lyra</span> <span class='ocrx_word' id='word_1_194' title='bbox 1306 1548 1420 1615; x_wconf 90' lang='lat' dir='ltr'>dicitur,</span> <span class='ocrx_word' id='word_1_195' title='bbox 1437 1545 1488 1599; x_wconf 80' lang='grc' dir='ltr'>ἀπὸ</span> <span class='ocrx_word' id='word_1_196' title='bbox 1503 1553 1548 1599; x_wconf 80' lang='grc' dir='ltr'>τοῦ</span> <span class='ocrx_word' id='word_1_197' title='bbox 1563 1545 1647 1622; x_wconf 74' lang='lat' dir='ltr'>tipo,</span> <span class='ocrx_word' id='word_1_198' title='bbox 1664 1547 1694 1602; x_wconf 93' lang='lat' dir='ltr'>id</span> <span class='ocrx_word' id='word_1_199' title='bbox 1715 1552 1769 1613; x_wconf 89' lang='lat' dir='ltr'>est,</span> <span class='ocrx_word' id='word_1_200' title='bbox 1800 1549 1902 1604; x_wconf 84' lang='lat' dir='ltr'>avarie</span> 
     </span>
    </p>

    <p class='ocr_par' dir='ltr' id='par_1_5' title="bbox 487 1602 1901 1736">
     <span class='ocr_line' id='line_1_16' title="bbox 487 1602 1901 1736; baseline -0.001 -41"><span class='ocrx_word' id='word_1_201' title='bbox 487 1602 598 1658; x_wconf 64' lang='lat' dir='ltr'>CAPUT</span> <span class='ocrx_word' id='word_1_202' title='bbox 617 1603 684 1657; x_wconf 66' lang='lat' dir='ltr'>MV·</span> <span class='ocrx_word' id='word_1_203' title='bbox 1025 1642 1122 1736; x_wconf 78' lang='lat' dir='ltr'>Btate</span> <span class='ocrx_word' id='word_1_204' title='bbox 1135 1653 1248 1703; x_wconf 84' lang='lat' dir='ltr'>vocam,</span> <span class='ocrx_word' id='word_1_205' title='bbox 1274 1652 1306 1690; x_wconf 91' lang='lat' dir='ltr'>ec</span> <span class='ocrx_word' id='word_1_206' title='bbox 1330 1635 1407 1708; x_wconf 88' lang='lat' dir='ltr'>qnod</span> <span class='ocrx_word' id='word_1_207' title='bbox 1428 1634 1555 1691; x_wconf 89' lang='lat' dir='ltr'>diversos</span> <span class='ocrx_word' id='word_1_208' title='bbox 1570 1634 1655 1691; x_wconf 84' lang='lat' dir='ltr'>iaciat</span> <span class='ocrx_word' id='word_1_209' title='bbox 1669 1651 1767 1692; x_wconf 86' lang='lat' dir='ltr'>sonos.</span> <span class='ocrx_word' id='word_1_210' title='bbox 1789 1638 1851 1693; x_wconf 76' lang='lat' dir='ltr'>lloec</span> <span class='ocrx_word' id='word_1_211' title='bbox 1864 1638 1901 1692; x_wconf 84' lang='lat' dir='ltr'>Ec·</span> 
     </span>
    </p>

    <p class='ocr_par' dir='ltr' id='par_1_6' title="bbox 160 1723 1946 2417">
     <span class='ocr_line' id='line_1_17' title="bbox 199 1723 1902 1798; baseline 0.001 -19"><span class='ocrx_word' id='word_1_212' title='bbox 199 1729 277 1782; x_wconf 84' lang='lat' dir='ltr'>vans.</span> <span class='ocrx_word' id='word_1_213' title='bbox 309 1757 341 1767; x_wconf 92' lang='lat'><em>-</em></span> <span class='ocrx_word' id='word_1_214' title='bbox 368 1729 393 1781; x_wconf 88' lang='grc'>3.</span> <span class='ocrx_word' id='word_1_215' title='bbox 418 1725 530 1795; x_wconf 77' lang='lat' dir='ltr'>Accepit</span> <span class='ocrx_word' id='word_1_216' title='bbox 566 1740 670 1795; x_wconf 80' lang='lat' dir='ltr'>quoqne</span> <span class='ocrx_word' id='word_1_217' title='bbox 706 1724 804 1792; x_wconf 83' lang='lat' dir='ltr'>Dauid,</span> <span class='ocrx_word' id='word_1_218' title='bbox 830 1728 883 1780; x_wconf 81' lang='lat' dir='ltr'>etc.</span> <span class='ocrx_word' id='word_1_219' title='bbox 914 1725 1009 1798; x_wconf 68' lang='lat' dir='ltr'>(Rau.)</span> <span class='ocrx_word' id='word_1_220' title='bbox 1066 1726 1181 1782; x_wconf 90' lang='lat' dir='ltr'>clesiam</span> <span class='ocrx_word' id='word_1_221' title='bbox 1199 1725 1350 1796; x_wconf 86' lang='lat' dir='ltr'>significat,</span> <span class='ocrx_word' id='word_1_222' title='bbox 1367 1740 1432 1795; x_wconf 86' lang='lat' dir='ltr'>quae</span> <span class='ocrx_word' id='word_1_223' title='bbox 1447 1723 1477 1778; x_wconf 92' lang='lat' dir='ltr'>in</span> <span class='ocrx_word' id='word_1_224' title='bbox 1492 1723 1628 1778; x_wconf 88' lang='lat' dir='ltr'>varietate</span> <span class='ocrx_word' id='word_1_225' title='bbox 1644 1723 1826 1781; x_wconf 84' lang='lat' dir='ltr'>diversarum</span> <span class='ocrx_word' id='word_1_226' title='bbox 1838 1725 1902 1781; x_wconf 82' lang='lat' dir='ltr'>disci</span> 
     </span>
     <span class='ocr_line' id='line_1_18' title="bbox 162 1812 1946 1885; baseline -0.003 -14"><span class='ocrx_word' id='word_1_227' title='bbox 162 1816 256 1872; x_wconf 81' lang='lat' dir='ltr'>tlutrae</span> <span class='ocrx_word' id='word_1_228' title='bbox 275 1831 378 1869; x_wconf 83' lang='lat' dir='ltr'>rvxores</span> <span class='ocrx_word' id='word_1_229' title='bbox 402 1815 489 1869; x_wconf 87' lang='lat' dir='ltr'>llavid</span> <span class='ocrx_word' id='word_1_230' title='bbox 507 1815 610 1867; x_wconf 87' lang='lat' dir='ltr'>multus</span> <span class='ocrx_word' id='word_1_231' title='bbox 631 1817 731 1884; x_wconf 90' lang='lat' dir='ltr'>gentes</span> <span class='ocrx_word' id='word_1_232' title='bbox 754 1812 927 1885; x_wconf 83' lang='lat' dir='ltr'>significant,</span> <span class='ocrx_word' id='word_1_233' title='bbox 947 1829 1011 1885; x_wconf 83' lang='lat' dir='ltr'>quae</span> <span class='ocrx_word' id='word_1_234' title='bbox 1066 1815 1209 1885; x_wconf 86' lang='lat' dir='ltr'>pliuarum</span> <span class='ocrx_word' id='word_1_235' title='bbox 1235 1813 1378 1880; x_wconf 81' lang='lat' dir='ltr'>historice,</span> <span class='ocrx_word' id='word_1_236' title='bbox 1415 1812 1578 1883; x_wconf 80' lang='lat' dir='ltr'>allegorice,</span> <span class='ocrx_word' id='word_1_237' title='bbox 1603 1812 1795 1884; x_wconf 88' lang='lat' dir='ltr'>tropologice,</span> <span class='ocrx_word' id='word_1_238' title='bbox 1820 1816 1846 1867; x_wconf 90' lang='lat' dir='ltr'>et</span> <span class='ocrx_word' id='word_1_239' title='bbox 1862 1825 1902 1880; x_wconf 84' lang='lat' dir='ltr'>per</span> <span class='ocrx_word' id='word_1_240' title='bbox 1945 1843 1946 1854; x_wconf 31' lang='grc' dir='ltr'><strong>κ</strong></span> 
     </span>
     <span class='ocr_line' id='line_1_19' title="bbox 161 1898 1901 1976; baseline -0.004 -17"><span class='ocrx_word' id='word_1_241' title='bbox 161 1921 213 1976; x_wconf 89' lang='lat' dir='ltr'>per</span> <span class='ocrx_word' id='word_1_242' title='bbox 237 1904 322 1959; x_wconf 86' lang='lat' dir='ltr'>fidem</span> <span class='ocrx_word' id='word_1_243' title='bbox 341 1902 451 1959; x_wconf 74' lang='lat' dir='ltr'>Christo</span> <span class='ocrx_word' id='word_1_244' title='bbox 466 1903 646 1974; x_wconf 86' lang='lat' dir='ltr'>copulantur.</span> <span class='ocrx_word' id='word_1_245' title='bbox 662 1901 843 1967; x_wconf 80' lang='lat' dir='ltr'>Concubinae,</span> <span class='ocrx_word' id='word_1_246' title='bbox 860 1900 1010 1956; x_wconf 86' lang='lat' dir='ltr'>haeretico·</span> <span class='ocrx_word' id='word_1_247' title='bbox 1065 1917 1215 1974; x_wconf 87' lang='lat' dir='ltr'>anagogen</span> <span class='ocrx_word' id='word_1_248' title='bbox 1240 1917 1355 1955; x_wconf 82' lang='lat' dir='ltr'>errarem</span> <span class='ocrx_word' id='word_1_249' title='bbox 1380 1916 1482 1955; x_wconf 89' lang='lat' dir='ltr'>sonum</span> <span class='ocrx_word' id='word_1_250' title='bbox 1506 1898 1652 1970; x_wconf 82' lang='lat' dir='ltr'>exprimit,</span> <span class='ocrx_word' id='word_1_251' title='bbox 1674 1899 1724 1954; x_wconf 87' lang='lat' dir='ltr'>sed</span> <span class='ocrx_word' id='word_1_252' title='bbox 1749 1916 1768 1955; x_wconf 85' lang='lat' dir='ltr'>a</span> <span class='ocrx_word' id='word_1_253' title='bbox 1782 1898 1901 1970; x_wconf 80' lang='lat' dir='ltr'>sympho-</span> 
     </span>
     <span class='ocr_line' id='line_1_20' title="bbox 161 1986 1901 2064; baseline -0.003 -17"><span class='ocrx_word' id='word_1_254' title='bbox 161 2009 226 2047; x_wconf 90' lang='lat' dir='ltr'>rum</span> <span class='ocrx_word' id='word_1_255' title='bbox 254 1995 395 2058; x_wconf 87' lang='lat' dir='ltr'>ecclesias,</span> <span class='ocrx_word' id='word_1_256' title='bbox 423 2009 487 2064; x_wconf 82' lang='lat' dir='ltr'>quae</span> <span class='ocrx_word' id='word_1_257' title='bbox 512 1991 665 2047; x_wconf 85' lang='lat' dir='ltr'>Christiani</span> <span class='ocrx_word' id='word_1_258' title='bbox 690 1990 814 2046; x_wconf 86' lang='lat' dir='ltr'>nominis</span> <span class='ocrx_word' id='word_1_259' title='bbox 845 1990 928 2046; x_wconf 89' lang='lat' dir='ltr'>titulo</span> <span class='ocrx_word' id='word_1_260' title='bbox 949 1991 1010 2061; x_wconf 89' lang='lat' dir='ltr'>glo·</span> <span class='ocrx_word' id='word_1_261' title='bbox 1065 1991 1121 2045; x_wconf 81' lang='lat' dir='ltr'>nite</span> <span class='ocrx_word' id='word_1_262' title='bbox 1146 1989 1326 2060; x_wconf 84' lang='lat' dir='ltr'>simplicitate</span> <span class='ocrx_word' id='word_1_263' title='bbox 1349 2005 1408 2043; x_wconf 91' lang='lat' dir='ltr'>non</span> <span class='ocrx_word' id='word_1_264' title='bbox 1435 1988 1549 2044; x_wconf 85' lang='lat' dir='ltr'>recedit.</span> <span class='ocrx_word' id='word_1_265' title='bbox 1571 1987 1708 2059; x_wconf 85' lang='lat' dir='ltr'>Cymbala</span> <span class='ocrx_word' id='word_1_266' title='bbox 1722 1995 1821 2043; x_wconf 87' lang='lat' dir='ltr'>autem</span> <span class='ocrx_word' id='word_1_267' title='bbox 1835 1986 1901 2042; x_wconf 88' lang='lat' dir='ltr'>adin·</span> 
     </span>
     <span class='ocr_line' id='line_1_21' title="bbox 160 2076 1902 2152; baseline -0.003 -16"><span class='ocrx_word' id='word_1_268' title='bbox 160 2082 282 2136; x_wconf 87' lang='lat' dir='ltr'>riantur.</span> <span class='ocrx_word' id='word_1_269' title='bbox 306 2081 360 2136; x_wconf 87' lang='lat' dir='ltr'>Sed</span> <span class='ocrx_word' id='word_1_270' title='bbox 377 2081 445 2152; x_wconf 83' lang='lat' dir='ltr'>qnia</span> <span class='ocrx_word' id='word_1_271' title='bbox 469 2086 587 2151; x_wconf 88' lang='lat' dir='ltr'>propter</span> <span class='ocrx_word' id='word_1_272' title='bbox 610 2079 737 2134; x_wconf 87' lang='lat' dir='ltr'>carnalia</span> <span class='ocrx_word' id='word_1_273' title='bbox 760 2080 838 2134; x_wconf 90' lang='lat' dir='ltr'>lucra</span> <span class='ocrx_word' id='word_1_274' title='bbox 865 2079 1011 2135; x_wconf 85' lang='lat' dir='ltr'>Christum</span> <span class='ocrx_word' id='word_1_275' title='bbox 1065 2080 1154 2134; x_wconf 89' lang='lat' dir='ltr'>vicem</span> <span class='ocrx_word' id='word_1_276' title='bbox 1179 2095 1313 2150; x_wconf 88' lang='lat' dir='ltr'>percussa</span> <span class='ocrx_word' id='word_1_277' title='bbox 1330 2093 1433 2131; x_wconf 90' lang='lat' dir='ltr'>sonum</span> <span class='ocrx_word' id='word_1_278' title='bbox 1448 2077 1567 2144; x_wconf 86' lang='lat' dir='ltr'>iaciunt,</span> <span class='ocrx_word' id='word_1_279' title='bbox 1584 2076 1685 2130; x_wconf 90' lang='lat' dir='ltr'>unde:</span> <span class='ocrx_word' id='word_1_280' title='bbox 1716 2077 1902 2131; x_wconf 78' lang='lat' dir='ltr'>Luadatemn</span> 
     </span>
     <span class='ocr_line' id='line_1_22' title="bbox 163 2164 1904 2240; baseline -0.004 -16"><span class='ocrx_word' id='word_1_281' title='bbox 163 2175 331 2240; x_wconf 87' lang='lat' dir='ltr'>sequuntur,</span> <span class='ocrx_word' id='word_1_282' title='bbox 354 2185 412 2224; x_wconf 92' lang='lat' dir='ltr'>non</span> <span class='ocrx_word' id='word_1_283' title='bbox 439 2169 585 2240; x_wconf 76' lang='lat' dir='ltr'>conjuges,</span> <span class='ocrx_word' id='word_1_284' title='bbox 615 2169 662 2224; x_wconf 91' lang='lat' dir='ltr'>sed</span> <span class='ocrx_word' id='word_1_285' title='bbox 685 2168 851 2223; x_wconf 82' lang='lat' dir='ltr'>concubinae</span> <span class='ocrx_word' id='word_1_286' title='bbox 866 2168 1009 2224; x_wconf 90' lang='lat' dir='ltr'>dicuutur.</span> <span class='ocrx_word' id='word_1_287' title='bbox 1064 2171 1094 2223; x_wconf 86' lang='lat' dir='ltr'>in</span> <span class='ocrx_word' id='word_1_288' title='bbox 1125 2168 1258 2237; x_wconf 73' lang='lat' dir='ltr'>cymbalis</span> <span class='ocrx_word' id='word_1_289' title='bbox 1290 2168 1352 2221; x_wconf 88' lang='lat' dir='ltr'>benc</span> <span class='ocrx_word' id='word_1_290' title='bbox 1379 2165 1548 2230; x_wconf 71' lang='lat' dir='ltr'>sociantibus,</span> <span class='ocrx_word' id='word_1_291' title='bbox 1581 2165 1664 2235; x_wconf 80' lang='lat' dir='ltr'>(Paul.</span> <span class='ocrx_word' id='word_1_292' title='bbox 1699 2165 1753 2235; x_wconf 80' lang='lat' dir='ltr'>ca).</span> <span class='ocrx_word' id='word_1_293' title='bbox 1785 2164 1904 2236; x_wconf 84' lang='lat' dir='ltr'>Cymbala</span> 
     </span>
     <span class='ocr_line' id='line_1_23' title="bbox 163 2251 1903 2328; baseline -0.003 -17"><span class='ocrx_word' id='word_1_294' title='bbox 163 2257 244 2311; x_wconf 88' lang='lat' dir='ltr'>Nunc</span> <span class='ocrx_word' id='word_1_295' title='bbox 269 2273 351 2326; x_wconf 85' lang='lat' dir='ltr'>reges</span> <span class='ocrx_word' id='word_1_296' title='bbox 376 2257 399 2310; x_wconf 87' lang='lat' dir='ltr'>si</span> <span class='ocrx_word' id='word_1_297' title='bbox 415 2258 511 2328; x_wconf 87' lang='lat' dir='ltr'>plures</span> <span class='ocrx_word' id='word_1_298' title='bbox 540 2255 664 2310; x_wconf 87' lang='lat' dir='ltr'>habeant</span> <span class='ocrx_word' id='word_1_299' title='bbox 690 2271 802 2324; x_wconf 81' lang='lat' dir='ltr'>uxores,</span> <span class='ocrx_word' id='word_1_300' title='bbox 828 2255 936 2312; x_wconf 86' lang='lat' dir='ltr'>crimen</span> <span class='ocrx_word' id='word_1_301' title='bbox 959 2259 1010 2326; x_wconf 83' lang='lat' dir='ltr'>esi,</span> <span class='ocrx_word' id='word_1_302' title='bbox 1064 2257 1138 2312; x_wconf 82' lang='lat' dir='ltr'>bene</span> <span class='ocrx_word' id='word_1_303' title='bbox 1152 2255 1285 2311; x_wconf 86' lang='lat' dir='ltr'>sonantia</span> <span class='ocrx_word' id='word_1_304' title='bbox 1313 2259 1381 2309; x_wconf 90' lang='lat' dir='ltr'>sunt</span> <span class='ocrx_word' id='word_1_305' title='bbox 1408 2254 1484 2309; x_wconf 89' lang='lat' dir='ltr'>labia</span> <span class='ocrx_word' id='word_1_306' title='bbox 1511 2259 1618 2323; x_wconf 88' lang='lat' dir='ltr'>nostra,</span> <span class='ocrx_word' id='word_1_307' title='bbox 1642 2269 1709 2325; x_wconf 84' lang='lat' dir='ltr'>quoe</span> <span class='ocrx_word' id='word_1_308' title='bbox 1734 2251 1903 2324; x_wconf 71' lang='lat' dir='ltr'>percussam</span> 
     </span>
     <span class='ocr_line' id='line_1_24' title="bbox 162 2342 1903 2417; baseline -0.002 -17"><span class='ocrx_word' id='word_1_309' title='bbox 162 2347 229 2417; x_wconf 86' lang='lat' dir='ltr'>quia</span> <span class='ocrx_word' id='word_1_310' title='bbox 242 2345 344 2416; x_wconf 83' lang='lat' dir='ltr'>figurae</span> <span class='ocrx_word' id='word_1_311' title='bbox 363 2345 551 2399; x_wconf 82' lang='lat' dir='ltr'>transierunt.</span> <span class='ocrx_word' id='word_1_312' title='bbox 1064 2345 1186 2401; x_wconf 89' lang='lat' dir='ltr'>invicem</span> <span class='ocrx_word' id='word_1_313' title='bbox 1201 2359 1317 2399; x_wconf 85' lang='lat' dir='ltr'>suavem</span> <span class='ocrx_word' id='word_1_314' title='bbox 1343 2343 1478 2398; x_wconf 81' lang='lat' dir='ltr'>humanae</span> <span class='ocrx_word' id='word_1_315' title='bbox 1492 2342 1567 2397; x_wconf 90' lang='lat' dir='ltr'>vocis</span> <span class='ocrx_word' id='word_1_316' title='bbox 1583 2343 1767 2398; x_wconf 87' lang='lat' dir='ltr'>harmoniam</span> <span class='ocrx_word' id='word_1_317' title='bbox 1783 2343 1903 2398; x_wconf 87' lang='lat' dir='ltr'>reddunt.</span> 
     </span>
    </p>

    <p class='ocr_par' dir='ltr' id='par_1_7' title="bbox 163 2431 1905 2684">
     <span class='ocr_line' id='line_1_25' title="bbox 198 2431 1904 2506; baseline -0.002 -18"><span class='ocrx_word' id='word_1_318' title='bbox 198 2436 276 2490; x_wconf 85' lang='lat' dir='ltr'>Vane.</span> <span class='ocrx_word' id='word_1_319' title='bbox 294 2438 320 2490; x_wconf 87' lang='lat'>8.</span> <span class='ocrx_word' id='word_1_320' title='bbox 342 2466 375 2475; x_wconf 96' lang='lat'>-</span> <span class='ocrx_word' id='word_1_321' title='bbox 405 2434 555 2489; x_wconf 82' lang='lat' dir='ltr'>Audientcs</span> <span class='ocrx_word' id='word_1_322' title='bbox 579 2438 676 2488; x_wconf 84' lang='lat' dir='ltr'>antcm.</span> <span class='ocrx_word' id='word_1_323' title='bbox 699 2432 850 2488; x_wconf 83' lang='lat' dir='ltr'>Ditlamata</span> <span class='ocrx_word' id='word_1_324' title='bbox 864 2433 1011 2506; x_wconf 89' lang='lat' dir='ltr'>Evangelii</span> <span class='ocrx_word' id='word_1_325' title='bbox 1101 2436 1183 2489; x_wconf 82' lang='lat' dir='ltr'>Vens.</span> <span class='ocrx_word' id='word_1_326' title='bbox 1208 2435 1253 2488; x_wconf 72' lang='lat' dir='ltr'>it.</span> <span class='ocrx_word' id='word_1_327' title='bbox 1277 2462 1312 2474; x_wconf 92' lang='lat'>-</span> <span class='ocrx_word' id='word_1_328' title='bbox 1334 2435 1386 2486; x_wconf 86' lang='lat' dir='ltr'>Pro</span> <span class='ocrx_word' id='word_1_329' title='bbox 1407 2434 1503 2486; x_wconf 84' lang='lat' dir='ltr'>octana</span> <span class='ocrx_word' id='word_1_330' title='bbox 1526 2431 1667 2497; x_wconf 82' lang='lat' dir='ltr'>canebant,</span> <span class='ocrx_word' id='word_1_331' title='bbox 1692 2436 1747 2486; x_wconf 89' lang='lat' dir='ltr'>etc.</span> <span class='ocrx_word' id='word_1_332' title='bbox 1776 2432 1904 2500; x_wconf 78' lang='lat' dir='ltr'>(tiresus.)</span> 
     </span>
     <span class='ocr_line' id='line_1_26' title="bbox 163 2518 1905 2596; baseline -0.002 -18"><span class='ocrx_word' id='word_1_333' title='bbox 163 2524 255 2596; x_wconf 87' lang='lat' dir='ltr'>gratia</span> <span class='ocrx_word' id='word_1_334' title='bbox 271 2529 298 2578; x_wconf 89' lang='lat' dir='ltr'>el</span> <span class='ocrx_word' id='word_1_335' title='bbox 313 2538 402 2594; x_wconf 86' lang='lat' dir='ltr'>regno</span> <span class='ocrx_word' id='word_1_336' title='bbox 417 2519 520 2578; x_wconf 87' lang='lat' dir='ltr'>Christi</span> <span class='ocrx_word' id='word_1_337' title='bbox 537 2520 644 2591; x_wconf 89' lang='lat' dir='ltr'>ubique</span> <span class='ocrx_word' id='word_1_338' title='bbox 657 2520 824 2590; x_wconf 80' lang='lat' dir='ltr'>prredicato,</span> <span class='ocrx_word' id='word_1_339' title='bbox 840 2524 939 2590; x_wconf 88' lang='lat' dir='ltr'>gentes</span> <span class='ocrx_word' id='word_1_340' title='bbox 954 2536 1011 2575; x_wconf 94' lang='lat' dir='ltr'>un·</span> <span class='ocrx_word' id='word_1_341' title='bbox 1065 2524 1097 2577; x_wconf 92' lang='lat' dir='ltr'>lu</span> <span class='ocrx_word' id='word_1_342' title='bbox 1119 2522 1163 2577; x_wconf 92' lang='lat' dir='ltr'>die</span> <span class='ocrx_word' id='word_1_343' title='bbox 1189 2521 1296 2576; x_wconf 89' lang='lat' dir='ltr'>scilicet</span> <span class='ocrx_word' id='word_1_344' title='bbox 1316 2519 1416 2591; x_wconf 80' lang='lat' dir='ltr'>judicii</span> <span class='ocrx_word' id='word_1_345' title='bbox 1442 2519 1597 2574; x_wconf 90' lang='lat' dir='ltr'>adveutum</span> <span class='ocrx_word' id='word_1_346' title='bbox 1626 2519 1742 2574; x_wconf 85' lang='lat' dir='ltr'>Domini</span> <span class='ocrx_word' id='word_1_347' title='bbox 1769 2518 1905 2591; x_wconf 84' lang='lat' dir='ltr'>siguifica-</span> 
     </span>
     <span class='ocr_line' id='line_1_27' title="bbox 163 2605 1905 2684; baseline -0.003 -17"><span class='ocrx_word' id='word_1_348' title='bbox 163 2612 250 2684; x_wconf 89' lang='lat' dir='ltr'>dique</span> <span class='ocrx_word' id='word_1_349' title='bbox 265 2610 682 2666; x_wconf 81' lang='lat' dir='ltr'>surrexeruntcontradicentes</span> <span class='ocrx_word' id='word_1_350' title='bbox 698 2608 851 2680; x_wconf 86' lang='lat' dir='ltr'>Evangelio</span> <span class='ocrx_word' id='word_1_351' title='bbox 870 2609 957 2680; x_wconf 89' lang='lat' dir='ltr'>pacis.</span> <span class='ocrx_word' id='word_1_352' title='bbox 1065 2611 1144 2679; x_wconf 90' lang='lat' dir='ltr'>bant,</span> <span class='ocrx_word' id='word_1_353' title='bbox 1165 2608 1195 2664; x_wconf 92' lang='lat' dir='ltr'>in</span> <span class='ocrx_word' id='word_1_354' title='bbox 1219 2625 1287 2680; x_wconf 87' lang='lat' dir='ltr'>quo,</span> <span class='ocrx_word' id='word_1_355' title='bbox 1316 2607 1399 2662; x_wconf 86' lang='lat' dir='ltr'>linita</span> <span class='ocrx_word' id='word_1_356' title='bbox 1424 2607 1522 2662; x_wconf 78' lang='lat' dir='ltr'>saeculi</span> <span class='ocrx_word' id='word_1_357' title='bbox 1550 2606 1743 2673; x_wconf 87' lang='lat' dir='ltr'>bebdomada,</span> <span class='ocrx_word' id='word_1_358' title='bbox 1773 2605 1905 2662; x_wconf 88' lang='lat' dir='ltr'>venietad</span> 
     </span>
    </p>

    <p class='ocr_par' dir='ltr' id='par_1_8' title="bbox 162 2695 1907 3036">
     <span class='ocr_line' id='line_1_28' title="bbox 199 2695 1907 2771; baseline -0.001 -20"><span class='ocrx_word' id='word_1_359' title='bbox 199 2701 284 2755; x_wconf 82' lang='lat' dir='ltr'>l&#39;aes.</span> <span class='ocrx_word' id='word_1_360' title='bbox 304 2701 345 2754; x_wconf 75' lang='lat'>¹5.</span> <span class='ocrx_word' id='word_1_361' title='bbox 361 2730 396 2739; x_wconf 96' lang='lat'>-</span> <span class='ocrx_word' id='word_1_362' title='bbox 412 2701 443 2754; x_wconf 83' lang='lat' dir='ltr'>ht</span> <span class='ocrx_word' id='word_1_363' title='bbox 467 2696 604 2752; x_wconf 84' lang='lat' dir='ltr'>cacumine</span> <span class='ocrx_word' id='word_1_364' title='bbox 626 2712 767 2767; x_wconf 77' lang='lat' dir='ltr'>pyrorum.</span> <span class='ocrx_word' id='word_1_365' title='bbox 794 2697 887 2768; x_wconf 79' lang='lat' dir='ltr'>(llas.)</span> <span class='ocrx_word' id='word_1_366' title='bbox 909 2696 941 2752; x_wconf 93' lang='lat' dir='ltr'>lu</span> <span class='ocrx_word' id='word_1_367' title='bbox 957 2696 1011 2751; x_wconf 87' lang='lat' dir='ltr'>lle-</span> <span class='ocrx_word' id='word_1_368' title='bbox 1063 2698 1214 2771; x_wconf 89' lang='lat' dir='ltr'>judicium.</span> <span class='ocrx_word' id='word_1_369' title='bbox 1238 2697 1317 2752; x_wconf 91' lang='lat' dir='ltr'>Unde</span> <span class='ocrx_word' id='word_1_370' title='bbox 1340 2701 1434 2751; x_wconf 85' lang='lat' dir='ltr'>sextus</span> <span class='ocrx_word' id='word_1_371' title='bbox 1460 2696 1597 2767; x_wconf 88' lang='lat' dir='ltr'>psalmus,</span> <span class='ocrx_word' id='word_1_372' title='bbox 1623 2695 1674 2768; x_wconf 86' lang='lat' dir='ltr'>qui</span> <span class='ocrx_word' id='word_1_373' title='bbox 1699 2711 1767 2752; x_wconf 90' lang='lat' dir='ltr'>cum</span> <span class='ocrx_word' id='word_1_374' title='bbox 1791 2701 1907 2751; x_wconf 86' lang='lat' dir='ltr'>tremore</span> 
     </span>
     <span class='ocr_line' id='line_1_29' title="bbox 163 2784 1905 2860; baseline -0.002 -16"><span class='ocrx_word' id='word_1_375' title='bbox 163 2789 241 2844; x_wconf 83' lang='lat' dir='ltr'>braeo</span> <span class='ocrx_word' id='word_1_376' title='bbox 271 2805 349 2857; x_wconf 89' lang='lat' dir='ltr'>vero,</span> <span class='ocrx_word' id='word_1_377' title='bbox 377 2790 510 2857; x_wconf 70' lang='lat' dir='ltr'>flentium,</span> <span class='ocrx_word' id='word_1_378' title='bbox 540 2787 569 2842; x_wconf 92' lang='lat' dir='ltr'>id</span> <span class='ocrx_word' id='word_1_379' title='bbox 595 2793 647 2854; x_wconf 88' lang='lat' dir='ltr'>est,</span> <span class='ocrx_word' id='word_1_380' title='bbox 675 2787 820 2842; x_wconf 87' lang='lat' dir='ltr'>idolorum</span> <span class='ocrx_word' id='word_1_381' title='bbox 838 2785 936 2841; x_wconf 89' lang='lat' dir='ltr'>venire</span> <span class='ocrx_word' id='word_1_382' title='bbox 960 2787 1012 2856; x_wconf 87' lang='lat' dir='ltr'>ju·</span> <span class='ocrx_word' id='word_1_383' title='bbox 1063 2786 1320 2860; x_wconf 88' lang='lat' dir='ltr'>judiciicantatur,</span> <span class='ocrx_word' id='word_1_384' title='bbox 1349 2784 1400 2838; x_wconf 90' lang='lat' dir='ltr'>tali</span> <span class='ocrx_word' id='word_1_385' title='bbox 1429 2784 1513 2838; x_wconf 90' lang='lat' dir='ltr'>titulo</span> <span class='ocrx_word' id='word_1_386' title='bbox 1541 2788 1729 2856; x_wconf 76' lang='lat' dir='ltr'>praenotatur.</span> <span class='ocrx_word' id='word_1_387' title='bbox 1754 2784 1805 2840; x_wconf 86' lang='lat' dir='ltr'>llic</span> <span class='ocrx_word' id='word_1_388' title='bbox 1822 2791 1905 2840; x_wconf 86' lang='lat' dir='ltr'>auten</span> 
     </span>
     <span class='ocr_line' id='line_1_30' title="bbox 163 2872 1905 2947; baseline -0.002 -15"><span class='ocrx_word' id='word_1_389' title='bbox 163 2877 219 2944; x_wconf 87' lang='lat' dir='ltr'>bet,</span> <span class='ocrx_word' id='word_1_390' title='bbox 249 2883 315 2946; x_wconf 84' lang='lat' dir='ltr'>ete,</span> <span class='ocrx_word' id='word_1_391' title='bbox 345 2892 428 2946; x_wconf 79' lang='lat' dir='ltr'>usque</span> <span class='ocrx_word' id='word_1_392' title='bbox 455 2877 493 2931; x_wconf 87' lang='lat' dir='ltr'>od</span> <span class='ocrx_word' id='word_1_393' title='bbox 518 2891 589 2947; x_wconf 88' lang='lat' dir='ltr'>quos</span> <span class='ocrx_word' id='word_1_394' title='bbox 617 2874 739 2946; x_wconf 83' lang='lat' dir='ltr'>Spiritus</span> <span class='ocrx_word' id='word_1_395' title='bbox 769 2879 884 2931; x_wconf 89' lang='lat' dir='ltr'>sanctus</span> <span class='ocrx_word' id='word_1_396' title='bbox 912 2874 1013 2946; x_wconf 88' lang='lat' dir='ltr'>dirigit</span> <span class='ocrx_word' id='word_1_397' title='bbox 1066 2892 1204 2932; x_wconf 89' lang='lat' dir='ltr'>numerus</span> <span class='ocrx_word' id='word_1_398' title='bbox 1238 2890 1344 2945; x_wconf 89' lang='lat' dir='ltr'>magna</span> <span class='ocrx_word' id='word_1_399' title='bbox 1374 2873 1502 2929; x_wconf 90' lang='lat' dir='ltr'>continet</span> <span class='ocrx_word' id='word_1_400' title='bbox 1535 2879 1722 2928; x_wconf 89' lang='lat' dir='ltr'>sacramenta.</span> <span class='ocrx_word' id='word_1_401' title='bbox 1756 2872 1827 2929; x_wconf 86' lang='lat' dir='ltr'>Octo</span> <span class='ocrx_word' id='word_1_402' title='bbox 1854 2874 1905 2928; x_wconf 87' lang='lat' dir='ltr'>aoi-</span> 
     </span>
     <span class='ocr_line' id='line_1_31' title="bbox 162 2962 1904 3036; baseline -0.002 -15"><span class='ocrx_word' id='word_1_403' title='bbox 162 2965 378 3036; x_wconf 85' lang='lat' dir='ltr'>praemonemio.</span> <span class='ocrx_word' id='word_1_404' title='bbox 1027 2964 1273 3036; x_wconf 79' lang='lat' dir='ltr'>Cmaeiugressae</span> <span class='ocrx_word' id='word_1_405' title='bbox 1306 2968 1373 3018; x_wconf 87' lang='lat' dir='ltr'>suut</span> <span class='ocrx_word' id='word_1_406' title='bbox 1400 2963 1429 3017; x_wconf 94' lang='lat' dir='ltr'>in</span> <span class='ocrx_word' id='word_1_407' title='bbox 1459 2977 1553 3016; x_wconf 85' lang='lat' dir='ltr'>arcam</span> <span class='ocrx_word' id='word_1_408' title='bbox 1583 2962 1652 3029; x_wconf 89' lang='lat' dir='ltr'>Noe,</span> <span class='ocrx_word' id='word_1_409' title='bbox 1678 2965 1708 3017; x_wconf 86' lang='lat' dir='ltr'>et</span> <span class='ocrx_word' id='word_1_410' title='bbox 1734 2963 1904 3034; x_wconf 84' lang='lat' dir='ltr'>muudoper</span> 
     </span>
    </p>

    <p class='ocr_par' dir='ltr' id='par_1_9' title="bbox 163 3048 1901 3387">
     <span class='ocr_line' id='line_1_32' title="bbox 200 3048 1901 3122; baseline -0.003 -13"><span class='ocrx_word' id='word_1_411' title='bbox 200 3056 281 3110; x_wconf 83' lang='lat' dir='ltr'>Vens.</span> <span class='ocrx_word' id='word_1_412' title='bbox 307 3058 349 3109; x_wconf 82' lang='lat' dir='ltr'>to.</span> <span class='ocrx_word' id='word_1_413' title='bbox 372 3083 405 3097; x_wconf 92' lang='lat'>-</span> <span class='ocrx_word' id='word_1_414' title='bbox 431 3055 473 3109; x_wconf 89' lang='lat' dir='ltr'>De</span> <span class='ocrx_word' id='word_1_415' title='bbox 502 3053 616 3109; x_wconf 83' lang='lat' dir='ltr'>Gabaon</span> <span class='ocrx_word' id='word_1_416' title='bbox 645 3068 729 3122; x_wconf 80' lang='lat' dir='ltr'>usque</span> <span class='ocrx_word' id='word_1_417' title='bbox 753 3054 869 3108; x_wconf 81' lang='lat' dir='ltr'>Gocero.</span> <span class='ocrx_word' id='word_1_418' title='bbox 888 3052 1014 3108; x_wconf 89' lang='lat' dir='ltr'>Percutit</span> <span class='ocrx_word' id='word_1_419' title='bbox 1066 3058 1151 3109; x_wconf 88' lang='lat' dir='ltr'>eunte</span> <span class='ocrx_word' id='word_1_420' title='bbox 1167 3054 1290 3107; x_wconf 74' lang='lat' dir='ltr'>salvatae.</span> <span class='ocrx_word' id='word_1_421' title='bbox 1308 3053 1429 3106; x_wconf 87' lang='lat' dir='ltr'>Octavus</span> <span class='ocrx_word' id='word_1_422' title='bbox 1444 3049 1519 3105; x_wconf 87' lang='lat' dir='ltr'>filius</span> <span class='ocrx_word' id='word_1_423' title='bbox 1533 3049 1608 3104; x_wconf 86' lang='lat' dir='ltr'>Jesse</span> <span class='ocrx_word' id='word_1_424' title='bbox 1622 3048 1678 3104; x_wconf 84' lang='lat' dir='ltr'>tuit</span> <span class='ocrx_word' id='word_1_425' title='bbox 1703 3049 1806 3119; x_wconf 85' lang='lat' dir='ltr'>David,</span> <span class='ocrx_word' id='word_1_426' title='bbox 1829 3065 1901 3122; x_wconf 84' lang='lat' dir='ltr'>quen</span> 
     </span>
     <span class='ocr_line' id='line_1_33' title="bbox 164 3137 1900 3214; baseline -0.003 -17"><span class='ocrx_word' id='word_1_427' title='bbox 164 3143 292 3198; x_wconf 86' lang='lat' dir='ltr'>Christus</span> <span class='ocrx_word' id='word_1_428' title='bbox 307 3142 354 3214; x_wconf 89' lang='lat' dir='ltr'>qui</span> <span class='ocrx_word' id='word_1_429' title='bbox 373 3142 401 3196; x_wconf 91' lang='lat' dir='ltr'>in</span> <span class='ocrx_word' id='word_1_430' title='bbox 416 3143 487 3196; x_wconf 89' lang='lat' dir='ltr'>colle</span> <span class='ocrx_word' id='word_1_431' title='bbox 513 3141 655 3214; x_wconf 83' lang='lat' dir='ltr'>superbire</span> <span class='ocrx_word' id='word_1_432' title='bbox 681 3140 849 3207; x_wconf 90' lang='lat' dir='ltr'>consistunt,</span> <span class='ocrx_word' id='word_1_433' title='bbox 871 3146 899 3196; x_wconf 91' lang='lat' dir='ltr'>et</span> <span class='ocrx_word' id='word_1_434' title='bbox 914 3147 1013 3195; x_wconf 91' lang='lat' dir='ltr'>conte·</span> <span class='ocrx_word' id='word_1_435' title='bbox 1067 3144 1204 3199; x_wconf 86' lang='lat' dir='ltr'>Dominus</span> <span class='ocrx_word' id='word_1_436' title='bbox 1234 3140 1330 3211; x_wconf 90' lang='lat' dir='ltr'>elegit.</span> <span class='ocrx_word' id='word_1_437' title='bbox 1362 3139 1410 3194; x_wconf 85' lang='lat' dir='ltr'>Die</span> <span class='ocrx_word' id='word_1_438' title='bbox 1439 3144 1537 3194; x_wconf 89' lang='lat' dir='ltr'>octavo</span> <span class='ocrx_word' id='word_1_439' title='bbox 1565 3137 1700 3209; x_wconf 89' lang='lat' dir='ltr'>purificat</span> <span class='ocrx_word' id='word_1_440' title='bbox 1728 3138 1900 3194; x_wconf 84' lang='lat' dir='ltr'>circumcisio</span> 
     </span>
     <span class='ocr_line' id='line_1_34' title="bbox 163 3226 1801 3300; baseline 0 -17"><span class='ocrx_word' id='word_1_441' title='bbox 163 3230 202 3285; x_wconf 90' lang='lat' dir='ltr'>rit</span> <span class='ocrx_word' id='word_1_442' title='bbox 220 3247 317 3299; x_wconf 87' lang='lat' dir='ltr'>sepem</span> <span class='ocrx_word' id='word_1_443' title='bbox 346 3230 468 3299; x_wconf 78' lang='lat' dir='ltr'>duritioe,</span> <span class='ocrx_word' id='word_1_444' title='bbox 485 3247 585 3285; x_wconf 90' lang='lat' dir='ltr'>eorum</span> <span class='ocrx_word' id='word_1_445' title='bbox 615 3229 746 3284; x_wconf 88' lang='lat' dir='ltr'>dividens</span> <span class='ocrx_word' id='word_1_446' title='bbox 773 3228 959 3300; x_wconf 88' lang='lat' dir='ltr'>pertinaciam</span> <span class='ocrx_word' id='word_1_447' title='bbox 981 3233 1014 3284; x_wconf 91' lang='lat' dir='ltr'>ut</span> <span class='ocrx_word' id='word_1_448' title='bbox 1067 3233 1117 3287; x_wconf 89' lang='lat' dir='ltr'>Die</span> <span class='ocrx_word' id='word_1_449' title='bbox 1132 3236 1240 3299; x_wconf 88' lang='lat' dir='ltr'>octavo,</span> <span class='ocrx_word' id='word_1_450' title='bbox 1251 3229 1280 3284; x_wconf 91' lang='lat' dir='ltr'>id</span> <span class='ocrx_word' id='word_1_451' title='bbox 1295 3232 1335 3284; x_wconf 92' lang='lat' dir='ltr'>est</span> <span class='ocrx_word' id='word_1_452' title='bbox 1353 3226 1512 3296; x_wconf 88' lang='lat' dir='ltr'>Dominico,</span> <span class='ocrx_word' id='word_1_453' title='bbox 1525 3227 1647 3281; x_wconf 87' lang='lat' dir='ltr'>surrexit</span> <span class='ocrx_word' id='word_1_454' title='bbox 1661 3227 1801 3283; x_wconf 89' lang='lat' dir='ltr'>Christus.</span> 
     </span>
     <span class='ocr_line' id='line_1_35' title="bbox 163 3314 1899 3387; baseline -0.001 -18"><span class='ocrx_word' id='word_1_455' title='bbox 163 3317 241 3370; x_wconf 86' lang='lat' dir='ltr'>solus</span> <span class='ocrx_word' id='word_1_456' title='bbox 264 3317 427 3371; x_wconf 87' lang='lat' dir='ltr'>dominetur</span> <span class='ocrx_word' id='word_1_457' title='bbox 445 3316 475 3370; x_wconf 93' lang='lat' dir='ltr'>in</span> <span class='ocrx_word' id='word_1_458' title='bbox 490 3316 559 3371; x_wconf 92' lang='lat' dir='ltr'>orbe</span> <span class='ocrx_word' id='word_1_459' title='bbox 584 3314 828 3382; x_wconf 88' lang='lat' dir='ltr'>terrerum,uude</span> <span class='ocrx_word' id='word_1_460' title='bbox 857 3315 1010 3387; x_wconf 91' lang='lat' dir='ltr'>sequitur:</span> <span class='ocrx_word' id='word_1_461' title='bbox 1102 3322 1180 3375; x_wconf 81' lang='lat' dir='ltr'>Vens.</span> <span class='ocrx_word' id='word_1_462' title='bbox 1207 3319 1252 3374; x_wconf 73' lang='lat' dir='ltr'>ti.</span> <span class='ocrx_word' id='word_1_463' title='bbox 1269 3319 1400 3373; x_wconf 87' lang='lat' dir='ltr'>-Porro</span> <span class='ocrx_word' id='word_1_464' title='bbox 1428 3316 1555 3373; x_wconf 83' lang='lat' dir='ltr'>Sebenins</span> <span class='ocrx_word' id='word_1_465' title='bbox 1582 3320 1608 3371; x_wconf 85' lang='lat' dir='ltr'>et</span> <span class='ocrx_word' id='word_1_466' title='bbox 1631 3316 1776 3386; x_wconf 79' lang='lat' dir='ltr'>iosaphat,</span> <span class='ocrx_word' id='word_1_467' title='bbox 1806 3321 1858 3372; x_wconf 89' lang='lat' dir='ltr'>etc.</span> <span class='ocrx_word' id='word_1_468' title='bbox 1877 3314 1899 3370; x_wconf 89' lang='lat' dir='ltr'>lli</span> 
     </span>
    </p>
   </div>
   <div class='ocr_carea' id='block_1_3' title="bbox 163 3389 1899 3570">
    <p class='ocr_par' dir='ltr' id='par_1_10' title="bbox 163 3389 1899 3570">
     <span class='ocr_line' id='line_1_36' title="bbox 163 3389 1899 3481; baseline -0.001 -22"><span class='ocrx_word' id='word_1_469' title='bbox 163 3405 391 3473; x_wconf 74' lang='lat' dir='ltr'>htvutpammqne</span> <span class='ocrx_word' id='word_1_470' title='bbox 408 3409 448 3459; x_wconf 86' lang='lat' dir='ltr'>est</span> <span class='ocrx_word' id='word_1_471' title='bbox 470 3419 565 3459; x_wconf 84' lang='lat' dir='ltr'>nomen</span> <span class='ocrx_word' id='word_1_472' title='bbox 591 3404 681 3458; x_wconf 81' lang='lat' dir='ltr'>Dauid</span> <span class='ocrx_word' id='word_1_473' title='bbox 695 3389 724 3458; x_wconf 76' lang='lat' dir='ltr'>in</span> <span class='ocrx_word' id='word_1_474' title='bbox 740 3405 874 3458; x_wconf 82' lang='lat' dir='ltr'>universis</span> <span class='ocrx_word' id='word_1_475' title='bbox 886 3406 1013 3472; x_wconf 76' lang='lat' dir='ltr'>repient·</span> <span class='ocrx_word' id='word_1_476' title='bbox 1065 3415 1176 3481; x_wconf 87' lang='lat' dir='ltr'>septem</span> <span class='ocrx_word' id='word_1_477' title='bbox 1192 3407 1351 3462; x_wconf 86' lang='lat' dir='ltr'>sacerdotes</span> <span class='ocrx_word' id='word_1_478' title='bbox 1375 3422 1470 3460; x_wconf 87' lang='lat' dir='ltr'>coram</span> <span class='ocrx_word' id='word_1_479' title='bbox 1496 3421 1562 3460; x_wconf 88' lang='lat' dir='ltr'>arca</span> <span class='ocrx_word' id='word_1_480' title='bbox 1577 3405 1654 3460; x_wconf 88' lang='lat' dir='ltr'>tubis</span> <span class='ocrx_word' id='word_1_481' title='bbox 1668 3409 1804 3460; x_wconf 83' lang='lat' dir='ltr'>canentes</span> <span class='ocrx_word' id='word_1_482' title='bbox 1827 3402 1899 3460; x_wconf 85' lang='lat' dir='ltr'>sancti</span> 
     </span>
     <span class='ocr_line' id='line_1_37' title="bbox 164 3491 1897 3570; baseline 0.001 -24"><span class='ocrx_word' id='word_1_483' title='bbox 164 3491 224 3560; x_wconf 82' lang='lat' dir='ltr'>bus,</span> <span class='ocrx_word' id='word_1_484' title='bbox 238 3499 263 3548; x_wconf 87' lang='lat' dir='ltr'>et</span> <span class='ocrx_word' id='word_1_485' title='bbox 275 3493 415 3561; x_wconf 80' lang='lat' dir='ltr'>Dominus,</span> <span class='ocrx_word' id='word_1_486' title='bbox 431 3497 488 3548; x_wconf 88' lang='lat' dir='ltr'>etc.</span> <span class='ocrx_word' id='word_1_487' title='bbox 1065 3497 1278 3570; x_wconf 80' lang='lat' dir='ltr'>praedicatores,</span> <span class='ocrx_word' id='word_1_488' title='bbox 1302 3499 1368 3549; x_wconf 90' lang='lat' dir='ltr'>suut</span> <span class='ocrx_word' id='word_1_489' title='bbox 1391 3495 1551 3566; x_wconf 83' lang='lat' dir='ltr'>septiformi</span> <span class='ocrx_word' id='word_1_490' title='bbox 1572 3494 1681 3566; x_wconf 90' lang='lat' dir='ltr'>Spiritu</span> <span class='ocrx_word' id='word_1_491' title='bbox 1703 3493 1805 3566; x_wconf 75' lang='lat' dir='ltr'>gratie</span> <span class='ocrx_word' id='word_1_492' title='bbox 1825 3492 1897 3565; x_wconf 82' lang='lat' dir='ltr'>pleni,</span> 
     </span>
    </p>
   </div>
   <div class='ocr_carea' id='block_1_4' title="bbox 71 3583 1946 5609">
    <p class='ocr_par' dir='ltr' id='par_1_11' title="bbox 71 3583 1946 5609">
     <span class='ocr_line' id='line_1_38' title="bbox 1065 3583 1898 3660; baseline -0.006 -18"><span class='ocrx_word' id='word_1_493' title='bbox 1065 3587 1115 3660; x_wconf 89' lang='lat' dir='ltr'>qui</span> <span class='ocrx_word' id='word_1_494' title='bbox 1131 3586 1314 3658; x_wconf 87' lang='lat' dir='ltr'>Evangelium</span> <span class='ocrx_word' id='word_1_495' title='bbox 1328 3585 1358 3639; x_wconf 93' lang='lat' dir='ltr'>in</span> <span class='ocrx_word' id='word_1_496' title='bbox 1381 3584 1505 3639; x_wconf 84' lang='lat' dir='ltr'>Ecclesia</span> <span class='ocrx_word' id='word_1_497' title='bbox 1517 3583 1621 3639; x_wconf 89' lang='lat' dir='ltr'>Christi</span> <span class='ocrx_word' id='word_1_498' title='bbox 1640 3583 1811 3655; x_wconf 80' lang='lat' dir='ltr'>praedicant,</span> <span class='ocrx_word' id='word_1_499' title='bbox 1825 3587 1854 3639; x_wconf 90' lang='lat' dir='ltr'>et</span> <span class='ocrx_word' id='word_1_500' title='bbox 1867 3597 1898 3637; x_wconf 86' lang='lat' dir='ltr'>ss·</span> 
     </span>
     <span class='ocr_line' id='line_1_39' title="bbox 1065 3671 1838 3743; baseline -0.006 -12"><span class='ocrx_word' id='word_1_501' title='bbox 1065 3680 1244 3733; x_wconf 84' lang='lat' dir='ltr'>crementum</span> <span class='ocrx_word' id='word_1_502' title='bbox 1258 3672 1465 3729; x_wconf 88' lang='lat' dir='ltr'>incarnationis</span> <span class='ocrx_word' id='word_1_503' title='bbox 1480 3671 1660 3728; x_wconf 83' lang='lat' dir='ltr'>auditoribus</span> <span class='ocrx_word' id='word_1_504' title='bbox 1669 3671 1838 3743; x_wconf 71' lang='lat' dir='ltr'>predicant</span> 
     </span>
     <span class='ocr_line' id='line_1_40' title="bbox 197 3755 1900 3833; baseline 0.002 -18"><span class='ocrx_word' id='word_1_505' title='bbox 197 3761 276 3816; x_wconf 82' lang='lat' dir='ltr'>Vens.</span> <span class='ocrx_word' id='word_1_506' title='bbox 293 3763 320 3815; x_wconf 77' lang='lat'>2.</span> <span class='ocrx_word' id='word_1_507' title='bbox 336 3790 371 3801; x_wconf 95' lang='lat'><em>-</em></span> <span class='ocrx_word' id='word_1_508' title='bbox 388 3761 462 3815; x_wconf 82' lang='lat' dir='ltr'>Tunc</span> <span class='ocrx_word' id='word_1_509' title='bbox 487 3760 561 3816; x_wconf 82' lang='lat' dir='ltr'>dicit</span> <span class='ocrx_word' id='word_1_510' title='bbox 590 3762 680 3817; x_wconf 83' lang='lat' dir='ltr'>Dauid</span> <span class='ocrx_word' id='word_1_511' title='bbox 695 3778 702 3817; x_wconf 92' lang='lat'>:</span> <span class='ocrx_word' id='word_1_512' title='bbox 719 3763 852 3818; x_wconf 81' lang='lat' dir='ltr'>illicitum</span> <span class='ocrx_word' id='word_1_513' title='bbox 878 3767 927 3830; x_wconf 90' lang='lat' dir='ltr'>est,</span> <span class='ocrx_word' id='word_1_514' title='bbox 957 3767 1010 3818; x_wconf 90' lang='lat' dir='ltr'>etc.</span> <span class='ocrx_word' id='word_1_515' title='bbox 1100 3765 1276 3833; x_wconf 79' lang='lat' dir='ltr'>ctartpebant.</span> <span class='ocrx_word' id='word_1_516' title='bbox 1307 3762 1397 3818; x_wconf 81' lang='lat' dir='ltr'>Aliter</span> <span class='ocrx_word' id='word_1_517' title='bbox 1425 3761 1458 3817; x_wconf 85' lang='lat' dir='ltr'>lit</span> <span class='ocrx_word' id='word_1_518' title='bbox 1482 3762 1553 3817; x_wconf 88' lang='lat' dir='ltr'>tuba</span> <span class='ocrx_word' id='word_1_519' title='bbox 1576 3759 1775 3832; x_wconf 90' lang='lat' dir='ltr'>congregandi</span> <span class='ocrx_word' id='word_1_520' title='bbox 1804 3755 1900 3832; x_wconf 77' lang='lat' dir='ltr'>populi,</span> 
     </span>
     <span class='ocr_line' id='line_1_41' title="bbox 161 3846 1900 3922; baseline -0.001 -19"><span class='ocrx_word' id='word_1_521' title='bbox 161 3847 253 3922; x_wconf 74' lang='lat' dir='ltr'>(Rea.)</span> <span class='ocrx_word' id='word_1_522' title='bbox 283 3849 346 3904; x_wconf 92' lang='lat' dir='ltr'>Non</span> <span class='ocrx_word' id='word_1_523' title='bbox 375 3848 436 3903; x_wconf 88' lang='lat' dir='ltr'>vult</span> <span class='ocrx_word' id='word_1_524' title='bbox 469 3846 597 3903; x_wconf 89' lang='lat' dir='ltr'>Christus</span> <span class='ocrx_word' id='word_1_525' title='bbox 624 3853 656 3904; x_wconf 88' lang='lat' dir='ltr'>nt</span> <span class='ocrx_word' id='word_1_526' title='bbox 682 3848 794 3921; x_wconf 89' lang='lat' dir='ltr'>indigni</span> <span class='ocrx_word' id='word_1_527' title='bbox 824 3848 1012 3905; x_wconf 89' lang='lat' dir='ltr'>ecclesiastico</span> <span class='ocrx_word' id='word_1_528' title='bbox 1064 3853 1148 3908; x_wconf 84' lang='lat' dir='ltr'>aliter</span> <span class='ocrx_word' id='word_1_529' title='bbox 1186 3850 1393 3918; x_wconf 88' lang='lat' dir='ltr'>conductionis,</span> <span class='ocrx_word' id='word_1_530' title='bbox 1432 3851 1515 3905; x_wconf 88' lang='lat' dir='ltr'>aliter</span> <span class='ocrx_word' id='word_1_531' title='bbox 1545 3849 1681 3918; x_wconf 83' lang='lat' dir='ltr'>victorioe,</span> <span class='ocrx_word' id='word_1_532' title='bbox 1709 3849 1794 3904; x_wconf 86' lang='lat' dir='ltr'>aliter</span> <span class='ocrx_word' id='word_1_533' title='bbox 1817 3860 1900 3920; x_wconf 86' lang='lat' dir='ltr'>perse·</span> 
     </span>
     <span class='ocr_line' id='line_1_42' title="bbox 160 3935 1897 4014; baseline 0 -23"><span class='ocrx_word' id='word_1_534' title='bbox 160 3936 318 4009; x_wconf 85' lang='lat' dir='ltr'>iungantur</span> <span class='ocrx_word' id='word_1_535' title='bbox 341 3936 445 4007; x_wconf 85' lang='lat' dir='ltr'>cilicio,</span> <span class='ocrx_word' id='word_1_536' title='bbox 461 3936 510 3992; x_wconf 87' lang='lat' dir='ltr'>scd</span> <span class='ocrx_word' id='word_1_537' title='bbox 535 3937 641 3992; x_wconf 89' lang='lat' dir='ltr'>eruditi</span> <span class='ocrx_word' id='word_1_538' title='bbox 656 3937 773 3993; x_wconf 89' lang='lat' dir='ltr'>scientie</span> <span class='ocrx_word' id='word_1_539' title='bbox 787 3946 816 3993; x_wconf 88' lang='lat' dir='ltr'>et</span> <span class='ocrx_word' id='word_1_540' title='bbox 830 3953 943 3993; x_wconf 86' lang='lat' dir='ltr'>morum</span> <span class='ocrx_word' id='word_1_541' title='bbox 957 3938 1011 3994; x_wconf 92' lang='lat' dir='ltr'>ho·</span> <span class='ocrx_word' id='word_1_542' title='bbox 1065 3940 1172 4014; x_wconf 88' lang='lat' dir='ltr'>quendi</span> <span class='ocrx_word' id='word_1_543' title='bbox 1193 3940 1335 4008; x_wconf 89' lang='lat' dir='ltr'>inimicos,</span> <span class='ocrx_word' id='word_1_544' title='bbox 1355 3940 1438 3995; x_wconf 86' lang='lat' dir='ltr'>aliter</span> <span class='ocrx_word' id='word_1_545' title='bbox 1453 3935 1643 3994; x_wconf 91' lang='lat' dir='ltr'>conclusionis</span> <span class='ocrx_word' id='word_1_546' title='bbox 1668 3937 1830 4005; x_wconf 82' lang='lat' dir='ltr'>civitatum,</span> <span class='ocrx_word' id='word_1_547' title='bbox 1854 3939 1897 3991; x_wconf 81' lang='lat' dir='ltr'>stc.</span> 
     </span>
     <span class='ocr_line' id='line_1_43' title="bbox 161 4025 1901 4102; baseline -0.002 -21"><span class='ocrx_word' id='word_1_548' title='bbox 161 4032 269 4082; x_wconf 86' lang='lat' dir='ltr'>aestate</span> <span class='ocrx_word' id='word_1_549' title='bbox 296 4027 414 4098; x_wconf 87' lang='lat' dir='ltr'>spectati</span> <span class='ocrx_word' id='word_1_550' title='bbox 431 4032 546 4098; x_wconf 91' lang='lat' dir='ltr'>portant</span> <span class='ocrx_word' id='word_1_551' title='bbox 560 4043 654 4081; x_wconf 88' lang='lat' dir='ltr'>arcam</span> <span class='ocrx_word' id='word_1_552' title='bbox 672 4027 731 4093; x_wconf 80' lang='lat' dir='ltr'>liei,</span> <span class='ocrx_word' id='word_1_553' title='bbox 747 4027 775 4082; x_wconf 94' lang='lat' dir='ltr'>id</span> <span class='ocrx_word' id='word_1_554' title='bbox 790 4032 833 4081; x_wconf 89' lang='lat' dir='ltr'>est</span> <span class='ocrx_word' id='word_1_555' title='bbox 846 4027 1009 4094; x_wconf 85' lang='lat' dir='ltr'>Ecclesiam,</span> <span class='ocrx_word' id='word_1_556' title='bbox 1064 4030 1142 4086; x_wconf 86' lang='lat' dir='ltr'>Tuba</span> <span class='ocrx_word' id='word_1_557' title='bbox 1171 4035 1268 4085; x_wconf 89' lang='lat' dir='ltr'>autem</span> <span class='ocrx_word' id='word_1_558' title='bbox 1295 4027 1545 4084; x_wconf 88' lang='lat' dir='ltr'>consuetudinaria</span> <span class='ocrx_word' id='word_1_559' title='bbox 1572 4027 1650 4098; x_wconf 85' lang='lat' dir='ltr'>apud</span> <span class='ocrx_word' id='word_1_560' title='bbox 1686 4042 1786 4082; x_wconf 90' lang='lat' dir='ltr'>reram</span> <span class='ocrx_word' id='word_1_561' title='bbox 1807 4025 1901 4102; x_wconf 79' lang='lat' dir='ltr'>peritos</span> 
     </span>
     <span class='ocr_line' id='line_1_44' title="bbox 159 4111 1946 4187; baseline -0.001 -18"><span class='ocrx_word' id='word_1_562' title='bbox 159 4114 287 4169; x_wconf 91' lang='lat' dir='ltr'>humeris</span> <span class='ocrx_word' id='word_1_563' title='bbox 309 4113 351 4186; x_wconf 90' lang='lat' dir='ltr'>pii</span> <span class='ocrx_word' id='word_1_564' title='bbox 378 4114 494 4181; x_wconf 90' lang='lat' dir='ltr'>laboris,</span> <span class='ocrx_word' id='word_1_565' title='bbox 522 4119 551 4170; x_wconf 91' lang='lat' dir='ltr'>et</span> <span class='ocrx_word' id='word_1_566' title='bbox 571 4117 725 4185; x_wconf 85' lang='lat' dir='ltr'>exsultant,</span> <span class='ocrx_word' id='word_1_567' title='bbox 746 4117 822 4170; x_wconf 91' lang='lat' dir='ltr'>uude</span> <span class='ocrx_word' id='word_1_568' title='bbox 841 4132 847 4170; x_wconf 92' lang='lat'>:</span> <span class='ocrx_word' id='word_1_569' title='bbox 868 4118 921 4171; x_wconf 79' lang='lat' dir='ltr'>Fac</span> <span class='ocrx_word' id='word_1_570' title='bbox 943 4130 1011 4187; x_wconf 83' lang='lat' dir='ltr'>opus</span> <span class='ocrx_word' id='word_1_571' title='bbox 1063 4120 1116 4175; x_wconf 85' lang='lat' dir='ltr'>hoc</span> <span class='ocrx_word' id='word_1_572' title='bbox 1144 4120 1231 4175; x_wconf 91' lang='lat' dir='ltr'>modo</span> <span class='ocrx_word' id='word_1_573' title='bbox 1257 4119 1408 4186; x_wconf 82' lang='lat' dir='ltr'>formatur,</span> <span class='ocrx_word' id='word_1_574' title='bbox 1448 4123 1480 4172; x_wconf 93' lang='lat' dir='ltr'>ut</span> <span class='ocrx_word' id='word_1_575' title='bbox 1506 4117 1597 4172; x_wconf 85' lang='lat' dir='ltr'>tribus</span> <span class='ocrx_word' id='word_1_576' title='bbox 1622 4116 1727 4171; x_wconf 85' lang='lat' dir='ltr'>tistulis</span> <span class='ocrx_word' id='word_1_577' title='bbox 1758 4114 1790 4170; x_wconf 92' lang='lat' dir='ltr'>iu</span> <span class='ocrx_word' id='word_1_578' title='bbox 1817 4114 1897 4186; x_wconf 84' lang='lat' dir='ltr'>capite</span> <span class='ocrx_word' id='word_1_579' title='bbox 1944 4111 1946 4120; x_wconf 59' lang='lat'><strong><em>⁴</em></strong></span> 
     </span>
     <span class='ocr_line' id='line_1_45' title="bbox 71 4203 1900 4281; baseline 0.001 -22"><span class='ocrx_word' id='word_1_580' title='bbox 71 4242 75 4247; x_wconf 88' lang='lat'><em>-</em></span> <span class='ocrx_word' id='word_1_581' title='bbox 159 4204 342 4271; x_wconf 73' lang='lat' dir='ltr'>conspoliata,</span> <span class='ocrx_word' id='word_1_582' title='bbox 363 4205 543 4257; x_wconf 76' lang='lat' dir='ltr'>ministerium</span> <span class='ocrx_word' id='word_1_583' title='bbox 559 4209 635 4258; x_wconf 82' lang='lat' dir='ltr'>tuum</span> <span class='ocrx_word' id='word_1_584' title='bbox 649 4205 731 4273; x_wconf 84' lang='lat' dir='ltr'>imple</span> <span class='ocrx_word' id='word_1_585' title='bbox 742 4205 785 4272; x_wconf 75' lang='grc' dir='ltr'>(ΙΙ</span> <span class='ocrx_word' id='word_1_586' title='bbox 798 4206 866 4260; x_wconf 83' lang='lat' dir='ltr'>Tim.</span> <span class='ocrx_word' id='word_1_587' title='bbox 885 4204 932 4276; x_wconf 88' lang='lat' dir='ltr'>rr).</span> <span class='ocrx_word' id='word_1_588' title='bbox 1063 4214 1185 4281; x_wconf 87' lang='lat' dir='ltr'>augusto</span> <span class='ocrx_word' id='word_1_589' title='bbox 1197 4208 1365 4279; x_wconf 88' lang='lat' dir='ltr'>inspiretur,</span> <span class='ocrx_word' id='word_1_590' title='bbox 1375 4207 1448 4262; x_wconf 90' lang='lat' dir='ltr'>sicut</span> <span class='ocrx_word' id='word_1_591' title='bbox 1460 4221 1512 4278; x_wconf 89' lang='lat' dir='ltr'>per</span> <span class='ocrx_word' id='word_1_592' title='bbox 1523 4208 1650 4278; x_wconf 85' lang='lat' dir='ltr'>quatuor</span> <span class='ocrx_word' id='word_1_593' title='bbox 1661 4203 1814 4260; x_wconf 72' lang='lat' dir='ltr'>vociducas</span> <span class='ocrx_word' id='word_1_594' title='bbox 1824 4215 1900 4260; x_wconf 69' lang='lat' dir='ltr'>ertu</span> 
     </span>
     <span class='ocr_line' id='line_1_46' title="bbox 195 4292 1900 4370; baseline -0.001 -24"><span class='ocrx_word' id='word_1_595' title='bbox 195 4293 278 4347; x_wconf 83' lang='lat' dir='ltr'>Vens.</span> <span class='ocrx_word' id='word_1_596' title='bbox 299 4295 324 4347; x_wconf 88' lang='grc'>3.</span> <span class='ocrx_word' id='word_1_597' title='bbox 342 4322 377 4331; x_wconf 98' lang='grc'>-</span> <span class='ocrx_word' id='word_1_598' title='bbox 393 4292 625 4361; x_wconf 78' lang='lat' dir='ltr'>Conprepooitqoe</span> <span class='ocrx_word' id='word_1_599' title='bbox 647 4295 801 4348; x_wconf 82' lang='lat' dir='ltr'>uniuersam</span> <span class='ocrx_word' id='word_1_600' title='bbox 826 4293 924 4349; x_wconf 81' lang='lat' dir='ltr'>lsrael.</span> <span class='ocrx_word' id='word_1_601' title='bbox 942 4294 1044 4358; x_wconf 82' lang='lat' dir='ltr'>Noti‘n</span> <span class='ocrx_word' id='word_1_602' title='bbox 1064 4314 1129 4370; x_wconf 82' lang='lat' dir='ltr'>quae</span> <span class='ocrx_word' id='word_1_603' title='bbox 1144 4312 1313 4369; x_wconf 80' lang='lat' dir='ltr'>peraereum</span> <span class='ocrx_word' id='word_1_604' title='bbox 1337 4296 1556 4351; x_wconf 80' lang='lat' dir='ltr'>tundamentum</span> <span class='ocrx_word' id='word_1_605' title='bbox 1579 4299 1735 4366; x_wconf 85' lang='lat' dir='ltr'>quaternas</span> <span class='ocrx_word' id='word_1_606' title='bbox 1753 4309 1837 4350; x_wconf 80' lang='lat' dir='ltr'>voces</span> <span class='ocrx_word' id='word_1_607' title='bbox 1849 4306 1900 4364; x_wconf 81' lang='lat' dir='ltr'>pro</span> 
     </span>
     <span class='ocr_line' id='line_1_47' title="bbox 160 4379 1900 4457; baseline 0.001 -23"><span class='ocrx_word' id='word_1_608' title='bbox 160 4380 251 4435; x_wconf 86' lang='lat' dir='ltr'>solum</span> <span class='ocrx_word' id='word_1_609' title='bbox 271 4379 368 4447; x_wconf 86' lang='lat' dir='ltr'>David,</span> <span class='ocrx_word' id='word_1_610' title='bbox 385 4379 434 4434; x_wconf 88' lang='lat' dir='ltr'>sed</span> <span class='ocrx_word' id='word_1_611' title='bbox 458 4379 544 4434; x_wconf 87' lang='lat' dir='ltr'>etiam</span> <span class='ocrx_word' id='word_1_612' title='bbox 559 4396 659 4434; x_wconf 90' lang='lat' dir='ltr'>omues</span> <span class='ocrx_word' id='word_1_613' title='bbox 675 4383 823 4452; x_wconf 79' lang='lat' dir='ltr'>prophetae</span> <span class='ocrx_word' id='word_1_614' title='bbox 838 4382 868 4436; x_wconf 93' lang='lat' dir='ltr'>in</span> <span class='ocrx_word' id='word_1_615' title='bbox 885 4383 1006 4438; x_wconf 85' lang='lat' dir='ltr'>Ecclesia</span> <span class='ocrx_word' id='word_1_616' title='bbox 1061 4389 1180 4454; x_wconf 90' lang='lat' dir='ltr'>ducunt,</span> <span class='ocrx_word' id='word_1_617' title='bbox 1197 4385 1341 4457; x_wconf 88' lang='lat' dir='ltr'>mugitum</span> <span class='ocrx_word' id='word_1_618' title='bbox 1363 4385 1647 4440; x_wconf 86' lang='lat' dir='ltr'>vehementissimum</span> <span class='ocrx_word' id='word_1_619' title='bbox 1663 4383 1833 4455; x_wconf 82' lang='lat' dir='ltr'>proferant:</span> <span class='ocrx_word' id='word_1_620' title='bbox 1849 4393 1900 4454; x_wconf 80' lang='lat' dir='ltr'>quc</span> 
     </span>
     <span class='ocr_line' id='line_1_48' title="bbox 159 4467 1900 4548; baseline 0.001 -22"><span class='ocrx_word' id='word_1_621' title='bbox 159 4469 264 4525; x_wconf 87' lang='lat' dir='ltr'>Christi</span> <span class='ocrx_word' id='word_1_622' title='bbox 281 4467 362 4523; x_wconf 92' lang='lat' dir='ltr'>dictis</span> <span class='ocrx_word' id='word_1_623' title='bbox 383 4472 411 4524; x_wconf 92' lang='lat' dir='ltr'>et</span> <span class='ocrx_word' id='word_1_624' title='bbox 434 4468 514 4524; x_wconf 88' lang='lat' dir='ltr'>factis</span> <span class='ocrx_word' id='word_1_625' title='bbox 537 4468 728 4525; x_wconf 88' lang='lat' dir='ltr'>incarnationi</span> <span class='ocrx_word' id='word_1_626' title='bbox 747 4471 898 4542; x_wconf 85' lang='lat' dir='ltr'>praebuere</span> <span class='ocrx_word' id='word_1_627' title='bbox 913 4472 1006 4528; x_wconf 89' lang='lat' dir='ltr'>locum</span> <span class='ocrx_word' id='word_1_628' title='bbox 1061 4476 1224 4548; x_wconf 84' lang='lat' dir='ltr'>significant</span> <span class='ocrx_word' id='word_1_629' title='bbox 1239 4475 1423 4548; x_wconf 85' lang='lat' dir='ltr'>Evangeliom</span> <span class='ocrx_word' id='word_1_630' title='bbox 1443 4474 1519 4529; x_wconf 89' lang='lat' dir='ltr'>trina</span> <span class='ocrx_word' id='word_1_631' title='bbox 1542 4472 1721 4529; x_wconf 82' lang='lat' dir='ltr'>confessione</span> <span class='ocrx_word' id='word_1_632' title='bbox 1745 4471 1834 4528; x_wconf 88' lang='lat' dir='ltr'>trium</span> <span class='ocrx_word' id='word_1_633' title='bbox 1848 4482 1900 4542; x_wconf 78' lang='lat' dir='ltr'>per·</span> 
     </span>
     <span class='ocr_line' id='line_1_49' title="bbox 158 4557 1899 4634; baseline -0.002 -22"><span class='ocrx_word' id='word_1_634' title='bbox 158 4561 190 4612; x_wconf 89' lang='lat' dir='ltr'>ut</span> <span class='ocrx_word' id='word_1_635' title='bbox 209 4557 294 4613; x_wconf 90' lang='lat' dir='ltr'>citius</span> <span class='ocrx_word' id='word_1_636' title='bbox 321 4557 475 4613; x_wconf 88' lang='lat' dir='ltr'>adveniens</span> <span class='ocrx_word' id='word_1_637' title='bbox 502 4558 704 4630; x_wconf 87' lang='lat' dir='ltr'>susciperetur,</span> <span class='ocrx_word' id='word_1_638' title='bbox 733 4576 799 4614; x_wconf 89' lang='lat' dir='ltr'>cum</span> <span class='ocrx_word' id='word_1_639' title='bbox 826 4560 1006 4617; x_wconf 84' lang='lat' dir='ltr'>fuissetaute</span> <span class='ocrx_word' id='word_1_640' title='bbox 1059 4580 1206 4630; x_wconf 91' lang='lat' dir='ltr'>sonarum,</span> <span class='ocrx_word' id='word_1_641' title='bbox 1234 4564 1264 4618; x_wconf 92' lang='lat' dir='ltr'>in</span> <span class='ocrx_word' id='word_1_642' title='bbox 1291 4564 1381 4633; x_wconf 90' lang='lat' dir='ltr'>capite</span> <span class='ocrx_word' id='word_1_643' title='bbox 1412 4566 1545 4634; x_wconf 88' lang='lat' dir='ltr'>angusto,</span> <span class='ocrx_word' id='word_1_644' title='bbox 1574 4561 1604 4618; x_wconf 92' lang='lat' dir='ltr'>id</span> <span class='ocrx_word' id='word_1_645' title='bbox 1631 4566 1676 4617; x_wconf 84' lang='lat' dir='ltr'>est</span> <span class='ocrx_word' id='word_1_646' title='bbox 1702 4561 1735 4616; x_wconf 92' lang='lat' dir='ltr'>in</span> <span class='ocrx_word' id='word_1_647' title='bbox 1764 4559 1899 4617; x_wconf 84' lang='lat' dir='ltr'>nativitate</span> 
     </span>
     <span class='ocr_line' id='line_1_50' title="bbox 158 4646 1898 4724; baseline -0.009 -8"><span class='ocrx_word' id='word_1_648' title='bbox 158 4646 360 4718; x_wconf 64' lang='lat' dir='ltr'>PP⁰P¹¹⁰2³²¹¹³·</span> <span class='ocrx_word' id='word_1_649' title='bbox 1061 4653 1165 4710; x_wconf 87' lang='lat' dir='ltr'>Christi</span> <span class='ocrx_word' id='word_1_650' title='bbox 1189 4652 1326 4707; x_wconf 90' lang='lat' dir='ltr'>divinitus</span> <span class='ocrx_word' id='word_1_651' title='bbox 1350 4652 1533 4724; x_wconf 88' lang='lat' dir='ltr'>inspiratum,</span> <span class='ocrx_word' id='word_1_652' title='bbox 1558 4667 1610 4723; x_wconf 89' lang='lat' dir='ltr'>per</span> <span class='ocrx_word' id='word_1_653' title='bbox 1624 4653 1751 4721; x_wconf 87' lang='lat' dir='ltr'>quatuor</span> <span class='ocrx_word' id='word_1_654' title='bbox 1764 4648 1898 4706; x_wconf 79' lang='lat' dir='ltr'>vociducas</span> 
     </span>
     <span class='ocr_line' id='line_1_51' title="bbox 193 4734 1901 4813; baseline 0.001 -26"><span class='ocrx_word' id='word_1_655' title='bbox 193 4735 274 4788; x_wconf 78' lang='lat' dir='ltr'>Vens.</span> <span class='ocrx_word' id='word_1_656' title='bbox 293 4736 335 4789; x_wconf 71' lang='lat' dir='ltr'>la.</span> <span class='ocrx_word' id='word_1_657' title='bbox 360 4764 395 4772; x_wconf 92' lang='lat'><em>-</em></span> <span class='ocrx_word' id='word_1_658' title='bbox 411 4734 625 4803; x_wconf 69' lang='lat' dir='ltr'>Scrrctificamini</span> <span class='ocrx_word' id='word_1_659' title='bbox 648 4736 867 4803; x_wconf 77' lang='lat' dir='ltr'>cumfratribus.</span> <span class='ocrx_word' id='word_1_660' title='bbox 884 4737 1006 4792; x_wconf 87' lang='lat' dir='ltr'>blinistri</span> <span class='ocrx_word' id='word_1_661' title='bbox 1061 4758 1159 4808; x_wconf 76' lang='lat' dir='ltr'>creas,</span> <span class='ocrx_word' id='word_1_662' title='bbox 1175 4741 1204 4796; x_wconf 95' lang='lat' dir='ltr'>id</span> <span class='ocrx_word' id='word_1_663' title='bbox 1219 4746 1262 4796; x_wconf 91' lang='lat' dir='ltr'>est</span> <span class='ocrx_word' id='word_1_664' title='bbox 1283 4757 1336 4813; x_wconf 88' lang='lat' dir='ltr'>per</span> <span class='ocrx_word' id='word_1_665' title='bbox 1349 4746 1474 4813; x_wconf 89' lang='lat' dir='ltr'>quatuor</span> <span class='ocrx_word' id='word_1_666' title='bbox 1497 4740 1701 4812; x_wconf 61' lang='lat' dir='ltr'>evangelistam</span> <span class='ocrx_word' id='word_1_667' title='bbox 1724 4754 1814 4806; x_wconf 79' lang='lat' dir='ltr'>aereo,</span> <span class='ocrx_word' id='word_1_668' title='bbox 1829 4735 1901 4792; x_wconf 85' lang='lat' dir='ltr'>idest</span> 
     </span>
     <span class='ocr_line' id='line_1_52' title="bbox 159 4823 1901 4902; baseline 0.003 -25"><span class='ocrx_word' id='word_1_669' title='bbox 159 4823 229 4878; x_wconf 85' lang='lat' dir='ltr'>Novi</span> <span class='ocrx_word' id='word_1_670' title='bbox 244 4824 416 4878; x_wconf 86' lang='lat' dir='ltr'>Testamenti</span> <span class='ocrx_word' id='word_1_671' title='bbox 439 4823 497 4878; x_wconf 87' lang='lat' dir='ltr'>vita</span> <span class='ocrx_word' id='word_1_672' title='bbox 511 4829 540 4878; x_wconf 92' lang='lat' dir='ltr'>et</span> <span class='ocrx_word' id='word_1_673' title='bbox 556 4823 684 4878; x_wconf 87' lang='lat' dir='ltr'>doctrina</span> <span class='ocrx_word' id='word_1_674' title='bbox 702 4825 806 4880; x_wconf 91' lang='lat' dir='ltr'>debent</span> <span class='ocrx_word' id='word_1_675' title='bbox 817 4842 878 4880; x_wconf 91' lang='lat' dir='ltr'>esso</span> <span class='ocrx_word' id='word_1_676' title='bbox 893 4826 1004 4895; x_wconf 90' lang='lat' dir='ltr'>muudi,</span> <span class='ocrx_word' id='word_1_677' title='bbox 1061 4830 1156 4885; x_wconf 89' lang='lat' dir='ltr'>stabili</span> <span class='ocrx_word' id='word_1_678' title='bbox 1171 4829 1240 4885; x_wconf 80' lang='lat' dir='ltr'>ndei</span> <span class='ocrx_word' id='word_1_679' title='bbox 1254 4835 1283 4884; x_wconf 91' lang='lat' dir='ltr'>et</span> <span class='ocrx_word' id='word_1_680' title='bbox 1309 4829 1403 4902; x_wconf 89' lang='lat' dir='ltr'>operis</span> <span class='ocrx_word' id='word_1_681' title='bbox 1425 4833 1469 4884; x_wconf 91' lang='lat' dir='ltr'>est</span> <span class='ocrx_word' id='word_1_682' title='bbox 1483 4828 1671 4885; x_wconf 83' lang='lat' dir='ltr'>fundamenta</span> <span class='ocrx_word' id='word_1_683' title='bbox 1685 4827 1717 4882; x_wconf 89' lang='lat' dir='ltr'>in</span> <span class='ocrx_word' id='word_1_684' title='bbox 1732 4828 1803 4884; x_wconf 88' lang='lat' dir='ltr'>orbe</span> <span class='ocrx_word' id='word_1_685' title='bbox 1816 4838 1901 4883; x_wconf 75' lang='lat' dir='ltr'>vocem</span> 
     </span>
     <span class='ocr_line' id='line_1_53' title="bbox 158 4911 1901 4990; baseline 0.003 -24"><span class='ocrx_word' id='word_1_686' title='bbox 158 4911 376 4983; x_wconf 85' lang='lat' dir='ltr'>quibusdicitur</span> <span class='ocrx_word' id='word_1_687' title='bbox 394 4929 400 4966; x_wconf 93' lang='lat'><strong>:</strong></span> <span class='ocrx_word' id='word_1_688' title='bbox 418 4913 512 4969; x_wconf 86' lang='lat' dir='ltr'>Sancti</span> <span class='ocrx_word' id='word_1_689' title='bbox 525 4915 610 4969; x_wconf 84' lang='lat' dir='ltr'>estote</span> <span class='ocrx_word' id='word_1_690' title='bbox 623 4915 750 4981; x_wconf 73' lang='lat' dir='ltr'>quostiam</span> <span class='ocrx_word' id='word_1_691' title='bbox 763 4917 1007 4982; x_wconf 72' lang='lat' dir='ltr'>eposonctusstrss</span> <span class='ocrx_word' id='word_1_692' title='bbox 1059 4917 1339 4973; x_wconf 81' lang='lat' dir='ltr'>vehementissimam</span> <span class='ocrx_word' id='word_1_693' title='bbox 1367 4916 1450 4990; x_wconf 89' lang='lat' dir='ltr'>quasi</span> <span class='ocrx_word' id='word_1_694' title='bbox 1477 4917 1555 4973; x_wconf 78' lang='lat' dir='ltr'>tubas</span> <span class='ocrx_word' id='word_1_695' title='bbox 1582 4915 1788 4989; x_wconf 88' lang='lat' dir='ltr'>congregantis</span> <span class='ocrx_word' id='word_1_696' title='bbox 1815 4927 1901 4971; x_wconf 81' lang='lat' dir='ltr'>vocem</span> 
     </span>
     <span class='ocr_line' id='line_1_54' title="bbox 157 4998 1202 5076; baseline 0.006 -21"><span class='ocrx_word' id='word_1_697' title='bbox 157 5001 254 5068; x_wconf 76' lang='lat' dir='ltr'>licuit.</span> <span class='ocrx_word' id='word_1_698' title='bbox 271 5001 339 5071; x_wconf 79' lang='lat' dir='ltr'>xix).</span> <span class='ocrx_word' id='word_1_699' title='bbox 365 5001 419 5066; x_wconf 85' lang='lat' dir='ltr'>Qui</span> <span class='ocrx_word' id='word_1_700' title='bbox 435 5007 520 5057; x_wconf 82' lang='lat' dir='ltr'>rectae</span> <span class='ocrx_word' id='word_1_701' title='bbox 536 5000 603 5057; x_wconf 86' lang='lat' dir='ltr'>fidei</span> <span class='ocrx_word' id='word_1_702' title='bbox 618 5002 709 5057; x_wconf 87' lang='lat' dir='ltr'>verbis</span> <span class='ocrx_word' id='word_1_703' title='bbox 722 5007 750 5057; x_wconf 88' lang='lat' dir='ltr'>et</span> <span class='ocrx_word' id='word_1_704' title='bbox 764 5004 895 5074; x_wconf 86' lang='lat' dir='ltr'>exemplo</span> <span class='ocrx_word' id='word_1_705' title='bbox 911 4998 1008 5076; x_wconf 70' lang='lat' dir='ltr'>opari‘s</span> <span class='ocrx_word' id='word_1_706' title='bbox 1060 5006 1202 5061; x_wconf 85' lang='lat' dir='ltr'>emittere.</span> 
     </span>
     <span class='ocr_line' id='line_1_55' title="bbox 157 5086 1902 5150; baseline 0.001 -8"><span class='ocrx_word' id='word_1_707' title='bbox 157 5086 261 5143; x_wconf 88' lang='lat' dir='ltr'>debent</span> <span class='ocrx_word' id='word_1_708' title='bbox 285 5088 418 5145; x_wconf 79' lang='lat' dir='ltr'>fidelibus</span> <span class='ocrx_word' id='word_1_709' title='bbox 442 5089 643 5145; x_wconf 89' lang='lat' dir='ltr'>commendare</span> <span class='ocrx_word' id='word_1_710' title='bbox 658 5091 886 5147; x_wconf 88' lang='lat' dir='ltr'>incarnationem</span> <span class='ocrx_word' id='word_1_711' title='bbox 902 5092 1006 5148; x_wconf 90' lang='lat' dir='ltr'>Christi</span> <span class='ocrx_word' id='word_1_712' title='bbox 1096 5096 1173 5150; x_wconf 81' lang='lat' dir='ltr'>Vens.</span> <span class='ocrx_word' id='word_1_713' title='bbox 1189 5097 1233 5149; x_wconf 75' lang='lat'>27.</span> <span class='ocrx_word' id='word_1_714' title='bbox 1251 5123 1285 5134; x_wconf 94' lang='lat'><em>-</em></span> <span class='ocrx_word' id='word_1_715' title='bbox 1308 5094 1401 5150; x_wconf 84' lang='lat' dir='ltr'>Dauid</span> <span class='ocrx_word' id='word_1_716' title='bbox 1425 5098 1527 5149; x_wconf 84' lang='lat' dir='ltr'>cutem.</span> <span class='ocrx_word' id='word_1_717' title='bbox 1555 5092 1684 5149; x_wconf 90' lang='lat' dir='ltr'>Christus</span> <span class='ocrx_word' id='word_1_718' title='bbox 1707 5089 1902 5150; x_wconf 87' lang='lat' dir='ltr'>iucarnationis</span> 
     </span>
     <span class='ocr_line' id='line_1_56' title="bbox 156 5178 1903 5255; baseline 0.002 -24"><span class='ocrx_word' id='word_1_719' title='bbox 156 5181 184 5232; x_wconf 92' lang='lat' dir='ltr'>et</span> <span class='ocrx_word' id='word_1_720' title='bbox 198 5178 425 5250; x_wconf 85' lang='lat' dir='ltr'>redemptionem</span> <span class='ocrx_word' id='word_1_721' title='bbox 440 5179 559 5233; x_wconf 87' lang='lat' dir='ltr'>humani</span> <span class='ocrx_word' id='word_1_722' title='bbox 579 5179 702 5250; x_wconf 90' lang='lat' dir='ltr'>generis,</span> <span class='ocrx_word' id='word_1_723' title='bbox 719 5184 772 5236; x_wconf 89' lang='lat' dir='ltr'>etc.</span> <span class='ocrx_word' id='word_1_724' title='bbox 1060 5200 1119 5240; x_wconf 78' lang='lat' dir='ltr'>sua</span> <span class='ocrx_word' id='word_1_725' title='bbox 1135 5191 1164 5238; x_wconf 89' lang='lat' dir='ltr'>et</span> <span class='ocrx_word' id='word_1_726' title='bbox 1178 5182 1318 5255; x_wconf 90' lang='lat' dir='ltr'>passionis</span> <span class='ocrx_word' id='word_1_727' title='bbox 1333 5182 1497 5254; x_wconf 84' lang='lat' dir='ltr'>exemplum</span> <span class='ocrx_word' id='word_1_728' title='bbox 1513 5186 1596 5237; x_wconf 89' lang='lat' dir='ltr'>antea</span> <span class='ocrx_word' id='word_1_729' title='bbox 1611 5197 1628 5237; x_wconf 86' lang='lat' dir='ltr'>a</span> <span class='ocrx_word' id='word_1_730' title='bbox 1642 5181 1752 5238; x_wconf 75' lang='lat' dir='ltr'>ludaeis</span> <span class='ocrx_word' id='word_1_731' title='bbox 1767 5182 1903 5238; x_wconf 83' lang='lat' dir='ltr'>occultunt</span> 
     </span>
     <span class='ocr_line' id='line_1_57' title="bbox 190 5266 1902 5344; baseline 0.004 -26"><span class='ocrx_word' id='word_1_732' title='bbox 190 5267 269 5319; x_wconf 86' lang='lat' dir='ltr'>Vane.</span> <span class='ocrx_word' id='word_1_733' title='bbox 299 5269 342 5321; x_wconf 83' lang='lat' dir='ltr'>te.</span> <span class='ocrx_word' id='word_1_734' title='bbox 370 5296 405 5307; x_wconf 90' lang='lat'><em>-</em></span> <span class='ocrx_word' id='word_1_735' title='bbox 431 5266 527 5322; x_wconf 88' lang='lat' dir='ltr'>Nubtis</span> <span class='ocrx_word' id='word_1_736' title='bbox 552 5267 686 5337; x_wconf 86' lang='lat' dir='ltr'>uidelicet,</span> <span class='ocrx_word' id='word_1_737' title='bbox 714 5273 766 5324; x_wconf 89' lang='lat' dir='ltr'>etc.</span> <span class='ocrx_word' id='word_1_738' title='bbox 798 5269 920 5325; x_wconf 89' lang='lat' dir='ltr'>Nablum</span> <span class='ocrx_word' id='word_1_739' title='bbox 945 5272 1003 5326; x_wconf 87' lang='lat' dir='ltr'>lle·</span> <span class='ocrx_word' id='word_1_740' title='bbox 1060 5272 1238 5340; x_wconf 84' lang='lat' dir='ltr'>manifestat;</span> <span class='ocrx_word' id='word_1_741' title='bbox 1264 5271 1375 5343; x_wconf 90' lang='lat' dir='ltr'>lignum</span> <span class='ocrx_word' id='word_1_742' title='bbox 1401 5288 1527 5344; x_wconf 85' lang='lat' dir='ltr'>namque</span> <span class='ocrx_word' id='word_1_743' title='bbox 1553 5271 1587 5326; x_wconf 92' lang='lat' dir='ltr'>de</span> <span class='ocrx_word' id='word_1_744' title='bbox 1612 5275 1801 5328; x_wconf 82' lang='lat' dir='ltr'>terreortum</span> <span class='ocrx_word' id='word_1_745' title='bbox 1816 5267 1902 5327; x_wconf 86' lang='lat' dir='ltr'>multi·</span> 
     </span>
     <span class='ocr_line' id='line_1_58' title="bbox 152 5351 1906 5432; baseline 0.005 -25"><span class='ocrx_word' id='word_1_746' title='bbox 152 5351 258 5419; x_wconf 88' lang='lat' dir='ltr'>braice,</span> <span class='ocrx_word' id='word_1_747' title='bbox 288 5355 457 5409; x_wconf 85' lang='lat' dir='ltr'>Psalterium</span> <span class='ocrx_word' id='word_1_748' title='bbox 482 5356 588 5422; x_wconf 80' lang='lat' dir='ltr'>Craece,</span> <span class='ocrx_word' id='word_1_749' title='bbox 604 5356 797 5413; x_wconf 89' lang='lat' dir='ltr'>laudatorium</span> <span class='ocrx_word' id='word_1_750' title='bbox 824 5357 931 5413; x_wconf 86' lang='lat' dir='ltr'>Latiae.</span> <span class='ocrx_word' id='word_1_751' title='bbox 951 5359 1003 5414; x_wconf 86' lang='lat' dir='ltr'>lla·</span> <span class='ocrx_word' id='word_1_752' title='bbox 1059 5359 1126 5432; x_wconf 93' lang='lat' dir='ltr'>plici</span> <span class='ocrx_word' id='word_1_753' title='bbox 1151 5360 1249 5415; x_wconf 87' lang='lat' dir='ltr'>labore</span> <span class='ocrx_word' id='word_1_754' title='bbox 1278 5360 1314 5414; x_wconf 94' lang='lat' dir='ltr'>ad</span> <span class='ocrx_word' id='word_1_755' title='bbox 1334 5359 1489 5415; x_wconf 89' lang='lat' dir='ltr'>candorem</span> <span class='ocrx_word' id='word_1_756' title='bbox 1514 5358 1600 5414; x_wconf 89' lang='lat' dir='ltr'>vestis</span> <span class='ocrx_word' id='word_1_757' title='bbox 1615 5359 1799 5432; x_wconf 78' lang='lat' dir='ltr'>perveniens,</span> <span class='ocrx_word' id='word_1_758' title='bbox 1814 5358 1906 5415; x_wconf 79' lang='lat' dir='ltr'>verite·</span> 
     </span>
     <span class='ocr_line' id='line_1_59' title="bbox 150 5440 1904 5522; baseline 0.003 -26"><span class='ocrx_word' id='word_1_759' title='bbox 150 5440 199 5497; x_wconf 89' lang='lat' dir='ltr'>bet</span> <span class='ocrx_word' id='word_1_760' title='bbox 213 5443 383 5499; x_wconf 71' lang='lat' dir='ltr'>psalterium</span> <span class='ocrx_word' id='word_1_761' title='bbox 398 5450 528 5499; x_wconf 83' lang='lat' dir='ltr'>ventrem</span> <span class='ocrx_word' id='word_1_762' title='bbox 557 5444 676 5501; x_wconf 89' lang='lat' dir='ltr'>obesum</span> <span class='ocrx_word' id='word_1_763' title='bbox 698 5446 728 5500; x_wconf 93' lang='lat' dir='ltr'>in</span> <span class='ocrx_word' id='word_1_764' title='bbox 748 5446 952 5517; x_wconf 88' lang='lat' dir='ltr'>superioribus,</span> <span class='ocrx_word' id='word_1_765' title='bbox 970 5453 1004 5503; x_wconf 92' lang='lat' dir='ltr'>ut</span> <span class='ocrx_word' id='word_1_766' title='bbox 1058 5453 1117 5504; x_wconf 91' lang='lat' dir='ltr'>tem</span> <span class='ocrx_word' id='word_1_767' title='bbox 1131 5447 1266 5503; x_wconf 79' lang='lat' dir='ltr'>humanae</span> <span class='ocrx_word' id='word_1_768' title='bbox 1291 5447 1384 5503; x_wconf 89' lang='lat' dir='ltr'>cernis</span> <span class='ocrx_word' id='word_1_769' title='bbox 1408 5447 1484 5504; x_wconf 91' lang='lat' dir='ltr'>inter</span> <span class='ocrx_word' id='word_1_770' title='bbox 1505 5447 1620 5520; x_wconf 85' lang='lat' dir='ltr'>flagella</span> <span class='ocrx_word' id='word_1_771' title='bbox 1642 5449 1853 5522; x_wconf 83' lang='lat' dir='ltr'>triumphantis</span> <span class='ocrx_word' id='word_1_772' title='bbox 1864 5461 1904 5503; x_wconf 90' lang='lat' dir='ltr'>os·</span> 
     </span>
     <span class='ocr_line' id='line_1_60' title="bbox 149 5531 1696 5609; baseline 0.006 -25"><span class='ocrx_word' id='word_1_773' title='bbox 149 5531 322 5587; x_wconf 84' lang='lat' dir='ltr'>chordarum</span> <span class='ocrx_word' id='word_1_774' title='bbox 343 5531 392 5587; x_wconf 83' lang='lat' dir='ltr'>ills</span> <span class='ocrx_word' id='word_1_775' title='bbox 427 5531 547 5602; x_wconf 87' lang='lat' dir='ltr'>religata</span> <span class='ocrx_word' id='word_1_776' title='bbox 583 5531 832 5604; x_wconf 85' lang='lat' dir='ltr'>disciplinabiliter</span> <span class='ocrx_word' id='word_1_777' title='bbox 855 5550 999 5606; x_wconf 89' lang='lat' dir='ltr'>percussa,</span> <span class='ocrx_word' id='word_1_778' title='bbox 1057 5536 1161 5606; x_wconf 91' lang='lat' dir='ltr'>tendit,</span> <span class='ocrx_word' id='word_1_779' title='bbox 1177 5540 1206 5591; x_wconf 92' lang='lat' dir='ltr'>et</span> <span class='ocrx_word' id='word_1_780' title='bbox 1220 5537 1273 5591; x_wconf 92' lang='lat' dir='ltr'>hoc</span> <span class='ocrx_word' id='word_1_781' title='bbox 1286 5540 1329 5591; x_wconf 85' lang='lat' dir='ltr'>cst</span> <span class='ocrx_word' id='word_1_782' title='bbox 1343 5552 1351 5591; x_wconf 78' lang='lat' dir='ltr'>t</span> <span class='ocrx_word' id='word_1_783' title='bbox 1367 5537 1529 5593; x_wconf 82' lang='lat' dir='ltr'>Duoiderot</span> <span class='ocrx_word' id='word_1_784' title='bbox 1543 5537 1696 5609; x_wconf 74' lang='lat' dir='ltr'>ineptae.</span> 
     </span>
    </p>
   </div>
   <div class='ocr_carea' id='block_1_5' title="bbox 495 3635 679 3691">
    <p class='ocr_par' dir='ltr' id='par_1_12' title="bbox 495 3635 679 3691">
     <span class='ocr_line' id='line_1_61' title="bbox 495 3635 679 3691; baseline -0.005 -1"><span class='ocrx_word' id='word_1_785' title='bbox 495 3635 608 3691; x_wconf 76' lang='lat' dir='ltr'>CAPUT</span> <span class='ocrx_word' id='word_1_786' title='bbox 624 3636 679 3690; x_wconf 85' lang='lat' dir='ltr'>XV.</span> 
     </span>
    </p>
   </div>
   <div class='ocr_carea' id='block_1_6' title="bbox 0 0 1950 6100">
    <p class='ocr_par' dir='ltr' id='par_1_13' title="bbox 0 0 1950 6100">
     <span class='ocr_line' id='line_1_62' title="bbox 0 0 1950 6100; baseline 0 0"><span class='ocrx_word' id='word_1_787' title='bbox 0 0 1950 6100; x_wconf 95' lang='lat' dir='ltr'> </span> 
     </span>
    </p>
   </div>
   <div class='ocr_carea' id='block_1_7' title="bbox 1944 1687 1947 2614">
    <p class='ocr_par' dir='ltr' id='par_1_14' title="bbox 1944 1687 1947 2614">
     <span class='ocr_line' id='line_1_63' title="bbox 1944 1687 1947 2614; baseline 0 0"><span class='ocrx_word' id='word_1_788' title='bbox 1944 1687 1947 2614; x_wconf 95' lang='lat' dir='ltr'> </span> 
     </span>
    </p>
   </div>
  </div>
 </body>
</html>
