3892 6106
94 272 149 326 tos
648 279 777 338 atussa
794 280 996 340 ounluatua.
1016 310 1050 323 -
1069 282 1140 339 alu.
1162 281 1188 337 ll
1208 281 1334 339 sautu
1800 286 1853 342 ddd

130 396 215 450 Vens.
231 398 320 451 {0.-
342 400 652 469 Dnmlltisapicutiam,
669 410 722 458 etc.
753 405 985 474 Nonaurum,A
1039 406 1091 473 Qui
1104 408 1179 461 uouit
1192 407 1302 476 operari
1314 409 1422 460 iaourc
1436 409 1462 461 et
1473 411 1594 473 ameum.
1610 408 1644 462 ln
1659 407 1704 461 his
1718 410 1854 465 omnibus

92 498 156 537 non
179 484 303 552 divitias,
324 501 383 542 non
398 492 543 544 terrenam
555 490 677 560 gloriam
692 508 710 546 a
726 493 782 548 Deo
798 495 881 564 petit,
897 496 948 551 sed
1003 493 1099 549 Hiram
1127 493 1284 564 spiritualis
1312 493 1392 548 novit
1406 493 1530 564 operari,
1550 499 1582 549 ut
1610 502 1728 549 ornatus
1749 496 1853 553 domus

93 580 128 626 nt
147 572 221 628 aciat
234 575 372 645 populum
388 577 439 631 Dei
452 592 553 646 regare
568 584 596 634 et
616 580 756 650 judicare.
774 582 802 637 Si
817 584 872 638 boc
887 585 946 639 ele·
1003 582 1053 636 Dei
1065 598 1160 636 coram
1190 581 1445 636 aculisbominum
1461 581 1549 652 digno
1575 583 1809 655 decoreiulgaat,
1825 587 1855 640 et

94 660 137 731 git
151 666 247 715 rector
272 678 435 733 corporum,
465 668 669 739 multomagis
690 670 743 724 boc
767 670 873 741 eligere
898 672 947 726 de·
1001 668 1086 725 bone
1100 670 1244 742 opinionis
1268 671 1356 725 odore
1371 672 1429 726 Deo
1456 671 1637 743 acceptabilis
1653 671 1713 728 liat.

94 747 166 803 bant
189 755 313 805 rectores
328 751 501 821 animarum,
519 761 551 809 at
570 755 731 826 ingressam
757 759 794 814 ad
818 759 948 816 fidamat
1036 759 1118 813 Vnus.
1146 762 1188 813 ¹6.
1223 789 1256 799 --
1279 761 1333 815 Nos
1368 763 1469 825 cutem,
1494 766 1548 815 etc.
1575 760 1673 832 (Rau.)
1705 760 1854 831 Significat

95 838 289 906 egressumad
310 855 391 910 spem
405 842 515 912 populo
530 843 581 898 Dei
595 843 801 901 demonstrent.
1002 847 1080 919 quod
1102 852 1201 917 gentes
1214 846 1313 902 audita
1335 847 1411 902 lama
1433 848 1579 919 Evangelii
1604 848 1731 903 diversas
1753 865 1852 920 perso·

132 926 216 980 Vens.
248 929 291 981 ta.
311 956 346 969 -
370 930 414 984 Ab
442 931 554 998 cacclso,
584 937 636 987 eto.
666 937 768 988 Arcam
796 934 947 1006 significat,
1001 951 1053 988 nas
1093 950 1145 1006 per
1169 933 1255 989 lidam
1279 934 1315 989 ad
1350 934 1525 1005 baptismum
1554 935 1729 990 transmittit.
1757 935 1853 991 Solius

95 1013 128 1069 in
143 1031 203 1086 qua
216 1021 296 1071 erant
311 1017 416 1073 tabule
436 1020 623 1077 Testamenti.
652 1022 744 1095 Supra
770 1025 848 1078 enim
877 1027 947 1080 scri·
1001 1027 1098 1078 tamen
1117 1029 1161 1079 est
1190 1022 1251 1077 veri
1279 1023 1399 1095 pacilici,
1417 1028 1447 1077 ut
1474 1023 1647 1078 absolvendo
1670 1030 1784 1095 peccata
1799 1039 1853 1094 per

95 1108 180 1173 ptum
196 1109 254 1159 est:
273 1106 485 1164 Taberucculum
498 1116 588 1165 autem
613 1113 724 1166 Domini
742 1113 818 1180 quod
847 1116 949 1180 (ecerat
1000 1110 1137 1182 baptismi
1157 1117 1336 1166 sacramenta
1359 1111 1461 1167 unitati
1478 1112 1607 1166 Ecclesie
1621 1111 1687 1167 illus
1711 1112 1849 1182 adunare,

95 1193 204 1263 Moyses
234 1196 265 1248 in
293 1194 397 1250 deceta
425 1202 451 1251 et
486 1198 576 1253 altura
612 1199 828 1256 holocaustorum
855 1203 948 1257 cadem
1001 1200 1117 1271 dequo
1141 1199 1259 1254 dieitur:
1285 1201 1372 1270 Super
1404 1216 1481 1270 quem
1501 1201 1626 1255 viduitas
1653 1201 1853 1271 Spiritumdc-

95 1285 255 1349 tempestate
277 1289 356 1338 ucat
381 1287 411 1339 ia
444 1287 556 1341 ecelsis
580 1287 701 1356 oasam,
730 1295 783 1344 etc.
806 1291 826 1361 (l
853 1292 946 1346 Porci
1001 1288 1168 1344 uendentem
1190 1293 1216 1344 ct
1230 1293 1381 1344 mcueutcm
1405 1304 1487 1359 super
1509 1305 1579 1355 cum,
1600 1291 1644 1344 lu‘c
1669 1293 1773 1360 estqui
1800 1292 1850 1346 bu·

95 1375 172 1434 xxr).
200 1373 270 1424 arca
289 1379 386 1427 autem
410 1374 525 1428 Domini
545 1381 696 1447 postquam
712 1377 872 1433 introduxit
883 1395 948 1434 eam
998 1377 1278 1446 pernoctaturum)

96 1456 216 1511 David
209 1473 241 1512 m
268 1459 386 1516 domum
415 1479 507 1530 saram,
532 1465 638 1519 mansit
661 1464 768 1520 ibidem
797 1482 948 1540 usquequo
1037 1465 1120 1519 Vnus.
1159 1468 1271 1519 17.-
1304 1466 1465 1521 Numercuit
1497 1467 1594 1533 ἱρέων,
1633 1468 1686 1519 etc.
1724 1466 1853 1520 Fuerunt

96 1544 293 1602 aedificaretur
306 1551 457 1620 templum.
1002 1553 1126 1622 operaria
1118 1552 1240 1607 'domus
1255 1551 1370 1607 Domini
1389 1554 1424 1608 de
1443 1552 1510 1608 liliis
1522 1553 1619 1620 lsrael,
1635 1558 1687 1609 etc.
1700 1554 1790 1625 (Rau.)
1807 1569 1852 1609 us·

131 1632 172 1697 m
186 1635 327 1692 duodecim
340 1640 429 1694 mulia
452 1642 582 1709 sarcitum.
600 1641 650 1697 llic
677 1659 817 1699 numerus
833 1647 948 1716 tempus
1001 1657 1053 1710 que
1071 1641 1109 1696 cd
1123 1641 1274 1697 Ecclesiam
1302 1641 1405 1698 Christi
1435 1646 1511 1697 recte
1535 1642 1656 1697 vivendo
1679 1646 1708 1697 et
1722 1641 1852 1698 docendo

94 1729 201 1800 gratie
216 1727 369 1798 significat,
393 1726 422 1783 in
437 1744 495 1799 quo
525 1731 680 1800 apostolica
702 1732 832 1787 doctrina
854 1748 946 1804 popu·
1003 1735 1182 1786 construunt.

94 1818 160 1872 lum
172 1816 244 1872 Novi
253 1815 430 1871 Testamenti
444 1816 589 1873 informat.
606 1819 680 1874 tiene
695 1825 791 1875 autem
807 1836 859 1892 per
872 1837 946 1893 qua·
1038 1818 1105 1874 Dio
1118 1820 1209 1874 millio
1231 1825 1258 1873 ct
1271 1820 1400 1875 euentu
1417 1818 1450 1874 ln
1474 1818 1712 1889 Paralipomenon
1735 1833 1787 1889 pro
1801 1816 1853 1872 tri·

94 1905 302 1978 dragenarium
323 1921 476 1960 numerum
497 1907 541 1960 vel
565 1907 775 1964 duodenarium
790 1925 891 1965 currus
918 1914 948 1964 et
1000 1905 1054 1960 bus
1066 1906 1194 1961 millibus
1208 1906 1341 1961 trecentis
1355 1906 1527 1978 prepositis,
1552 1905 1650 1978 quiin
1679 1907 1788 1977 Regum
1802 1921 1856 1961 nu-

94 1995 210 2067 eqnites
228 1994 390 2050 Salomonis
409 2001 614 2052 numerantur:
640 1997 709 2069 quia
724 2014 776 2069 per
790 2004 946 2070 utrumque
999 1998 1159 2060 merantur,
1176 1995 1229 2049 tria
1253 1994 1343 2050 millia
1360 1996 1487 2050 sexcenti
1513 1994 1678 2049 scribuntur
1694 2011 1746 2065 pro
1759 1993 1851 2066 perie-

95 2087 313 2150 testamentam,
352 2083 442 2138 sancti
476 2085 530 2139 riri
564 2085 650 2142 saeris
688 2087 792 2142 litteris
829 2087 944 2154 eruditi,
1000 2082 1094 2137 ctione
1122 2082 1290 2138 sublimium
1315 2083 1452 2138 virorum.
1477 2084 1510 2137 ln
1538 2083 1652 2138 senario
1680 2083 1759 2138 enim
1779 2084 1855 2138 Deus

95 2172 220 2227 sessioni
232 2171 282 2226 Dei
296 2176 441 2242 aptantur,
458 2189 530 2244 quos
544 2173 606 2244 ipse
632 2191 763 2230 summus
778 2176 878 2248 auriga
893 2192 946 2248 pro
999 2171 1101 2225 mundi
1115 2175 1248 2225 ornatum
1273 2171 1439 2242 complevit:
1455 2175 1485 2226 el
1506 2171 1574 2243 quia
1589 2177 1685 2227 sancia
1709 2172 1855 2244 Scriptura

95 2258 170 2316 nuto
183 2276 236 2315 sua
246 2261 396 2332 gubernat.
999 2259 1087 2315 fidem
1106 2260 1253 2315 Trinitatis
1278 2261 1360 2316 docet
1388 2265 1417 2315 et
1439 2276 1528 2332 opera
1553 2261 1683 2331 justitie,
1712 2263 1855 2318 rectetria

133 2350 216 2404 Vnus.
244 2352 286 2404 17.
314 2378 349 2390 -
368 2350 505 2406 secessu
530 2354 675 2419 arcetur.
702 2353 773 2418 Quia
796 2355 946 2410 doctorum
1000 2349 1092 2405 millia
1105 2349 1231 2405 sexcenti
1242 2349 1532 2422 perhibenturiuisse.

94 2441 302 2493 testamentum
329 2436 534 2507 predicatione
564 2438 598 2494 ad
624 2441 851 2510 cognoscendam
879 2442 947 2498 lidei
1337 2437 1450 2492 CAPUT
1467 2438 1514 2491 tlt.

94 2525 248 2581 veritatem
262 2540 315 2596 per
341 2525 543 2596 predicatores
566 2527 596 2582 in
613 2545 696 2584 usum
714 2530 774 2586 reri
788 2531 948 2587 Salomonis
1038 2527 1121 2581 ans.
1149 2530 1230 2581 1.-
1256 2527 1288 2581 lu
1315 2540 1382 2580 urea
1406 2525 1508 2582 aman.
1533 2525 1623 2596 (Rau.)
1653 2524 1777 2580 Ecclesia
1802 2540 1854 2597 per

93 2613 229 2669 homines
254 2612 442 2668 adducuntur.
459 2613 590 2670 Sexcenti
609 2632 687 2689 ergo,
704 2618 733 2674 id
755 2624 798 2674 est
821 2619 948 2691 sexagies
1002 2630 1100 2670 aream
1131 2613 1272 2685 signatur,
1294 2619 1361 2680 etc,
1388 2628 1474 2683 rusque
1498 2612 1536 2668 cd
1560 2614 1609 2669 sed
1635 2629 1701 2669 cnm
1723 2613 1854 2670 Christus

94 2702 166 2759 deni
191 2701 397 2773 perlectionem
420 2704 591 2776 evangelice
611 2705 749 2763 doctrine
773 2709 945 2780 significant.
1001 2719 1065 2758 eam
1102 2701 1233 2774 respexit,
1263 2703 1341 2774 pacis
1375 2702 1405 2756 in
1433 2718 1462 2757 se
1495 2707 1524 2756 et
1549 2702 1645 2757 locum
1677 2702 1789 2758 invenit
1820 2707 1852 2758 et

94 2790 128 2844 in
153 2805 211 2861 qua
234 2790 370 2861 perfectio
394 2791 465 2862 legis
488 2794 607 2848 omnino
632 2795 778 2851 consistit:
801 2797 947 2869 precipue
1002 2809 1118 2848 nomen.

95 2893 165 2933 cnm
186 2877 361 2950 Redemptor
377 2884 476 2935 noster
489 2886 567 2938 sexta
587 2882 633 2938 die
645 2899 756 2954 passas,
771 2885 868 2940 omnia
882 2901 948 2956 que
1037 2882 1119 2936 Vnus.
1147 2885 1174 2936 D.
1208 2911 1243 2921 -
1276 2882 1365 2936 Mense
1390 2881 1517 2941 secuudu.
1547 2884 1600 2935 ete.
1631 2879 1663 2936 ld
1690 2883 1732 2935 est
1769 2879 1851 2943 llaio,

95 2966 135 3022 de
150 2981 180 3020 se
195 2966 224 3020 in
247 2965 309 3038 lege
325 2971 354 3021 et
371 2968 519 3038 prophetis
542 2970 646 3042 scripta
669 2977 761 3038 erant,
778 2972 982 3045 complesit30
1002 2984 1070 3023 mox
1089 2967 1198 3022 scilieet
1225 2973 1291 3038 post
1319 2967 1435 3039 pascha,
1466 2973 1499 3022 ut
1527 2971 1707 3022 consecratas
1735 2966 1853 3039 mystica

95 3054 177 3109 ande
206 3052 256 3109 ait.
290 3055 509 3111 consummatum
540 3063 589 3114 est.
627 3062 663 3115 Et
688 3062 820 3116 inclinato
846 3065 945 3132 capite,
1000 3054 1181 3110 solemnitate
1207 3056 1333 3127 popalus
1362 3055 1449 3125 digne
1476 3055 1681 3126 aggrederetur
1700 3055 1852 3126 mysticum

97 3144 193 3198 nubit
207 3144 336 3212 spiritum
345 3144 431 3213 (locu.
446 3151 522 3212 xrx).
1001 3159 1084 3215 opus.

135 3232 262 3286 curtum.
278 3231 332 3296 Qui
357 3238 425 3288 sunt
443 3236 488 3288 ter
502 3234 709 3308 quinquageni,
734 3241 762 3293 et
776 3239 947 3295 VaterisTs.
1035 3238 1118 3288 Anao
1135 3237 1234 3303 quarto
1260 3233 1340 3300 requi
1364 3233 1417 3287 saci.
1449 3231 1514 3285 Post
1538 3231 1680 3303 expletam
1702 3230 1851 3300 dispensa·

97 3319 235 3375 stamenti
251 3325 371 3392 propter
387 3323 573 3378 Pentecosten
583 3329 612 3379 et
620 3325 812 3396 jubileumet
823 3327 945 3399 triplicis
999 3320 1110 3375 tionem
1132 3320 1237 3376 divine
1251 3319 1468 3387 incarnationis,
1481 3335 1546 3392 que
1560 3318 1592 3374 iu
1608 3323 1732 3390 quatuor
1756 3320 1851 3374 Evan-

97 3407 254 3479 Scriptare
278 3408 501 3478 distinctionem,
527 3411 598 3483 quia
624 3412 741 3469 dicitnr:
771 3417 881 3472 Necesse
906 3422 947 3473 cst
999 3409 1081 3480 8⁴³¹iis
1107 3409 1213 3480 miili&
1237 3415 1290 3476 0⁸i»
1318 3408 1407 3464 mi⁸³⁰
1435 3408 1544 3478 Sitifim
1572 3407 1608 3462 ⁶⁰
1633 3408 1705 3463 ⁰oe¹⁰
1727 3408 1852 3463 E00¹0⁸i³

96 3498 193 3552 munia
207 3498 317 3566 impleri
331 3513 391 3567 que
415 3501 520 3568 scripta
537 3505 601 3555 suut
620 3503 649 3555 lu
671 3503 727 3569 tege
741 3504 828 3572 Mopsi
841 3510 867 3558 er
877 3520 946 3574 pro.
999 3497 1136 3554 fabricata
1157 3501 1210 3552 est.
1238 3497 1307 3562 Que
1322 3496 1353 3552 in
1378 3496 1458 3552 libris
1486 3497 1598 3568 Regum
1610 3497 1805 3568 exposuimus,
1821 3496 1852 3552 in

94 3585 189 3655 puetis
200 3589 227 3640 et
247 3587 361 3655 psalmis
375 3587 409 3641 dc
422 3603 463 3642 mo
488 3590 567 3652 (tua.
583 3589 671 3660 xxiv),
687 3591 837 3647 manifeste
858 3594 946 3664 signi·
1000 3587 1238 3658 Paralipomenon
1253 3586 1306 3642 sub
1322 3585 1460 3641 breviidlss
1476 3584 1708 3657 P0f⁸ifi¹¹ssiffl¹¹⁸·

96 3671 196 3729 ficaut.
1036 3674 1196 3745 Longitudo
1231 3674 1333 3729 domus
1361 3675 1477 3745 longam
1519 3674 1649 3729 Ecclesiae
1680 3672 1851 3744 patientiam

442 3747 556 3803 CAPUT
572 3748 605 3803 ¹1·
1000 3761 1151 3833 significat.
1184 3762 1316 3818 missuro
1351 3761 1517 3817 maurium
1556 3777 1613 3832 qua
1641 3761 1728 3816 stam
1757 3761 1851 3834 diligit

134 3848 218 3903 Vens.
241 3851 266 3904 l.
286 3877 322 3892 -
341 3853 462 3905 Decrevit
473 3852 601 3906 Salomon
612 3853 750 3922 aditlccre
769 3853 945 3920 domumete.
1000 3849 1144 3919 inimicos,
1169 3850 1261 3906 donec
1284 3865 1351 3905 cum
1375 3848 1443 3905 solis
1464 3849 1564 3904 amicis
1583 3850 1615 3904 in
1641 3851 1698 3905 Deo
1715 3851 1847 3919 gaudeat.

99 3936 192 4008 (Bru,
221 3942 316 4008 quest.
346 3940 376 3992 ia
405 3939 531 4009 libitam,
555 3946 625 3995 tom.
655 3943 704 4012 ll.)
730 3944 837 3999 Domus
860 3960 947 4015 quam
1000 3937 1126 3994 Altitudo
1154 3953 1221 3993 vero
1256 3953 1336 4009 spem
1361 3937 1467 3992 future
1490 3936 1556 3992 vitas
1584 3942 1614 3993 et
1641 3937 1848 4004 retributionis,

99 4024 252 4080 edificavit
269 4025 413 4093 Salomon,
429 4031 496 4090 etc„
510 4043 594 4097 usque
625 4028 728 4102 adqui
751 4031 947 4102 seipsosedi-
1001 4027 1068 4098 quia
1097 4026 1195 4082 omnia
1219 4027 1338 4082 adversa
1358 4025 1532 4081 contemnit:
1560 4025 1652 4081 donec
1666 4025 1761 4081 rideat
1775 4025 1849 4081 bona

99 4112 165 4168 ticio
180 4113 244 4181 Dei,
271 4113 425 4181 credendo,
441 4117 599 4187 operando,
625 4117 696 4172 alios
710 4118 848 4187 docendo,
871 4135 947 4191 pre·
1001 4115 1117 4171 Domini
1136 4116 1167 4171 in
1181 4121 1258 4171 terra
1270 4113 1438 4170 virentium.
1455 4114 1619 4169 Notandum
1638 4114 1717 4186 quod
1731 4115 1849 4187 triginta

98 4206 210 4272 parant.
1000 4203 1088 4259 cubiti
1103 4203 1271 4268 altitudinis,
1288 4203 1338 4276 qni
1352 4204 1383 4259 in
1393 4204 1504 4274 Regum
1519 4204 1664 4275 leguntur,
1685 4219 1744 4259 noa
1759 4204 1793 4259 ad
1809 4208 1850 4258 te·

132 4290 273 4347 Salomon.
298 4292 332 4347 Et
352 4292 470 4347 nomine
498 4298 528 4348 at
551 4309 641 4364 regno
663 4296 845 4366 pacatissimo
863 4296 982 4381 illum„
999 4297 1077 4347 ctiam
1092 4292 1203 4364 templi.
1220 4294 1271 4349 sed
1298 4308 1390 4364 usque
1404 4292 1440 4347 ad
1454 4293 1633 4348 cenaculum
1648 4291 1768 4347 inferius
1783 4307 1848 4364 per·

98 4377 252 4449 significat,
277 4383 343 4441 etc..
359 4394 444 4450 usque
468 4379 507 4435 od
526 4384 555 4435 ct
576 4381 799 4438 illuminationis
822 4382 946 4456 Spiritus
990 4387 1149 4439 sanarunt.
1180 4382 1230 4436 llic
1257 4380 1335 4437 enim
1361 4380 1438 4453 quod
1467 4380 1590 4436 altitudo
1618 4379 1849 4452 centumviginti

98 4467 201 4523 sancti.
976 4462 1160 4526 ¹cubitorum
1189 4474 1260 4526 erat.
1293 4469 1350 4525 ulii
1377 4469 1497 4542 triginta
1525 4470 1560 4526 ud
1597 4469 1726 4526 medinm
1753 4485 1849 4525 cena·

132 4555 214 4611 Vaas.
239 4558 266 4612 8.
285 4557 375 4612 -Et
397 4563 477 4613 eruut
502 4560 583 4614 aeui.
613 4559 702 4630 (Rus.)
731 4561 861 4632 Apostoli
889 4560 947 4617 mei
999 4559 1171 4626 culum,alii
1198 4575 1266 4615 vero
1288 4559 1327 4614 ad
1354 4560 1481 4626 tertium,
1504 4558 1607 4614 deinde
1623 4575 1713 4631 nsque
1730 4558 1768 4614 ad
1797 4574 1847 4614 su-

96 4648 125 4698 et
142 4644 276 4699 doctores
301 4645 403 4716 primi,
416 4650 482 4714 etc,
505 4661 590 4716 usque
609 4648 647 4702 ad
670 4652 698 4702 et
724 4648 790 4703 ideo
811 4649 946 4704 subtilius
998 4664 1133 4720 premam
1156 4648 1379 4721 templitectum
1394 4647 1636 4719 numerabuntur,
1656 4648 1706 4703 alii
1729 4646 1850 4718 triginta

96 4737 343 4804 expugnaverant.
999 4739 1083 4793 etsie
1108 4741 1170 4793 tota
1196 4736 1317 4792 altitudo
1336 4736 1439 4791 domus
1454 4735 1616 4790 incautum
1630 4734 1732 4806 viginti
1744 4735 1849 4790 cubitis
1922 4722 1926 4729 ’

129 4822 211 4877 Vens.
239 4822 282 4877 ld.
307 4851 343 4864 -
364 4823 465 4878 Filium
487 4824 619 4880 mulieris.
639 4825 770 4881 Ostendit
796 4841 863 4881 eum
884 4842 946 4882 esse
997 4831 1228 4882 consummatur:
1251 4841 1309 4897 qno
1336 4840 1457 4880 numero
1486 4822 1614 4879 virorum
1637 4822 1783 4894 primitiva
1797 4824 1848 4878 Ec-

95 4910 129 4965 de
148 4911 458 4982 progenieSalomith;
471 4912 506 4967 de
521 4912 598 4968 tribu
614 4913 685 4982 Dan,
701 4913 807 4986 dequo
821 4914 850 4969 in
872 4914 946 4971 libro
999 4915 1085 4970 alesia
1103 4914 1133 4968 in
1154 4913 1312 4970 Jerusalem
1336 4912 1459 4985 gratiam
1482 4911 1604 4982 Spiritus
1623 4911 1713 4967 sancti
1726 4911 1847 4982 accepit.

95 5001 290 5056 Nnmsrorum
317 5001 433 5072 legitur.
455 5003 569 5056 Patrem
593 5002 656 5073 ejus
688 5002 804 5058 tradunt
831 5003 945 5059 Hebraei
998 5001 1167 5067 Quindecim
1186 5018 1311 5074 namque
1327 5000 1376 5072 qui
1392 5016 1424 5055 ex
1450 5003 1602 5071 septemet
1617 5005 1681 5055 octo
1704 5004 1847 5068 comtant,

92 5087 182 5144 fnisse
200 5089 364 5156 Hebraeum,
379 5090 414 5145 dc
429 5091 519 5161 stirpe
543 5090 635 5159 Oliad,
651 5090 779 5147 detribu
797 5092 869 5158 Dan,
894 5092 945 5163 qui
997 5090 1124 5146 laturam
1153 5092 1239 5146 vitam
1265 5091 1390 5161 signant,
1412 5103 1476 5159 que
1498 5104 1573 5142 nunc
1597 5087 1692 5160 agitem
1704 5088 1735 5144 in
1750 5089 1847 5160 quiete

92 5188 158 5231 cnm
175 5175 301 5231 Deseleel
318 5176 349 5230 in
369 5192 466 5232 eremo
482 5183 616 5250 operatus
635 5184 687 5234 est.
713 5179 795 5244 Quod
808 5195 876 5235 sero
890 5181 944 5252 Ty·
998 5179 1161 5235 animarum
1173 5185 1202 5235 et
1219 5178 1385 5249 perdcietur
1402 5177 1432 5231 in
1446 5176 1655 5232 resurrectione
1676 5192 1845 5249 corporum:

92 5262 171 5319 riam
200 5269 289 5330 vocat,
308 5265 389 5320 aiuat
407 5266 519 5321 Hebraei
546 5268 601 5322 hoc
625 5268 813 5323 translatione
837 5268 944 5325 iactum
998 5267 1238 5341 quindecimvero
1250 5267 1280 5320 in
1291 5266 1438 5337 trigonum
1455 5264 1549 5327 ducta.
1561 5264 1592 5321 id
1607 5270 1658 5334 est,
1675 5282 1740 5321 eam
1756 5266 1848 5322 omni·

91 5349 191 5408 misse.
218 5352 297 5408 zocri
319 5353 397 5408 enim
423 5354 524 5425 lingua
550 5370 649 5411 eorum
677 5357 827 5428 psalnatio
851 5357 944 5413 inter·
997 5357 1052 5413 bus
1083 5356 1212 5430 partibas
1237 5354 1295 5409 suis
1327 5357 1477 5409 numerata
1499 5358 1614 5409 centum
1640 5355 1744 5426 viginti
1760 5354 1845 5423 flant,

90 5445 233 5510 pretatur.
259 5440 367 5513 chyros
391 5442 468 5498 enim
492 5459 578 5515 qnam
609 5444 652 5500 illi
676 5447 728 5501 Zor
754 5450 867 5513 vocant,
890 5447 942 5503 ali-
997 5445 1102 5519 quibus
1124 5445 1290 5516 designatur
1307 5443 1404 5500 latura
1421 5442 1568 5499 beatitudo
1587 5443 1754 5501 electorum.
1771 5447 1846 5503 Esne

92 5526 212 5600 quando
237 5529 411 5600 angustiam,
427 5531 583 5604 aliquando
605 5532 826 5606 plasmationem
848 5540 940 5591 sonat.
998 5539 1097 5591 anem
1113 5534 1168 5589 hoc
1185 5547 1308 5589 numero
1327 5531 1447 5588 tertium
1461 5532 1641 5589 cenaculum
1664 5534 1844 5591 damascen-
