3892 6106
91 255 141 308 371
408 250 613 307 waanrntol
631 251 753 306 sanant
773 252 793 306 F
797 252 874 307 [tab.
895 250 975 305 ΜΟΝ.
995 248 1070 305 ΟΡΡ.
1092 248 1180 304 PARS
1198 249 1221 304 l.
1241 277 1277 286 —
1295 246 1523 304 innotuerat.
1800 225 1854 303 37²

125 370 206 424 Vuae.
222 369 266 423 ta.
280 397 318 410 —
330 369 384 436 Qui
396 384 430 423 ee
443 370 496 423 bis.
514 369 614 436 (leue.)
642 367 805 422 ludaeorum
829 367 978 437 cognatib
997 366 1125 431 tinendo,
1142 372 1170 422 et
1191 367 1270 423 omni
1290 367 1368 423 hono
1390 368 1517 424 vacando
1535 385 1542 423 :
1566 368 1622 424 hoc
1637 375 1681 426 est
1700 368 1780 425 enim
1807 386 1857 426 ae·

89 456 228 525 haeretici,
253 457 304 529 qui
327 458 426 511 eadem
448 456 595 511 nobiscum
623 455 781 528 praedicant
795 455 942 527 mysteria,
995 472 1062 511 rum
1077 456 1240 511 sabbatum.

91 546 174 618 quasi
189 545 246 607 sint
259 545 290 601 in
303 549 507 600 terrenostra:
525 545 574 599 sed
597 551 745 599 nonrecte
773 550 801 600 el
818 545 943 616 perfecte
1031 544 1110 597 Vens.
1128 545 1153 597 3.
1178 572 1213 583 -
1233 543 1267 596 Si
1282 544 1312 596 in
1325 545 1468 612 praeceptio
1496 543 1570 608 Quid
1584 543 1658 607 fieri,
1677 543 1746 614 quid
1771 544 1859 618 vitari

91 633 222 689 credunt.
996 630 1123 698 deberet,
1138 628 1282 700 praedixit.
1300 631 1331 683 ln
1344 628 1401 683 line
1416 646 1484 701 quae
1494 630 1710 685 observantibus
1720 631 1858 701 praemia,

127 720 334 776 Hosbabebitis.
351 718 415 790 (ln.)
429 718 505 784 Quos
520 718 554 774 de
569 719 700 790 gentibus
714 725 764 776 aut
780 719 815 775 de
837 717 944 775 ludaeis
997 735 1061 790 quae
1077 717 1327 789 praevaricantibus
1338 718 1481 789 supplicia
1509 718 1669 773 debeantur
1688 726 1853 774 enumerat.

91 812 142 862 eut
158 808 192 862 de
205 807 347 862 haereticis
365 806 566 873 convertimus,
596 807 677 878 quasi
693 823 790 861 servos
811 806 941 862 etancil·
1032 807 1062 862 Si
1076 809 1105 859 tn
1118 808 1269 875 preceptis.
1287 807 1352 874 tto.)
1380 806 1444 860 llaec
1464 806 1499 860 ad
1529 806 1658 860 litteram
1688 810 1763 861 stare
1789 821 1852 860 non

91 889 136 951 las
150 896 363 966 inperpetuum
383 895 574 964 acquirimus:
591 895 659 966 quia
671 912 724 966 pro
739 895 780 951 eis
806 895 943 950 doctrinm
996 899 1125 964 possunt,
1141 899 1206 963 etc,
1234 909 1319 963 usque
1346 894 1463 965 adquae
1482 894 1513 948 in
1543 895 1710 966 boccapite
1738 895 1853 966 signifi-

92 983 245 1057 pecuniam
265 982 461 1054 expendimus,
484 988 512 1038 el
525 983 592 1038 liliis
607 985 720 1050 nostris,
744 985 833 1039 idest
858 983 944 1038 disci·
996 987 1108 1037 cantur.

92 1070 169 1143 pulis
184 1070 325 1126 docendos
337 1070 451 1125 tradere
471 1086 633 1141 possumus,
652 1071 724 1126 sicut
749 1072 854 1126 Paulus
880 1069 943 1124 Tito
1033 1069 1134 1140 (Orare,
1149 1071 1219 1125 bom.
1238 1072 1269 1124 ld
1285 1071 1315 1124 in
1339 1070 1415 1140 Leo.)
1432 1068 1462 1124 Si
1481 1070 1524 1125 lox
1548 1069 1671 1125 carnalis
1699 1073 1752 1136 est,
1777 1074 1843 1149 ete,

93 1162 251 1221 Cretenses,
284 1157 431 1214 Timotheo
457 1157 592 1228 Ephesios
618 1158 761 1214 docendos
788 1157 942 1214 commisit.
997 1158 1142 1229 usquead,
1156 1160 1398 1213 loannesvenitin
1413 1160 1515 1227 spiritu
1541 1163 1566 1212 et
1586 1161 1617 1213 ia
1644 1159 1750 1214 uirtute
1768 1160 1846 1214 Elio·

128 1248 211 1302 Vnus.
237 1249 282 1303 46.
313 1282 340 1292 -
362 1249 472 1303 Fratres
497 1253 596 1302 numm.
634 1246 720 1312 Qaaasi
754 1263 814 1301 non
842 1246 944 1302 eadem
1032 1247 1242 1302 Mandatumeo.
1259 1245 1347 1311 Quale
1369 1252 1412 1301 cst
1437 1247 1508 1302 illud
1524 1263 1531 1302 ι
1549 1248 1602 1314 Qui
1628 1246 1773 1302 sabbatum
1796 1261 1851 1300 non

94 1334 234 1409 dignitate
249 1335 325 1409 apud
339 1339 494 1401 voserunt,
519 1350 591 1406 quos
615 1334 650 1390 de
675 1334 772 1407 impiis
786 1334 943 1389 convertis·
997 1335 1162 1389 custoditae
1190 1336 1263 1389 omni
1286 1349 1425 1403 spnopopo
1444 1336 1593 1405 lapidetur,
1617 1342 1647 1390 et
1671 1333 1849 1406 hujusmodi.

93 1426 140 1490 tis,
157 1431 186 1480 et
199 1440 271 1497 quos
285 1423 382 1496 lapsos
396 1422 547 1493 reparatis.
1034 1423 1190 1477 necesitas
1214 1424 1335 1491 pluuias,
1365 1428 1418 1477 ele.
1450 1425 1482 1478 Et
1518 1423 1602 1492 dabo,
1616 1428 1641 1477 et
1668 1422 1851 1494 superfluum

128 1513 210 1567 Vens.
224 1512 269 1567 47.
284 1539 319 1553 -
340 1511 372 1567 Si
387 1511 544 1566 invaluerit.
569 1512 633 1582 (lo.)
659 1510 691 1567 ld
704 1515 757 1578 est,
785 1510 809 1565 si
834 1509 945 1565 noviter
998 1517 1051 1578 est,
1065 1510 1271 1566 consuetudine
1287 1510 1442 1566 locutionis
1456 1515 1572 1578 nostrae,
1591 1511 1641 1566 sed
1668 1526 1751 1566 more
1782 1510 1852 1565 scri·

93 1599 161 1655 fidei
175 1603 275 1654 vestrae
288 1598 468 1670 conjunctus,
482 1598 609 1666 Gentilis,
625 1599 669 1654 vel
683 1599 809 1668 ludaens,
824 1599 869 1653 vei
884 1598 943 1652 hae·
996 1604 1148 1671 plurarem
1163 1599 1304 1654 additum.

94 1688 209 1757 relicus,
226 1687 379 1743 virtutibus
393 1686 538 1755 claruerit,
554 1691 586 1743 ot
601 1687 823 1760 possitarguere
852 1691 882 1743 et
896 1703 943 1740 ex·
1035 1688 1218 1759 Temporibus.
1259 1687 1358 1758 (Ouio.)
1398 1688 1538 1759 Tempore
1575 1691 1750 1759 opportuno,
1793 1701 1855 1741 non

93 1776 213 1831 hortari.
998 1775 1088 1842 ebrio,
1102 1791 1160 1830 non
1173 1774 1204 1830 in
1218 1775 1281 1829 aliis
1299 1779 1457 1845 occrrpato:
1487 1775 1643 1847 prudenter
1671 1790 1740 1846 ergo
1761 1773 1854 1846 conji-

130 1865 162 1921 Si
174 1864 332 1931 invaluerit,
345 1867 400 1917 etc.
415 1861 579 1918 Secundum
588 1861 714 1918 litteram
725 1866 864 1934 quantum
876 1861 944 1916 dili·
997 1865 1055 1920 ciat
1068 1864 1167 1919 doctor
1181 1863 1228 1917 cui
1246 1862 1388 1917 ministret
1420 1864 1559 1935 pluviam,
1588 1863 1712 1918 ettrilici
1735 1878 1854 1917 mensn-

96 1952 315 2025 gatlibertatem
343 1950 477 2006 ostendit.
498 1950 566 2005 ideo
591 1951 668 2005 enim
697 1951 854 2005 israelitam
871 1949 944 2005 alie·
998 1968 1070 2019 ram,
1084 1955 1111 2005 et
1124 1950 1171 2005 cui
1185 1949 1269 2005 debet
1284 1951 1412 2016 laedere,
1434 1968 1492 2007 non
1507 1953 1555 2008 det
1569 1968 1672 2007 escam.

96 2041 140 2095 nis
155 2057 213 2095 non
226 2039 365 2111 permittit
382 2039 496 2102 servire,
508 2037 558 2093 sed
571 2037 701 2111 praecipit
715 2038 828 2094 redimi.
1033 2041 1113 2094 vaus.
1131 2040 1157 2093 4.
1173 2069 1207 2079 -
1224 2041 1307 2093 Terra
1332 2042 1434 2108 pipnct.
1463 2040 1544 2095 LXX:
1573 2042 1663 2110 Liqno
1689 2041 1781 2109 campi
1799 2039 1854 2094 du-

131 2129 428 2197 nannetensium
447 2131 491 2182 est
505 2126 654 2182 hominem
672 2127 704 2181 in
720 2125 777 2182 ilde
795 2126 830 2182 ab
849 2125 944 2179 inlan—
999 2127 1064 2181 bunt
1073 2129 1194 2193 fructum
1215 2141 1303 2181 snum.
1320 2127 1384 2197 (In.)
1407 2128 1498 2182 Motus
1513 2128 1629 2197 animae,
1659 2128 1710 2200 qui
1733 2127 1854 2182 altiores

95 2216 135 2272 tia
150 2216 302 2285 nutritum,
315 2214 522 2271 taliumsnbire
537 2214 806 2286 magisterium,qui
826 2217 944 2285 repente
998 2220 1066 2271 sunt
1081 2214 1312 2281 motibusterrae,
1336 2214 1363 2269 id
1387 2221 1440 2277 est.
1461 2217 1555 2271 carnis
1577 2222 1695 2284 nostrae,
1725 2231 1851 2288 quornm

96 2302 228 2374 magistri
237 2301 303 2356 iacti
317 2305 393 2369 sunl,
410 2300 487 2356 unde
502 2301 713 2372 Hieronymus:
734 2301 801 2356 Heri
823 2301 855 2354 in
868 2299 944 2366 loro,
998 2303 1105 2359 lructus
1131 2309 1200 2358 sunt
1228 2303 1362 2372 charitas,
1385 2304 1506 2374 justitia,
1538 2304 1729 2360 mansuetudo
1758 2309 1788 2361 et
1813 2304 1851 2358 si-

95 2390 179 2447 hodie
194 2389 224 2444 in
237 2389 337 2457 altari3
356 2389 418 2443 heri
442 2388 535 2444 socius
559 2389 733 2457 histrorum,
763 2388 848 2445 hodie
874 2403 945 2443 con-
999 2391 1089 2448 milia.

95 2476 387 2549 secratorvirginum.
1034 2478 1249 2535 Pomisarborea.
1266 2479 1369 2551 (Ouio.)
1397 2483 1458 2537 Non
1479 2487 1568 2551 potest
1594 2481 1687 2548 orbor,
1707 2485 1776 2548 etc,
1805 2498 1851 2537 as-

132 2567 213 2623 Vaus.
230 2567 276 2622 49.
291 2595 327 2606 -
355 2567 485 2631 Petrinis,
501 2564 561 2637 {etc
596 2564 669 2637 (iu.)
696 2564 841 2620 Patrocles
866 2569 944 2632 sunt,
999 2583 1051 2638 que
1064 2565 1146 2622 adde
1160 2582 1218 2638 qua
1232 2567 1337 2622 dicitur
1352 2582 1360 2620 ι
1375 2569 1493 2633 bianum
1518 2571 1581 2623 oilae
1595 2573 1634 2623 est
1657 2569 1701 2623 bis
1724 2571 1774 2638 qui
1802 2583 1851 2637 op-

98 2654 149 2727 qui
161 2670 213 2708 nos
226 2654 255 2708 in
265 2653 320 2709 ilde
339 2656 512 2724 genuerunt,
530 2651 630 2707 fratres
657 2668 757 2707 eorum
783 2651 946 2708 consimiles
997 2655 1200 2726 pretenderunt
1211 2672 1280 2711 eam.

98 2742 312 2814 predicatores,
326 2741 380 2796 lilii
394 2741 514 2794 fratrum
526 2739 660 2812 discipuli
670 2740 873 2796 consimilium.
1036 2744 1118 2798 Vnus.
1135 2745 1160 2798 a.
1177 2770 1212 2786 -
1240 2743 1437 2814 Apprebendet
1462 2746 1588 2800 messium
1614 2747 1731 2801 tritura.
1761 2744 1852 2814 (Ouio)

116 2832 365 2897 >Gomonpuineua
384 2827 516 2900 (10.)οιιί
539 2829 676 2883 remotior
698 2832 801 2899 patruo
826 2829 871 2883 vel
895 2845 945 2900 pa·
1000 2831 1104 2886 Anima
1118 2847 1183 2902 quae
1205 2831 1348 2904 germinat
1367 2848 1401 2886 ex
1416 2831 1502 2887 verbo
1529 2833 1589 2899 Dei,
1604 2841 1670 2898 ete,
1703 2848 1789 2903 nsque
1816 2832 1853 2887 ud

97 2918 195 2982 trueli,
215 2920 262 2972 eod
290 2916 481 2989 propinquior
503 2915 593 2972 affini.
616 2917 668 2983 Qui
685 2910 763 2972 'enim
785 2932 904 2981 suorum
923 2923 949 2974 et
965 2919 985 2976 C
1004 2933 1070 2973 cum
1084 2919 1227 2974 conservis
1241 2918 1271 2973 in
1294 2924 1425 2990 tempore
1448 2920 1671 2990 dispensandum
1693 2925 1850 2975 remaneat.

31 3071 37 3080 ,
96 3010 215 3062 monime
226 3006 426 3062 domesticorum
440 3020 533 3061 curum
559 3021 613 3060 non
641 3005 731 3073 babet,
769 3006 849 3075 {imm
874 3005 950 3061 abne
1038 3007 1238 3077 Apprebendet.
1253 3008 1342 3062 Panis
1371 3008 1450 3063 enim
1476 3024 1521 3063 cor
1549 3009 1667 3064 bominis
1697 3008 1853 3081 confimat,

99 3093 216 3166 qaoit(l
231 3095 303 3149 Tim.
320 3096 360 3166 v).
1002 3097 1095 3149 uinum
1107 3095 1226 3164 laetificat
1249 3093 1332 3165 (Paul.
1362 3095 1427 3165 ciri).
1458 3096 1527 3160 Qua
1552 3097 1588 3150 de
1612 3095 1853 3163 continentia,de

134 3184 248 3251 amnia.
265 3182 328 3252 (lo.)
343 3182 376 3236 ln
389 3182 558 3253 cognatione
568 3180 635 3235 iidei
644 3180 850 3236 incarnationis
868 3180 950 3238 Chri·
1003 3182 1192 3237 observantiis
1207 3186 1235 3237 et
1253 3183 1289 3237 de
1321 3182 1455 3237 custodiis
1483 3183 1681 3239 mandatorum
1707 3184 1852 3252 dicontur,

100 3268 147 3333 sti,
164 3268 214 3340 qui
226 3268 262 3324 de
276 3284 361 3324 carne
376 3269 437 3339 ejus
450 3268 599 3324 etossibus
614 3283 722 3323 sumus.
1002 3270 1179 3324 frumentum
1210 3269 1352 3337 videnlur,
1380 3286 1414 3325 ex
1445 3288 1503 3343 quo
1530 3272 1679 3327 conficitur
1706 3274 1790 3345 panis
1804 3274 1854 3344 qni

137 3356 298 3413 sinautem.
316 3356 385 3427 (lo.)
401 3357 455 3412 Pro
468 3356 601 3411 libertate
620 3360 718 3411 nostra
732 3359 761 3411 et
782 3355 872 3427 gloria
891 3355 952 3428 Spi·
1003 3357 1088 3412 corda
1103 3357 1253 3412 confortat.
1270 3359 1308 3412 Ea
1322 3375 1388 3413 vera
1402 3375 1468 3430 quae
1482 3360 1518 3414 ad
1534 3360 1681 3415 scientiam
1707 3360 1855 3430 pertinent

103 3445 174 3501 ritus
189 3448 303 3499 sanctus
333 3444 404 3516 egit,
421 3449 450 3500 et
474 3459 676 3516 quemcunque
709 3458 823 3499 servum
843 3445 953 3516 peccati
1004 3449 1033 3500 et
1041 3444 1218 3501 occultorum
1236 3446 1434 3516 exploratione
1462 3448 1607 3503 laetificant
1633 3453 1771 3515 mentem,
1787 3449 1853 3515 ¹vino

100 3532 257 3589 virtutihus
270 3531 374 3589 redimi
387 3532 525 3604 praecipit.
980 3559 986 3567 ·
1005 3537 1034 3587 et
1047 3532 1198 3588 vindemie
1227 3539 1440 3604 comparentur.
1469 3536 1524 3591 Cor
1549 3535 1627 3590 enim
1654 3536 1771 3590 laetatur
1787 3549 1853 3590 oum

138 3625 174 3677 at
188 3623 255 3692 ipse.
272 3620 336 3692 (lo.)
351 3619 406 3686 Oui
418 3637 528 3692 pauper
541 3621 633 3676 lactus
643 3619 729 3679 estin
746 3625 871 3693 peceato,
887 3636 952 3678 cum
1004 3619 1124 3676 obscura
1141 3619 1270 3694 [occulta]
1282 3624 1480 3694 explanantur.

104 3709 335 3782 priusvirtuteet
354 3710 482 3766 doctrina
507 3709 586 3766 dives
610 3715 694 3780 esset,
722 3717 799 3768 recte
826 3712 953 3785 seipsum
1044 3710 1224 3766 Vindomium.
1237 3713 1371 3766 Fructum
1394 3712 1509 3767 animae.
1532 3712 1683 3767 Vindemia
1702 3712 1781 3767 enim
1809 3727 1856 3766 ar·

103 3799 206 3856 liberat
215 3797 284 3855 dum
298 3797 486 3870 exhortando,
502 3800 678 3857 consulendo
704 3801 741 3856 ad
755 3801 889 3858 virtutem
904 3817 954 3856 re·
1005 3798 1057 3854 bor
1072 3803 1122 3854 est.
1137 3800 1201 3854 llaec
1215 3804 1312 3854 autem
1326 3800 1411 3856 simui
1437 3800 1554 3867 habere,
1584 3801 1612 3856 id
1627 3807 1671 3857 est
1693 3817 1816 3872 corpore
1829 3805 1858 3857 et

104 3893 197 3946 vocat.
1006 3887 1103 3943 anima
1116 3887 1295 3954 fructificare,
1310 3905 1422 3959 magnae
1433 3890 1638 3945 benedictionis
1657 3893 1713 3945 est.

140 3980 222 4034 Vens.
252 3979 296 4034 50.
326 4009 361 4017 -
392 3978 564 4048 supputatis.
591 3977 655 4048 (ln.)
684 3976 779 4032 idest
806 3977 953 4033 tractando
1043 3976 1424 4048 (laicanaengregensenim
1439 3979 1536 4033 anima
1554 3978 1674 4034 virtutes
1701 3994 1768 4033 satas
1791 3994 1858 4034 mox

105 4066 182 4138 apud
196 4083 226 4121 se
245 4082 302 4138 que
325 4066 437 4133 virtute,
468 4069 534 4130 etc,
564 4066 699 4136 usquead
719 4065 785 4121 ideo
815 4065 954 4120 Dominus
1007 4063 1238 4120 desideratalias.
1260 4066 1358 4122 Unde:
1375 4067 1522 4132 Quaeretro
1548 4073 1613 4123 sunt
1636 4067 1805 4131 obliviscens,
1820 4067 1858 4122 ad

105 4155 147 4208 eit
158 4154 201 4209 illi
217 4170 224 4207 :
240 4154 326 4210 Hodie
336 4155 412 4209 solus
427 4154 491 4208 buic
503 4153 596 4208 domui
606 4155 682 4221 sacto
696 4159 745 4209 est.
967 4198 990 4253 D
1006 4155 1103 4221 priora
1116 4168 1157 4207 me
1172 4154 1285 4209 ectmde
1300 4155 1413 4224 (Pttttp.
1434 4155 1486 4226 nr).

142 4243 223 4298 Vnus.
241 4241 460 4297 rsa-Reddet.
482 4241 546 4311 (ln.)
564 4241 727 4296 Secundum
751 4257 864 4312 eaquae
888 4256 954 4312 pec·
1046 4236 1201 4291 Vindemia.
1228 4236 1331 4308 (Oura.)
1358 4238 1444 4303 Quasi
1467 4239 1604 4306 dicamus,
1627 4245 1692 4306 ete,
1726 4239 1858 4310 usquead

106 4329 189 4396 cavit,
205 4332 318 4400 oportet
331 4329 456 4399 pretium
473 4327 604 4383 reddere.
618 4328 699 4393 Quod
723 4329 791 4399 gule
816 4329 952 4400 peccarit,
1007 4327 1040 4377 ut
1055 4323 1090 4378 de
1104 4324 1205 4394 spiritu
1220 4331 1362 4381 metamus
1377 4327 1464 4381 vitem
1476 4333 1642 4394 aeternam,

102 4416 247 4489 jejunium
261 4416 387 4486 corrigat
400 4436 408 4483 ;
421 4415 498 4487 qnod
507 4415 659 4487 garrulitas
669 4416 792 4485 admisit,
808 4417 955 4472 silentium
1043 4414 1141 4466 Panem
1155 4415 1283 4467 vestrum.
1300 4414 1411 4469 Scilicet
1426 4415 1476 4486 qni
1503 4414 1538 4469 de
1566 4416 1637 4471 coelo
1658 4414 1814 4475 descendit.
1830 4418 1859 4469 el

108 4505 212 4572 deleat,
227 4508 258 4560 et
269 4503 400 4559 similiter
425 4503 575 4559 contrariis
600 4507 737 4559 curantur
751 4504 902 4560 conbaria.
1008 4499 1056 4552 dat
1070 4498 1157 4553 vitam
1173 4501 1299 4571 mundo;
1316 4519 1375 4557 non
1388 4502 1439 4575 qui
1453 4504 1518 4575 plus
1533 4503 1659 4559 abundat
1671 4503 1755 4558 malis
1770 4517 1858 4575 quam

1007 4586 1101 4642 bonis.

133 4748 136 4753 ζ
437 4633 551 4689 CAPUT
569 4633 657 4690 XXVI'
1033 4679 1144 4749 Absque
1156 4691 1266 4746 pauore.
1284 4675 1312 4731 Si
1325 4693 1430 4749 corpus
1453 4677 1553 4733 stabile
1572 4677 1671 4746 fucrit,
1698 4682 1727 4734 et
1761 4679 1860 4734 anima

144 4771 224 4825 Vens.
241 4772 265 4824 t.
290 4797 324 4810 —
348 4768 409 4824 Non
433 4767 551 4834 saciata.
585 4764 869 4838 Cultumidolorum
895 4769 954 4822 tarn
1008 4767 1228 4832 fructificaverit,
1249 4765 1342 4819 securi
1368 4766 1475 4821 erimus
1499 4766 1530 4821 in
1555 4771 1632 4821 terra
1657 4771 1763 4831 nostra,
1792 4770 1886 4836 quin.

107 4857 265 4912 visibilium
279 4872 366 4929 quam
385 4853 574 4910 invisibilium
596 4853 736 4925 prohibet
1009 4873 1071 4913 caro
1095 4871 1149 4911 non
1175 4857 1341 4924 concupiscet
1370 4855 1500 4911 moerens
1525 4858 1655 4926 spiritum
1679 4855 1781 4927 (Galat.
1808 4857 1858 4923 iv).

143 4943 450 5016 Souiptilc.(lsacn.)1n
472 4942 601 4998 aediliciis
618 4941 769 5014 domorum
797 4947 826 4997 et
849 4959 958 5014 posses·
1045 4946 1125 4999 Vens.
1143 4945 1261 4997 a-at
1275 4942 1385 5011 eladius
1408 4960 1470 5006 non,
1496 4942 1699 5013 (isrealouasi
1723 4958 1778 5012 pax
1806 4941 1861 4997 erit

108 5029 237 5086 sionibus
254 5045 389 5106 agrorum
403 5031 530 5102 aliquam
544 5029 630 5086 vestri
641 5029 810 5084 memoriam
827 5032 956 5102 sculpere
1009 5031 1157 5086 infinibus
1171 5029 1269 5083 vestris
1286 5030 1392 5096 ;modo
1402 5046 1436 5085 ex
1452 5029 1689 5101 concupiscentiis
1702 5033 1770 5085 sunt
1784 5028 1860 5084 bella

109 5117 265 5189 cupientes.
1010 5124 1037 5175 et
1048 5120 1119 5174 lites.

144 5205 353 5274 Necinsiqncm.
382 5205 446 5278 (lo.)
468 5206 623 5262 cumulum
641 5205 748 5260 auriet
769 5204 880 5277 argenti
908 5210 958 5260 eut
1046 5208 1132 5262 Vsus.
1161 5211 1188 5260 7.
1205 5235 1240 5246 -
1262 5207 1403 5261 Inimicus.
1433 5203 1498 5274 (io.)
1531 5204 1620 5262 Occisi
1640 5204 1762 5276 jejunio,
1793 5220 1858 5258 ore·

107 5291 300 5366 pretiosorum
314 5293 443 5365 lapidum
453 5294 484 5349 in
494 5294 599 5366 quibus
612 5294 784 5350 seducuntur
798 5292 886 5360 avari,
899 5293 958 5350 sio·
1010 5295 1098 5362 tione,
1112 5300 1141 5350 et
1152 5292 1312 5361 similibus;
1328 5294 1403 5349 uode
1417 5311 1424 5349 :
1439 5298 1494 5350 Hoc
1514 5310 1596 5361 penus
1610 5309 1664 5349 saon
1685 5295 1858 5364 ejiciturnist

109 5385 142 5439 ut
154 5381 279 5439 Gentiles
293 5381 324 5436 in
338 5380 430 5436 idolis.
1009 5398 1070 5438 cum
1088 5384 1208 5437 oratione
1230 5386 1256 5437 et
1265 5382 1371 5451 ieiunio
1398 5383 1511 5448 (Metti.
1522 5384 1602 5451 χιιι).

144 5471 227 5527 veae.
242 5473 270 5526 t.
285 5500 320 5511 -
335 5469 489 5526 Custodite.
507 5471 607 5540 (isica.)
625 5471 668 5526 Ab
691 5470 772 5527 omni
791 5471 866 5526 malo
893 5472 955 5526 aba·
1044 5473 1183 5528 damuant-
1209 5470 1293 5527 bxlt:
1319 5472 1349 5524 ln
1374 5473 1515 5539 conspeetu
1540 5473 1628 5526 oestro
1647 5474 1733 5525 morte
1754 5473 1856 5536 oceno,
