<?xml version="1.0" encoding="UTF-8"?>
<!DOCTYPE html PUBLIC "-//W3C//DTD XHTML 1.0 Transitional//EN"
    "http://www.w3.org/TR/xhtml1/DTD/xhtml1-transitional.dtd">
<html xmlns="http://www.w3.org/1999/xhtml" xml:lang="en" lang="en">
 <head>
  <title>
</title>
<meta http-equiv="Content-Type" content="text/html;charset=utf-8" />
  <meta name='ocr-system' content='tesseract 3.04.00' />
  <meta name='ocr-capabilities' content='ocr_page ocr_carea ocr_par ocr_line ocrx_word'/>
</head>
<body>
  <div class='ocr_page' id='page_1' title='image "./patrologiaecurs04migngoog_0487.png"; bbox 0 0 3892 6106; ppageno 0'>
   <div class='ocr_carea' id='block_1_1' title="bbox 93 276 145 331">
    <p class='ocr_par' dir='ltr' id='par_1_1' title="bbox 93 276 145 331">
     <span class='ocr_line' id='line_1_1' title="bbox 93 276 145 331; baseline 0.019 -1"><span class='ocrx_word' id='word_1_1' title='bbox 93 276 145 331; x_wconf 78' lang='lat' dir='ltr'><strong><em>sos</em></strong></span> 
     </span>
    </p>
   </div>
   <div class='ocr_carea' id='block_1_2' title="bbox 302 220 1506 329">
    <p class='ocr_par' dir='ltr' id='par_1_2' title="bbox 302 220 1506 329">
     <span class='ocr_line' id='line_1_2' title="bbox 302 220 1506 329; baseline 0 -1"><span class='ocrx_word' id='word_1_2' title='bbox 302 220 305 227; x_wconf 28' lang='grc' dir='ltr'>Ι</span> <span class='ocrx_word' id='word_1_3' title='bbox 392 271 589 328; x_wconf 70' lang='lat' dir='ltr'><strong><em>walarum!</em></strong></span> <span class='ocrx_word' id='word_1_4' title='bbox 608 269 731 327; x_wconf 75' lang='lat' dir='ltr'><strong><em>stillat</em></strong></span> <span class='ocrx_word' id='word_1_5' title='bbox 752 269 850 326; x_wconf 74' lang='lat' dir='ltr'><strong><em>abab.</em></strong></span> <span class='ocrx_word' id='word_1_6' title='bbox 872 270 951 327; x_wconf 81' lang='lat' dir='ltr'><strong><em>lton.</em></strong></span> <span class='ocrx_word' id='word_1_7' title='bbox 971 268 1050 327; x_wconf 84' lang='lat' dir='ltr'><strong><em>OPP.</em></strong></span> <span class='ocrx_word' id='word_1_8' title='bbox 1072 271 1159 327; x_wconf 73' lang='lat' dir='ltr'><strong><em>PARS</em></strong></span> <span class='ocrx_word' id='word_1_9' title='bbox 1183 271 1204 327; x_wconf 89' lang='lat' dir='ltr'><strong><em>l.</em></strong></span> <span class='ocrx_word' id='word_1_10' title='bbox 1226 299 1261 312; x_wconf 84' lang='lat'><em>-</em></span> <span class='ocrx_word' id='word_1_11' title='bbox 1279 269 1506 329; x_wconf 69' lang='lat' dir='ltr'><strong><em>theotonica,</em></strong></span> 
     </span>
    </p>
   </div>
   <div class='ocr_carea' id='block_1_3' title="bbox 1796 275 1847 331">
    <p class='ocr_par' dir='ltr' id='par_1_3' title="bbox 1796 275 1847 331">
     <span class='ocr_line' id='line_1_3' title="bbox 1796 275 1847 331; baseline 0 0"><span class='ocrx_word' id='word_1_12' title='bbox 1796 275 1847 331; x_wconf 71' lang='lat' dir='ltr'><strong><em>lbi</em></strong></span> 
     </span>
    </p>
   </div>
   <div class='ocr_carea' id='block_1_4' title="bbox 93 389 1850 466">
    <p class='ocr_par' dir='ltr' id='par_1_4' title="bbox 93 389 1850 466">
     <span class='ocr_line' id='line_1_4' title="bbox 93 389 1850 466; baseline -0.001 -15"><span class='ocrx_word' id='word_1_13' title='bbox 93 397 194 463; x_wconf 89' lang='lat' dir='ltr'><strong><em>oritur,</em></strong></span> <span class='ocrx_word' id='word_1_14' title='bbox 218 398 283 463; x_wconf 82' lang='lat' dir='ltr'><strong><em>alc,</em></strong></span> <span class='ocrx_word' id='word_1_15' title='bbox 308 408 393 464; x_wconf 82' lang='lat' dir='ltr'><strong><em>usque</em></strong></span> <span class='ocrx_word' id='word_1_16' title='bbox 406 393 444 447; x_wconf 86' lang='lat' dir='ltr'><strong><em>ad</em></strong></span> <span class='ocrx_word' id='word_1_17' title='bbox 462 391 531 463; x_wconf 88' lang='lat' dir='ltr'><strong><em>quia</em></strong></span> <span class='ocrx_word' id='word_1_18' title='bbox 558 392 633 446; x_wconf 82' lang='lat' dir='ltr'><strong><em>heus</em></strong></span> <span class='ocrx_word' id='word_1_19' title='bbox 654 405 783 461; x_wconf 84' lang='lat' dir='ltr'><strong><em>praesens</em></strong></span> <span class='ocrx_word' id='word_1_20' title='bbox 798 395 827 446; x_wconf 89' lang='lat' dir='ltr'><strong><em>et</em></strong></span> <span class='ocrx_word' id='word_1_21' title='bbox 840 389 978 462; x_wconf 74' lang='lat' dir='ltr'><strong><em>cogni-A</em></strong></span> <span class='ocrx_word' id='word_1_22' title='bbox 996 405 1067 445; x_wconf 83' lang='lat' dir='ltr'><strong><em>rum.</em></strong></span> <span class='ocrx_word' id='word_1_23' title='bbox 1084 390 1138 456; x_wconf 81' lang='lat' dir='ltr'><strong><em>Qui</em></strong></span> <span class='ocrx_word' id='word_1_24' title='bbox 1154 390 1245 446; x_wconf 93' lang='lat' dir='ltr'><strong><em>solam</em></strong></span> <span class='ocrx_word' id='word_1_25' title='bbox 1259 407 1340 463; x_wconf 87' lang='lat' dir='ltr'><strong><em>spem</em></strong></span> <span class='ocrx_word' id='word_1_26' title='bbox 1355 407 1436 448; x_wconf 88' lang='lat' dir='ltr'><strong><em>suam</em></strong></span> <span class='ocrx_word' id='word_1_27' title='bbox 1464 398 1580 466; x_wconf 90' lang='lat' dir='ltr'><strong><em>ponunt</em></strong></span> <span class='ocrx_word' id='word_1_28' title='bbox 1608 393 1639 450; x_wconf 90' lang='lat' dir='ltr'><strong><em>in</em></strong></span> <span class='ocrx_word' id='word_1_29' title='bbox 1653 393 1768 450; x_wconf 89' lang='lat' dir='ltr'><strong><em>incerto</em></strong></span> <span class='ocrx_word' id='word_1_30' title='bbox 1779 395 1850 451; x_wconf 86' lang='lat' dir='ltr'><strong><em>divi·</em></strong></span> 
     </span>
    </p>
   </div>
   <div class='ocr_carea' id='block_1_5' title="bbox 91 488 201 539">
    <p class='ocr_par' dir='ltr' id='par_1_5' title="bbox 91 488 201 539">
     <span class='ocr_line' id='line_1_5' title="bbox 91 488 201 539; baseline -0.018 0"><span class='ocrx_word' id='word_1_31' title='bbox 91 488 201 539; x_wconf 89' lang='lat' dir='ltr'><strong><em>torest.</em></strong></span> 
     </span>
    </p>
   </div>
   <div class='ocr_carea' id='block_1_6' title="bbox 90 655 942 1441">
    <p class='ocr_par' dir='ltr' id='par_1_6' title="bbox 91 655 941 904">
     <span class='ocr_line' id='line_1_6' title="bbox 92 655 941 730; baseline -0.007 -15"><span class='ocrx_word' id='word_1_32' title='bbox 92 661 136 715; x_wconf 91' lang='lat' dir='ltr'><strong><em>nis</em></strong></span> <span class='ocrx_word' id='word_1_33' title='bbox 163 659 320 730; x_wconf 78' lang='lat' dir='ltr'><strong>Scriptura,</strong></span> <span class='ocrx_word' id='word_1_34' title='bbox 347 662 413 722; x_wconf 84' lang='lat' dir='ltr'><strong><em>etc,</em></strong></span> <span class='ocrx_word' id='word_1_35' title='bbox 440 671 525 726; x_wconf 79' lang='lat' dir='ltr'><strong><em>usque</em></strong></span> <span class='ocrx_word' id='word_1_36' title='bbox 551 655 589 710; x_wconf 87' lang='lat' dir='ltr'><strong><em>ad</em></strong></span> <span class='ocrx_word' id='word_1_37' title='bbox 616 657 694 727; x_wconf 90' lang='lat' dir='ltr'><strong><em>quod</em></strong></span> <span class='ocrx_word' id='word_1_38' title='bbox 718 660 795 725; x_wconf 90' lang='lat' dir='ltr'><strong><em>ante,</em></strong></span> <span class='ocrx_word' id='word_1_39' title='bbox 822 659 848 711; x_wconf 90' lang='lat' dir='ltr'><strong><em>et</em></strong></span> <span class='ocrx_word' id='word_1_40' title='bbox 871 657 941 710; x_wconf 85' lang='lat' dir='ltr'><strong><em>bunc</em></strong></span> 
     </span>
     <span class='ocr_line' id='line_1_7' title="bbox 91 743 939 818; baseline -0.007 -14"><span class='ocrx_word' id='word_1_41' title='bbox 91 750 204 804; x_wconf 84' lang='lat' dir='ltr'><strong><em>ecaltat.</em></strong></span> <span class='ocrx_word' id='word_1_42' title='bbox 230 746 314 818; x_wconf 78' lang='lat' dir='ltr'><strong><em>(Cas.)</em></strong></span> <span class='ocrx_word' id='word_1_43' title='bbox 332 746 427 812; x_wconf 81' lang='lat' dir='ltr'><strong><em>Calin,</em></strong></span> <span class='ocrx_word' id='word_1_44' title='bbox 444 743 621 814; x_wconf 79' lang='lat' dir='ltr'><strong><em>le13uinum</em></strong></span> <span class='ocrx_word' id='word_1_45' title='bbox 641 759 756 813; x_wconf 84' lang='lat' dir='ltr'><strong><em>merum,</em></strong></span> <span class='ocrx_word' id='word_1_46' title='bbox 771 744 939 814; x_wconf 77' lang='lat' dir='ltr'><strong>mysterium</strong></span> 
     </span>
     <span class='ocr_line' id='line_1_8' title="bbox 91 832 750 904; baseline -0.009 -12"><span class='ocrx_word' id='word_1_47' title='bbox 91 838 214 903; x_wconf 87' lang='lat' dir='ltr'><strong><em>coeleste,</em></strong></span> <span class='ocrx_word' id='word_1_48' title='bbox 227 840 298 903; x_wconf 82' lang='lat' dir='ltr'><strong><em>etc,</em></strong></span> <span class='ocrx_word' id='word_1_49' title='bbox 323 833 455 904; x_wconf 81' lang='lat' dir='ltr'><strong><em>usquead</em></strong></span> <span class='ocrx_word' id='word_1_50' title='bbox 469 848 524 887; x_wconf 89' lang='lat' dir='ltr'><strong><em>nou</em></strong></span> <span class='ocrx_word' id='word_1_51' title='bbox 540 833 633 887; x_wconf 87' lang='lat' dir='ltr'><strong><em>aulum</em></strong></span> <span class='ocrx_word' id='word_1_52' title='bbox 645 832 750 888; x_wconf 83' lang='lat' dir='ltr'><strong><em>ludaei.</em></strong></span> 
     </span>
    </p>

    <p class='ocr_par' dir='ltr' id='par_1_7' title="bbox 92 922 942 1260">
     <span class='ocr_line' id='line_1_9' title="bbox 127 922 939 991; baseline -0.004 -12"><span class='ocrx_word' id='word_1_53' title='bbox 127 926 211 980; x_wconf 81' lang='lat' dir='ltr'><strong><em>vans.</em></strong></span> <span class='ocrx_word' id='word_1_54' title='bbox 229 926 271 979; x_wconf 92' lang='lat' dir='ltr'><strong><em>l0.</em></strong></span> <span class='ocrx_word' id='word_1_55' title='bbox 295 926 402 991; x_wconf 80' lang='lat' dir='ltr'><strong><em>—Epo</em></strong></span> <span class='ocrx_word' id='word_1_56' title='bbox 426 924 517 976; x_wconf 90' lang='lat' dir='ltr'><strong><em>autem</em></strong></span> <span class='ocrx_word' id='word_1_57' title='bbox 544 922 713 978; x_wconf 86' lang='lat' dir='ltr'><strong><em>annuntiabo</em></strong></span> <span class='ocrx_word' id='word_1_58' title='bbox 736 924 765 976; x_wconf 89' lang='lat' dir='ltr'><strong><em>in</em></strong></span> <span class='ocrx_word' id='word_1_59' title='bbox 791 923 939 977; x_wconf 78' lang='lat' dir='ltr'><strong><em>saeculum:</em></strong></span> 
     </span>
     <span class='ocr_line' id='line_1_10' title="bbox 92 1010 941 1082; baseline -0.005 -13"><span class='ocrx_word' id='word_1_60' title='bbox 92 1014 206 1070; x_wconf 87' lang='lat' dir='ltr'><strong><em>cantabo</em></strong></span> <span class='ocrx_word' id='word_1_61' title='bbox 224 1015 277 1068; x_wconf 85' lang='lat' dir='ltr'><strong><em>Deo</em></strong></span> <span class='ocrx_word' id='word_1_62' title='bbox 297 1011 389 1068; x_wconf 80' lang='lat' dir='ltr'><em>Jacob.</em></span> <span class='ocrx_word' id='word_1_63' title='bbox 419 1010 505 1082; x_wconf 82' lang='lat' dir='ltr'><strong><em>(Cas.)</em></strong></span> <span class='ocrx_word' id='word_1_64' title='bbox 534 1011 639 1066; x_wconf 81' lang='lat' dir='ltr'>Omnes</span> <span class='ocrx_word' id='word_1_65' title='bbox 665 1010 773 1078; x_wconf 86' lang='lat' dir='ltr'><strong><em>hibent,</em></strong></span> <span class='ocrx_word' id='word_1_66' title='bbox 799 1010 849 1065; x_wconf 87' lang='lat' dir='ltr'><strong><em>sed</em></strong></span> <span class='ocrx_word' id='word_1_67' title='bbox 864 1026 941 1065; x_wconf 92' lang='lat' dir='ltr'><strong><em>seor·</em></strong></span> 
     </span>
     <span class='ocr_line' id='line_1_11' title="bbox 92 1098 942 1172; baseline -0.005 -16"><span class='ocrx_word' id='word_1_68' title='bbox 92 1118 172 1156; x_wconf 92' lang='lat' dir='ltr'><strong><em>sum:</em></strong></span> <span class='ocrx_word' id='word_1_69' title='bbox 189 1116 252 1172; x_wconf 87' lang='lat' dir='ltr'><strong><em>ego,</em></strong></span> <span class='ocrx_word' id='word_1_70' title='bbox 277 1099 305 1154; x_wconf 91' lang='lat' dir='ltr'><strong><em>id</em></strong></span> <span class='ocrx_word' id='word_1_71' title='bbox 321 1103 365 1153; x_wconf 90' lang='lat' dir='ltr'><strong><em>est</em></strong></span> <span class='ocrx_word' id='word_1_72' title='bbox 380 1099 517 1167; x_wconf 86' lang='lat' dir='ltr'><strong><em>Christus,</em></strong></span> <span class='ocrx_word' id='word_1_73' title='bbox 545 1114 611 1152; x_wconf 90' lang='lat' dir='ltr'><strong><em>cum</em></strong></span> <span class='ocrx_word' id='word_1_74' title='bbox 626 1114 756 1170; x_wconf 90' lang='lat' dir='ltr'><strong><em>corpore,</em></strong></span> <span class='ocrx_word' id='word_1_75' title='bbox 774 1098 942 1154; x_wconf 73' lang='lat' dir='ltr'><strong><em>annuntiabo</em></strong></span> 
     </span>
     <span class='ocr_line' id='line_1_12' title="bbox 92 1187 634 1260; baseline -0.007 -14"><span class='ocrx_word' id='word_1_76' title='bbox 92 1193 122 1246; x_wconf 91' lang='lat' dir='ltr'><strong><em>in</em></strong></span> <span class='ocrx_word' id='word_1_77' title='bbox 135 1191 261 1246; x_wconf 79' lang='lat' dir='ltr'><strong><em>seculum</em></strong></span> <span class='ocrx_word' id='word_1_78' title='bbox 275 1188 403 1260; x_wconf 91' lang='lat' dir='ltr'><strong><em>quandiu</em></strong></span> <span class='ocrx_word' id='word_1_79' title='bbox 419 1187 556 1242; x_wconf 76' lang='lat' dir='ltr'><strong><em>saecrrlum</em></strong></span> <span class='ocrx_word' id='word_1_80' title='bbox 572 1187 634 1242; x_wconf 90' lang='lat' dir='ltr'><strong><em>erit.</em></strong></span> 
     </span>
    </p>

    <p class='ocr_par' dir='ltr' id='par_1_8' title="bbox 90 1275 940 1441">
     <span class='ocr_line' id='line_1_13' title="bbox 128 1275 940 1346; baseline -0.001 -14"><span class='ocrx_word' id='word_1_81' title='bbox 128 1280 209 1333; x_wconf 83' lang='lat' dir='ltr'><strong><em>vans.</em></strong></span> <span class='ocrx_word' id='word_1_82' title='bbox 225 1281 250 1334; x_wconf 95' lang='grc'><strong><em>1.</em></strong></span> <span class='ocrx_word' id='word_1_83' title='bbox 265 1306 300 1318; x_wconf 87' lang='lat'><em>-</em></span> <span class='ocrx_word' id='word_1_84' title='bbox 317 1278 428 1332; x_wconf 80' lang='lat' dir='ltr'><strong><em>Cornua</em></strong></span> <span class='ocrx_word' id='word_1_85' title='bbox 448 1277 530 1345; x_wconf 83' lang='lat' dir='ltr'><strong><em>justi,</em></strong></span> <span class='ocrx_word' id='word_1_86' title='bbox 560 1276 589 1332; x_wconf 90' lang='lat' dir='ltr'><strong><em>id</em></strong></span> <span class='ocrx_word' id='word_1_87' title='bbox 614 1281 665 1344; x_wconf 90' lang='lat' dir='ltr'><strong><em>est,</em></strong></span> <span class='ocrx_word' id='word_1_88' title='bbox 690 1292 811 1332; x_wconf 88' lang='lat' dir='ltr'><strong><em>munera</em></strong></span> <span class='ocrx_word' id='word_1_89' title='bbox 825 1275 940 1346; x_wconf 80' lang='lat' dir='ltr'>Christi,</span> 
     </span>
     <span class='ocr_line' id='line_1_14' title="bbox 90 1364 505 1441; baseline -0.005 -18"><span class='ocrx_word' id='word_1_90' title='bbox 90 1384 155 1441; x_wconf 83' lang='lat' dir='ltr'><strong><em>quae</em></strong></span> <span class='ocrx_word' id='word_1_91' title='bbox 169 1372 236 1423; x_wconf 90' lang='lat' dir='ltr'><strong><em>sunt</em></strong></span> <span class='ocrx_word' id='word_1_92' title='bbox 252 1364 413 1422; x_wconf 88' lang='lat' dir='ltr'><strong><em>sublimitas</em></strong></span> <span class='ocrx_word' id='word_1_93' title='bbox 424 1365 505 1437; x_wconf 82' lang='lat' dir='ltr'><strong><em>justi.</em></strong></span> 
     </span>
    </p>
   </div>
   <div class='ocr_carea' id='block_1_7' title="bbox 390 1507 678 1564">
    <p class='ocr_par' dir='ltr' id='par_1_9' title="bbox 390 1507 678 1564">
     <span class='ocr_line' id='line_1_15' title="bbox 390 1507 678 1564; baseline -0.007 0"><span class='ocrx_word' id='word_1_94' title='bbox 390 1508 547 1564; x_wconf 75' lang='lat' dir='ltr'><strong><em>psallatis</em></strong></span> <span class='ocrx_word' id='word_1_95' title='bbox 583 1507 678 1563; x_wconf 88' lang='lat' dir='ltr'><strong><em>LllllV.</em></strong></span> 
     </span>
    </p>
   </div>
   <div class='ocr_carea' id='block_1_8' title="bbox 89 1629 941 2677">
    <p class='ocr_par' dir='ltr' id='par_1_10' title="bbox 89 1629 939 2324">
     <span class='ocr_line' id='line_1_16' title="bbox 126 1629 938 1704; baseline -0.009 -13"><span class='ocrx_word' id='word_1_96' title='bbox 126 1637 222 1692; x_wconf 83' lang='lat' dir='ltr'><strong><em>Vana..</em></strong></span> <span class='ocrx_word' id='word_1_97' title='bbox 243 1638 268 1690; x_wconf 96' lang='grc'><strong><em>1.</em></strong></span> <span class='ocrx_word' id='word_1_98' title='bbox 285 1664 320 1675; x_wconf 86' lang='grc'>-</span> <span class='ocrx_word' id='word_1_99' title='bbox 333 1634 483 1691; x_wconf 78' lang='lat' dir='ltr'><strong><em>Canticum.</em></strong></span> <span class='ocrx_word' id='word_1_100' title='bbox 498 1632 569 1697; x_wconf 79' lang='lat' dir='ltr'><strong><em>Quia</em></strong></span> <span class='ocrx_word' id='word_1_101' title='bbox 585 1632 644 1704; x_wconf 91' lang='lat' dir='ltr'><strong><em>agit</em></strong></span> <span class='ocrx_word' id='word_1_102' title='bbox 667 1631 702 1687; x_wconf 87' lang='lat' dir='ltr'><strong><em>de</em></strong></span> <span class='ocrx_word' id='word_1_103' title='bbox 725 1629 808 1685; x_wconf 89' lang='lat' dir='ltr'><strong><em>bunis</em></strong></span> <span class='ocrx_word' id='word_1_104' title='bbox 823 1630 938 1701; x_wconf 86' lang='lat' dir='ltr'><strong><em>Christi,</em></strong></span> 
     </span>
     <span class='ocr_line' id='line_1_17' title="bbox 89 1720 936 1796; baseline -0.005 -17"><span class='ocrx_word' id='word_1_105' title='bbox 89 1725 196 1780; x_wconf 90' lang='lat' dir='ltr'><strong><em>scilicet</em></strong></span> <span class='ocrx_word' id='word_1_106' title='bbox 212 1723 290 1796; x_wconf 89' lang='lat' dir='ltr'><strong><em>quod</em></strong></span> <span class='ocrx_word' id='word_1_107' title='bbox 314 1727 410 1788; x_wconf 89' lang='lat' dir='ltr'><strong><em>nolus,</em></strong></span> <span class='ocrx_word' id='word_1_108' title='bbox 440 1721 518 1793; x_wconf 87' lang='lat' dir='ltr'><strong><em>quod</em></strong></span> <span class='ocrx_word' id='word_1_109' title='bbox 535 1721 653 1788; x_wconf 85' lang='lat' dir='ltr'><strong><em>habitat,</em></strong></span> <span class='ocrx_word' id='word_1_110' title='bbox 680 1720 756 1792; x_wconf 89' lang='lat' dir='ltr'><strong><em>quod</em></strong></span> <span class='ocrx_word' id='word_1_111' title='bbox 787 1721 936 1788; x_wconf 89' lang='lat' dir='ltr'><strong><em>illuminat,</em></strong></span> 
     </span>
     <span class='ocr_line' id='line_1_18' title="bbox 91 1806 935 1885; baseline -0.002 -17"><span class='ocrx_word' id='word_1_112' title='bbox 91 1812 167 1885; x_wconf 90' lang='lat' dir='ltr'><strong><em>quod</em></strong></span> <span class='ocrx_word' id='word_1_113' title='bbox 182 1813 281 1867; x_wconf 85' lang='lat' dir='ltr'><strong><em>salvat.</em></strong></span> <span class='ocrx_word' id='word_1_114' title='bbox 294 1809 411 1880; x_wconf 78' lang='lat' dir='ltr'><strong><em>Frangit</em></strong></span> <span class='ocrx_word' id='word_1_115' title='bbox 420 1809 541 1880; x_wconf 79' lang='lat' dir='ltr'><strong><em>gloriam</em></strong></span> <span class='ocrx_word' id='word_1_116' title='bbox 551 1808 727 1864; x_wconf 86' lang='lat' dir='ltr'><strong><em>ludaeorum.</em></strong></span> <span class='ocrx_word' id='word_1_117' title='bbox 743 1806 935 1876; x_wconf 65' lang='lat' dir='ltr'><strong><em>Aditasprios.</em></strong></span> 
     </span>
     <span class='ocr_line' id='line_1_19' title="bbox 90 1895 938 1973; baseline -0.008 -17"><span class='ocrx_word' id='word_1_118' title='bbox 90 1899 176 1973; x_wconf 81' lang='lat' dir='ltr'><strong><em>(Cas.)</em></strong></span> <span class='ocrx_word' id='word_1_119' title='bbox 202 1900 307 1955; x_wconf 87' lang='lat' dir='ltr'><strong><em>Contra</em></strong></span> <span class='ocrx_word' id='word_1_120' title='bbox 331 1898 454 1964; x_wconf 81' lang='lat' dir='ltr'><strong><em>ludaeos,</em></strong></span> <span class='ocrx_word' id='word_1_121' title='bbox 480 1896 531 1968; x_wconf 90' lang='lat' dir='ltr'><strong><em>qui</em></strong></span> <span class='ocrx_word' id='word_1_122' title='bbox 551 1912 610 1950; x_wconf 92' lang='lat' dir='ltr'><strong><em>non</em></strong></span> <span class='ocrx_word' id='word_1_123' title='bbox 635 1895 799 1966; x_wconf 75' lang='lat' dir='ltr'><strong><em>dirigentes,</em></strong></span> <span class='ocrx_word' id='word_1_124' title='bbox 824 1895 874 1950; x_wconf 90' lang='lat' dir='ltr'><strong><em>sed</em></strong></span> <span class='ocrx_word' id='word_1_125' title='bbox 893 1912 938 1950; x_wconf 90' lang='lat' dir='ltr'><strong><em>er·</em></strong></span> 
     </span>
     <span class='ocr_line' id='line_1_20' title="bbox 90 1984 937 2057; baseline -0.006 -13"><span class='ocrx_word' id='word_1_126' title='bbox 90 1993 197 2044; x_wconf 89' lang='lat' dir='ltr'><strong><em>rantes.</em></strong></span> <span class='ocrx_word' id='word_1_127' title='bbox 230 1988 278 2041; x_wconf 89' lang='lat' dir='ltr'><strong><em>Vel</em></strong></span> <span class='ocrx_word' id='word_1_128' title='bbox 305 1986 419 2057; x_wconf 89' lang='lat' dir='ltr'><strong><em>erigunt</em></strong></span> <span class='ocrx_word' id='word_1_129' title='bbox 453 2001 493 2051; x_wconf 89' lang='lat' dir='ltr'><strong><em>se,</em></strong></span> <span class='ocrx_word' id='word_1_130' title='bbox 534 1984 603 2056; x_wconf 89' lang='lat' dir='ltr'><strong><em>quia</em></strong></span> <span class='ocrx_word' id='word_1_131' title='bbox 643 1985 704 2039; x_wconf 89' lang='lat' dir='ltr'><strong><em>sine</em></strong></span> <span class='ocrx_word' id='word_1_132' title='bbox 740 1984 831 2054; x_wconf 88' lang='lat' dir='ltr'><strong><em>gratia</em></strong></span> <span class='ocrx_word' id='word_1_133' title='bbox 859 2000 937 2056; x_wconf 82' lang='lat' dir='ltr'><strong><em>quae·</em></strong></span> 
     </span>
     <span class='ocr_line' id='line_1_21' title="bbox 91 2073 938 2145; baseline -0.005 -13"><span class='ocrx_word' id='word_1_134' title='bbox 91 2082 160 2132; x_wconf 90' lang='lat' dir='ltr'><strong><em>runt</em></strong></span> <span class='ocrx_word' id='word_1_135' title='bbox 174 2076 293 2131; x_wconf 88' lang='lat' dir='ltr'><strong><em>salutem</em></strong></span> <span class='ocrx_word' id='word_1_136' title='bbox 324 2079 352 2129; x_wconf 92' lang='lat' dir='ltr'><strong><em>et</em></strong></span> <span class='ocrx_word' id='word_1_137' title='bbox 390 2079 602 2145; x_wconf 86' lang='lat' dir='ltr'><strong><em>persequuntur</em></strong></span> <span class='ocrx_word' id='word_1_138' title='bbox 626 2073 790 2143; x_wconf 77' lang='lat' dir='ltr'><strong>Ecclesiam,</strong></span> <span class='ocrx_word' id='word_1_139' title='bbox 814 2077 846 2128; x_wconf 92' lang='lat' dir='ltr'><strong><em>ut</em></strong></span> <span class='ocrx_word' id='word_1_140' title='bbox 869 2073 938 2128; x_wconf 89' lang='lat' dir='ltr'><strong><em>olim</em></strong></span> 
     </span>
     <span class='ocr_line' id='line_1_22' title="bbox 91 2161 939 2236; baseline -0.006 -16"><span class='ocrx_word' id='word_1_141' title='bbox 91 2165 198 2236; x_wconf 80' lang='lat' dir='ltr'><strong>Assyrii</strong></span> <span class='ocrx_word' id='word_1_142' title='bbox 225 2164 347 2220; x_wconf 84' lang='lat' dir='ltr'><strong><em>ludaeos.</em></strong></span> <span class='ocrx_word' id='word_1_143' title='bbox 371 2161 425 2229; x_wconf 86' lang='lat' dir='ltr'><strong><em>Qui</em></strong></span> <span class='ocrx_word' id='word_1_144' title='bbox 452 2161 637 2217; x_wconf 79' lang='lat' dir='ltr'><strong><em>confutantur</em></strong></span> <span class='ocrx_word' id='word_1_145' title='bbox 660 2162 707 2217; x_wconf 94' lang='lat' dir='ltr'><strong><em>hic</em></strong></span> <span class='ocrx_word' id='word_1_146' title='bbox 730 2161 939 2217; x_wconf 89' lang='lat' dir='ltr'><strong><em>ablatisnomi·</em></strong></span> 
     </span>
     <span class='ocr_line' id='line_1_23' title="bbox 91 2249 902 2324; baseline -0.005 -15"><span class='ocrx_word' id='word_1_147' title='bbox 91 2254 177 2310; x_wconf 86' lang='lat' dir='ltr'><strong><em>nibus</em></strong></span> <span class='ocrx_word' id='word_1_148' title='bbox 192 2252 301 2324; x_wconf 78' lang='lat' dir='ltr'><strong><em>gloriae,</em></strong></span> <span class='ocrx_word' id='word_1_149' title='bbox 318 2255 347 2306; x_wconf 92' lang='lat' dir='ltr'><strong><em>et</em></strong></span> <span class='ocrx_word' id='word_1_150' title='bbox 361 2251 432 2305; x_wconf 92' lang='lat' dir='ltr'><strong><em>nihil</em></strong></span> <span class='ocrx_word' id='word_1_151' title='bbox 449 2266 532 2322; x_wconf 90' lang='lat' dir='ltr'><strong><em>posse</em></strong></span> <span class='ocrx_word' id='word_1_152' title='bbox 548 2249 610 2304; x_wconf 86' lang='lat' dir='ltr'><strong><em>sine</em></strong></span> <span class='ocrx_word' id='word_1_153' title='bbox 631 2249 902 2320; x_wconf 86' lang='lat' dir='ltr'><strong><em>gratiaprobantur.</em></strong></span> 
     </span>
    </p>

    <p class='ocr_par' dir='ltr' id='par_1_11' title="bbox 91 2337 941 2677">
     <span class='ocr_line' id='line_1_24' title="bbox 127 2337 938 2411; baseline -0.004 -14"><span class='ocrx_word' id='word_1_154' title='bbox 127 2344 208 2398; x_wconf 85' lang='lat' dir='ltr'><strong><em>liras.</em></strong></span> <span class='ocrx_word' id='word_1_155' title='bbox 224 2346 251 2399; x_wconf 76' lang='lat'><strong><em>2.</em></strong></span> <span class='ocrx_word' id='word_1_156' title='bbox 264 2373 299 2382; x_wconf 94' lang='lat'>-</span> <span class='ocrx_word' id='word_1_157' title='bbox 327 2343 412 2399; x_wconf 86' lang='lat' dir='ltr'><strong><em>Notus</em></strong></span> <span class='ocrx_word' id='word_1_158' title='bbox 426 2343 456 2395; x_wconf 88' lang='lat' dir='ltr'><strong><em>in</em></strong></span> <span class='ocrx_word' id='word_1_159' title='bbox 482 2339 586 2394; x_wconf 79' lang='lat' dir='ltr'><strong><em>Judaea.</em></strong></span> <span class='ocrx_word' id='word_1_160' title='bbox 615 2337 708 2411; x_wconf 82' lang='lat' dir='ltr'><strong><em>(hun.)</em></strong></span> <span class='ocrx_word' id='word_1_161' title='bbox 735 2339 879 2395; x_wconf 86' lang='lat' dir='ltr'><strong><em>Gloriatur</em></strong></span> <span class='ocrx_word' id='word_1_162' title='bbox 890 2341 938 2395; x_wconf 88' lang='lat' dir='ltr'><strong><em>lu-</em></strong></span> 
     </span>
     <span class='ocr_line' id='line_1_25' title="bbox 91 2427 938 2502; baseline -0.006 -14"><span class='ocrx_word' id='word_1_163' title='bbox 91 2434 180 2500; x_wconf 73' lang='lat' dir='ltr'><strong><em>dnus,</em></strong></span> <span class='ocrx_word' id='word_1_164' title='bbox 197 2431 276 2502; x_wconf 88' lang='lat' dir='ltr'><strong><em>quod</em></strong></span> <span class='ocrx_word' id='word_1_165' title='bbox 288 2430 387 2486; x_wconf 75' lang='lat' dir='ltr'><strong><em>ludeo</em></strong></span> <span class='ocrx_word' id='word_1_166' title='bbox 402 2432 541 2483; x_wconf 86' lang='lat' dir='ltr'><strong><em>natusest</em></strong></span> <span class='ocrx_word' id='word_1_167' title='bbox 557 2428 641 2494; x_wconf 83' lang='lat' dir='ltr'><strong><em>Deus,</em></strong></span> <span class='ocrx_word' id='word_1_168' title='bbox 657 2431 686 2482; x_wconf 92' lang='lat' dir='ltr'><strong><em>et</em></strong></span> <span class='ocrx_word' id='word_1_169' title='bbox 698 2443 798 2481; x_wconf 88' lang='lat' dir='ltr'><strong><em>verum</em></strong></span> <span class='ocrx_word' id='word_1_170' title='bbox 813 2432 856 2482; x_wconf 90' lang='lat' dir='ltr'><strong><em>est</em></strong></span> <span class='ocrx_word' id='word_1_171' title='bbox 872 2427 938 2483; x_wconf 85' lang='lat' dir='ltr'><strong><em>:sed</em></strong></span> 
     </span>
     <span class='ocr_line' id='line_1_26' title="bbox 91 2515 941 2588; baseline -0.006 -12"><span class='ocrx_word' id='word_1_172' title='bbox 91 2520 190 2576; x_wconf 81' lang='lat' dir='ltr'><strong><em>Judao</em></strong></span> <span class='ocrx_word' id='word_1_173' title='bbox 206 2520 294 2586; x_wconf 90' lang='lat' dir='ltr'><strong><em>intus,</em></strong></span> <span class='ocrx_word' id='word_1_174' title='bbox 320 2533 380 2572; x_wconf 90' lang='lat' dir='ltr'><strong><em>non</em></strong></span> <span class='ocrx_word' id='word_1_175' title='bbox 402 2517 433 2572; x_wconf 95' lang='lat' dir='ltr'><strong><em>in</em></strong></span> <span class='ocrx_word' id='word_1_176' title='bbox 449 2532 544 2571; x_wconf 91' lang='lat' dir='ltr'><strong><em>carne.</em></strong></span> <span class='ocrx_word' id='word_1_177' title='bbox 565 2515 659 2588; x_wconf 80' lang='lat' dir='ltr'><strong><em>(huc.)</em></strong></span> <span class='ocrx_word' id='word_1_178' title='bbox 681 2516 842 2588; x_wconf 72' lang='lat' dir='ltr'><strong><em>Propheta:</em></strong></span> <span class='ocrx_word' id='word_1_179' title='bbox 857 2517 880 2571; x_wconf 90' lang='lat' dir='ltr'><strong><em>si</em></strong></span> <span class='ocrx_word' id='word_1_180' title='bbox 894 2518 941 2571; x_wconf 88' lang='lat' dir='ltr'><strong><em>lu·</em></strong></span> 
     </span>
     <span class='ocr_line' id='line_1_27' title="bbox 91 2605 937 2677; baseline -0.006 -12"><span class='ocrx_word' id='word_1_181' title='bbox 91 2609 156 2677; x_wconf 77' lang='lat' dir='ltr'><strong><em>daei,</em></strong></span> <span class='ocrx_word' id='word_1_182' title='bbox 174 2613 242 2664; x_wconf 90' lang='lat' dir='ltr'><strong><em>tunc</em></strong></span> <span class='ocrx_word' id='word_1_183' title='bbox 257 2606 377 2662; x_wconf 87' lang='lat' dir='ltr'><strong><em>iuvabis</em></strong></span> <span class='ocrx_word' id='word_1_184' title='bbox 390 2611 475 2660; x_wconf 90' lang='lat' dir='ltr'><strong><em>nctus</em></strong></span> <span class='ocrx_word' id='word_1_185' title='bbox 492 2609 534 2660; x_wconf 88' lang='lat' dir='ltr'><strong><em>est</em></strong></span> <span class='ocrx_word' id='word_1_186' title='bbox 553 2606 644 2659; x_wconf 84' lang='lat' dir='ltr'><strong><em>Deus:</em></strong></span> <span class='ocrx_word' id='word_1_187' title='bbox 661 2606 738 2676; x_wconf 92' lang='lat' dir='ltr'><strong><em>quod</em></strong></span> <span class='ocrx_word' id='word_1_188' title='bbox 762 2605 785 2659; x_wconf 90' lang='lat' dir='ltr'><strong><em>si</em></strong></span> <span class='ocrx_word' id='word_1_189' title='bbox 811 2621 870 2659; x_wconf 91' lang='lat' dir='ltr'><strong><em>non</em></strong></span> <span class='ocrx_word' id='word_1_190' title='bbox 885 2610 937 2674; x_wconf 89' lang='lat' dir='ltr'><strong><em>est,</em></strong></span> 
     </span>
    </p>
   </div>
   <div class='ocr_carea' id='block_1_9' title="bbox 129 521 943 638">
    <p class='ocr_par' dir='ltr' id='par_1_12' title="bbox 129 521 943 638">
     <span class='ocr_line' id='line_1_28' title="bbox 129 521 943 638; baseline -0.006 -13"><span class='ocrx_word' id='word_1_191' title='bbox 129 573 212 626; x_wconf 81' lang='lat' dir='ltr'><strong><em>Vnus.</em></strong></span> <span class='ocrx_word' id='word_1_192' title='bbox 233 573 259 626; x_wconf 84' lang='lat' dir='ltr'><strong><em>o.</em></strong></span> <span class='ocrx_word' id='word_1_193' title='bbox 284 599 319 611; x_wconf 93' lang='lat'>—</span> <span class='ocrx_word' id='word_1_194' title='bbox 341 570 413 635; x_wconf 85' lang='lat' dir='ltr'><strong><em>Quia</em></strong></span> <span class='ocrx_word' id='word_1_195' title='bbox 436 521 523 622; x_wconf 49' lang='lat' dir='ltr'><strong><em>calin:</em></strong></span> <span class='ocrx_word' id='word_1_196' title='bbox 545 565 639 638; x_wconf 79' lang='lat' dir='ltr'><strong><em>(Aac.)</em></strong></span> <span class='ocrx_word' id='word_1_197' title='bbox 660 566 748 630; x_wconf 78' lang='lat' dir='ltr'><strong><em>Calin,</em></strong></span> <span class='ocrx_word' id='word_1_198' title='bbox 772 566 818 621; x_wconf 84' lang='lat' dir='ltr'><strong><em>lex</em></strong></span> <span class='ocrx_word' id='word_1_199' title='bbox 841 571 943 621; x_wconf 85' lang='lat' dir='ltr'><strong><em>atom-</em></strong></span> 
     </span>
    </p>
   </div>
   <div class='ocr_carea' id='block_1_10' title="bbox 992 479 1854 2680">
    <p class='ocr_par' dir='ltr' id='par_1_13' title="bbox 995 479 1851 819">
     <span class='ocr_line' id='line_1_29' title="bbox 997 479 1850 550; baseline 0.007 -17"><span class='ocrx_word' id='word_1_200' title='bbox 997 479 1112 535; x_wconf 90' lang='lat' dir='ltr'><strong><em>tiaram.</em></strong></span> <span class='ocrx_word' id='word_1_201' title='bbox 1128 480 1206 536; x_wconf 88' lang='lat' dir='ltr'><strong><em>Unde</em></strong></span> <span class='ocrx_word' id='word_1_202' title='bbox 1221 497 1279 536; x_wconf 90' lang='lat' dir='ltr'><strong><em>uon</em></strong></span> <span class='ocrx_word' id='word_1_203' title='bbox 1294 481 1343 550; x_wconf 89' lang='lat' dir='ltr'><strong><em>ait,</em></strong></span> <span class='ocrx_word' id='word_1_204' title='bbox 1355 482 1493 538; x_wconf 90' lang='lat' dir='ltr'><strong><em>habentes</em></strong></span> <span class='ocrx_word' id='word_1_205' title='bbox 1522 483 1637 538; x_wconf 88' lang='lat' dir='ltr'><strong><em>divitias</em></strong></span> <span class='ocrx_word' id='word_1_206' title='bbox 1652 499 1660 539; x_wconf 90' lang='lat'><strong><em>:</em></strong></span> <span class='ocrx_word' id='word_1_207' title='bbox 1677 483 1761 539; x_wconf 80' lang='lat' dir='ltr'><strong><em>ldulti</em></strong></span> <span class='ocrx_word' id='word_1_208' title='bbox 1773 484 1850 540; x_wconf 88' lang='lat' dir='ltr'><strong><em>enim</em></strong></span> 
     </span>
     <span class='ocr_line' id='line_1_30' title="bbox 996 568 1851 644; baseline 0.005 -21"><span class='ocrx_word' id='word_1_209' title='bbox 996 568 1103 624; x_wconf 89' lang='lat' dir='ltr'><strong><em>hahent</em></strong></span> <span class='ocrx_word' id='word_1_210' title='bbox 1128 569 1179 641; x_wconf 91' lang='lat' dir='ltr'><strong><em>qui</em></strong></span> <span class='ocrx_word' id='word_1_211' title='bbox 1216 585 1275 624; x_wconf 92' lang='lat' dir='ltr'><strong><em>nou</em></strong></span> <span class='ocrx_word' id='word_1_212' title='bbox 1305 576 1412 626; x_wconf 88' lang='lat' dir='ltr'><strong><em>amant.</em></strong></span> <span class='ocrx_word' id='word_1_213' title='bbox 1443 574 1477 628; x_wconf 89' lang='lat' dir='ltr'><strong><em>ln</em></strong></span> <span class='ocrx_word' id='word_1_214' title='bbox 1514 573 1651 637; x_wconf 82' lang='lat' dir='ltr'><strong><em>manibur,</em></strong></span> <span class='ocrx_word' id='word_1_215' title='bbox 1684 579 1741 628; x_wconf 89' lang='lat' dir='ltr'><strong><em>etc.</em></strong></span> <span class='ocrx_word' id='word_1_216' title='bbox 1768 574 1851 644; x_wconf 83' lang='lat' dir='ltr'><strong><em>(Cas.)</em></strong></span> 
     </span>
     <span class='ocr_line' id='line_1_31' title="bbox 995 656 1850 732; baseline 0.007 -21"><span class='ocrx_word' id='word_1_217' title='bbox 995 656 1081 723; x_wconf 82' lang='lat' dir='ltr'><strong>Quasi</strong></span> <span class='ocrx_word' id='word_1_218' title='bbox 1101 658 1194 713; x_wconf 91' lang='lat' dir='ltr'><strong><em>adhuc</em></strong></span> <span class='ocrx_word' id='word_1_219' title='bbox 1208 657 1237 712; x_wconf 90' lang='lat' dir='ltr'><strong><em>in</em></strong></span> <span class='ocrx_word' id='word_1_220' title='bbox 1251 659 1384 714; x_wconf 89' lang='lat' dir='ltr'><strong><em>manibus</em></strong></span> <span class='ocrx_word' id='word_1_221' title='bbox 1404 665 1547 732; x_wconf 78' lang='lat' dir='ltr'><strong><em>quaerant,</em></strong></span> <span class='ocrx_word' id='word_1_222' title='bbox 1559 676 1626 717; x_wconf 91' lang='lat' dir='ltr'><strong><em>cum</em></strong></span> <span class='ocrx_word' id='word_1_223' title='bbox 1642 677 1675 717; x_wconf 87' lang='lat' dir='ltr'><strong><em>se</em></strong></span> <span class='ocrx_word' id='word_1_224' title='bbox 1701 662 1764 732; x_wconf 87' lang='lat' dir='ltr'><strong><em>jam</em></strong></span> <span class='ocrx_word' id='word_1_225' title='bbox 1780 662 1850 718; x_wconf 88' lang='lat' dir='ltr'><strong><em>nihil</em></strong></span> 
     </span>
     <span class='ocr_line' id='line_1_32' title="bbox 996 746 1320 819; baseline 0 -19"><span class='ocrx_word' id='word_1_226' title='bbox 996 746 1122 802; x_wconf 84' lang='lat' dir='ltr'><strong><em>tenuisse</em></strong></span> <span class='ocrx_word' id='word_1_227' title='bbox 1136 751 1320 819; x_wconf 76' lang='lat' dir='ltr'><strong><em>cognoscant.</em></strong></span> 
     </span>
    </p>

    <p class='ocr_par' dir='ltr' id='par_1_14' title="bbox 994 837 1854 1617">
     <span class='ocr_line' id='line_1_33' title="bbox 1032 837 1853 912; baseline 0.006 -23"><span class='ocrx_word' id='word_1_228' title='bbox 1032 837 1112 890; x_wconf 84' lang='lat' dir='ltr'><strong><em>Vaas.</em></strong></span> <span class='ocrx_word' id='word_1_229' title='bbox 1133 841 1159 891; x_wconf 82' lang='lat'><strong><em>7.</em></strong></span> <span class='ocrx_word' id='word_1_230' title='bbox 1178 866 1213 877; x_wconf 90' lang='lat'>—</span> <span class='ocrx_word' id='word_1_231' title='bbox 1228 837 1271 891; x_wconf 80' lang='lat' dir='ltr'><strong><em>Ab</em></strong></span> <span class='ocrx_word' id='word_1_232' title='bbox 1291 839 1487 908; x_wconf 81' lang='lat' dir='ltr'><strong><em>increpatione,</em></strong></span> <span class='ocrx_word' id='word_1_233' title='bbox 1512 841 1569 894; x_wconf 90' lang='lat' dir='ltr'><strong><em>etc.</em></strong></span> <span class='ocrx_word' id='word_1_234' title='bbox 1601 838 1853 912; x_wconf 66' lang='lat' dir='ltr'><strong><em>(auansnspuas</em></strong></span> 
     </span>
     <span class='ocr_line' id='line_1_34' title="bbox 996 922 1854 998; baseline 0.007 -22"><span class='ocrx_word' id='word_1_235' title='bbox 996 922 1200 994; x_wconf 75' lang='lat' dir='ltr'><strong><em>increpationis</em></strong></span> <span class='ocrx_word' id='word_1_236' title='bbox 1214 924 1286 979; x_wconf 92' lang='lat' dir='ltr'><strong><em>solet</em></strong></span> <span class='ocrx_word' id='word_1_237' title='bbox 1313 924 1445 992; x_wconf 81' lang='lat' dir='ltr'><strong><em>excitano,</em></strong></span> <span class='ocrx_word' id='word_1_238' title='bbox 1472 925 1522 981; x_wconf 88' lang='lat' dir='ltr'><strong><em>sed</em></strong></span> <span class='ocrx_word' id='word_1_239' title='bbox 1536 929 1653 982; x_wconf 90' lang='lat' dir='ltr'><strong><em>tantum</em></strong></span> <span class='ocrx_word' id='word_1_240' title='bbox 1678 926 1797 998; x_wconf 86' lang='lat' dir='ltr'><strong><em>pondus</em></strong></span> <span class='ocrx_word' id='word_1_241' title='bbox 1810 932 1854 983; x_wconf 81' lang='lat' dir='ltr'><strong><em>eat</em></strong></span> 
     </span>
     <span class='ocr_line' id='line_1_35' title="bbox 995 1010 1852 1084; baseline 0.008 -19"><span class='ocrx_word' id='word_1_242' title='bbox 995 1010 1169 1083; x_wconf 89' lang='lat' dir='ltr'><strong><em>increpantis</em></strong></span> <span class='ocrx_word' id='word_1_243' title='bbox 1183 1012 1242 1077; x_wconf 88' lang='lat' dir='ltr'><strong><em>Dei,</em></strong></span> <span class='ocrx_word' id='word_1_244' title='bbox 1265 1013 1342 1084; x_wconf 81' lang='lat' dir='ltr'><strong><em>quod</em></strong></span> <span class='ocrx_word' id='word_1_245' title='bbox 1358 1014 1526 1082; x_wconf 84' lang='lat' dir='ltr'><strong><em>dormitant,</em></strong></span> <span class='ocrx_word' id='word_1_246' title='bbox 1549 1014 1579 1070; x_wconf 91' lang='lat' dir='ltr'><strong><em>ld</em></strong></span> <span class='ocrx_word' id='word_1_247' title='bbox 1602 1019 1658 1083; x_wconf 85' lang='lat' dir='ltr'><strong><em>cst,</em></strong></span> <span class='ocrx_word' id='word_1_248' title='bbox 1679 1031 1730 1072; x_wconf 92' lang='lat' dir='ltr'><strong><em>cor</em></strong></span> <span class='ocrx_word' id='word_1_249' title='bbox 1743 1015 1852 1072; x_wconf 87' lang='lat' dir='ltr'><strong><em>habeut</em></strong></span> 
     </span>
     <span class='ocr_line' id='line_1_36' title="bbox 995 1099 1853 1174; baseline 0.006 -20"><span class='ocrx_word' id='word_1_250' title='bbox 995 1099 1172 1158; x_wconf 89' lang='lat' dir='ltr'><strong><em>induratum.</em></strong></span> <span class='ocrx_word' id='word_1_251' title='bbox 1196 1101 1248 1167; x_wconf 85' lang='lat' dir='ltr'><strong><em>Qui</em></strong></span> <span class='ocrx_word' id='word_1_252' title='bbox 1270 1102 1455 1158; x_wconf 83' lang='lat' dir='ltr'><strong><em>ascenderunt.</em></strong></span> <span class='ocrx_word' id='word_1_253' title='bbox 1477 1104 1541 1174; x_wconf 80' lang='lat' dir='ltr'><strong><em>(lo.)</em></strong></span> <span class='ocrx_word' id='word_1_254' title='bbox 1561 1103 1693 1168; x_wconf 83' lang='lat' dir='ltr'><strong><em>Quorum</em></strong></span> <span class='ocrx_word' id='word_1_255' title='bbox 1715 1103 1853 1174; x_wconf 85' lang='lat' dir='ltr'><strong><em>superbia</em></strong></span> 
     </span>
     <span class='ocr_line' id='line_1_37' title="bbox 996 1189 1853 1266; baseline 0.006 -22"><span class='ocrx_word' id='word_1_256' title='bbox 996 1189 1092 1258; x_wconf 91' lang='lat' dir='ltr'><strong><em>crevit,</em></strong></span> <span class='ocrx_word' id='word_1_257' title='bbox 1117 1189 1221 1244; x_wconf 89' lang='lat' dir='ltr'><strong><em>humili</em></strong></span> <span class='ocrx_word' id='word_1_258' title='bbox 1244 1189 1357 1246; x_wconf 80' lang='lat' dir='ltr'><strong><em>Christo</em></strong></span> <span class='ocrx_word' id='word_1_259' title='bbox 1386 1207 1446 1246; x_wconf 91' lang='lat' dir='ltr'><strong><em>non</em></strong></span> <span class='ocrx_word' id='word_1_260' title='bbox 1473 1190 1627 1247; x_wconf 88' lang='lat' dir='ltr'><strong><em>humiliati.</em></strong></span> <span class='ocrx_word' id='word_1_261' title='bbox 1644 1192 1853 1266; x_wconf 69' lang='lat' dir='ltr'><strong><em>danoaldus.)</em></strong></span> 
     </span>
     <span class='ocr_line' id='line_1_38' title="bbox 994 1278 1850 1354; baseline 0.008 -23"><span class='ocrx_word' id='word_1_262' title='bbox 994 1278 1140 1342; x_wconf 79' lang='lat' dir='ltr'><strong><em>Quaslibet</em></strong></span> <span class='ocrx_word' id='word_1_263' title='bbox 1168 1278 1318 1334; x_wconf 70' lang='lat' dir='ltr'><strong><em>saculares</em></strong></span> <span class='ocrx_word' id='word_1_264' title='bbox 1340 1279 1540 1336; x_wconf 79' lang='lat' dir='ltr'><strong><em>extollentias:</em></strong></span> <span class='ocrx_word' id='word_1_265' title='bbox 1560 1282 1639 1336; x_wconf 91' lang='lat' dir='ltr'><strong><em>uude</em></strong></span> <span class='ocrx_word' id='word_1_266' title='bbox 1667 1286 1850 1354; x_wconf 73' lang='lat' dir='ltr'><strong><em>praeceptum</em></strong></span> 
     </span>
     <span class='ocr_line' id='line_1_39' title="bbox 996 1366 1852 1442; baseline 0.006 -21"><span class='ocrx_word' id='word_1_267' title='bbox 996 1371 1054 1422; x_wconf 87' lang='lat' dir='ltr'><strong><em>arat</em></strong></span> <span class='ocrx_word' id='word_1_268' title='bbox 1068 1366 1099 1420; x_wconf 92' lang='lat' dir='ltr'><strong><em>in</em></strong></span> <span class='ocrx_word' id='word_1_269' title='bbox 1112 1366 1176 1439; x_wconf 91' lang='lat' dir='ltr'><strong><em>lege</em></strong></span> <span class='ocrx_word' id='word_1_270' title='bbox 1205 1367 1272 1422; x_wconf 89' lang='lat' dir='ltr'><strong><em>liliis</em></strong></span> <span class='ocrx_word' id='word_1_271' title='bbox 1300 1367 1399 1434; x_wconf 90' lang='lat' dir='ltr'><strong><em>Israel,</em></strong></span> <span class='ocrx_word' id='word_1_272' title='bbox 1416 1371 1447 1422; x_wconf 92' lang='lat' dir='ltr'><strong><em>ut</em></strong></span> <span class='ocrx_word' id='word_1_273' title='bbox 1475 1383 1536 1423; x_wconf 91' lang='lat' dir='ltr'><strong><em>non</em></strong></span> <span class='ocrx_word' id='word_1_274' title='bbox 1552 1369 1787 1442; x_wconf 86' lang='lat' dir='ltr'><strong><em>multiplicarent</em></strong></span> <span class='ocrx_word' id='word_1_275' title='bbox 1800 1371 1852 1426; x_wconf 83' lang='lat' dir='ltr'><strong><em>sihi</em></strong></span> 
     </span>
     <span class='ocr_line' id='line_1_40' title="bbox 996 1455 1850 1531; baseline 0.004 -21"><span class='ocrx_word' id='word_1_276' title='bbox 996 1470 1095 1526; x_wconf 86' lang='lat' dir='ltr'><strong><em>equos.</em></strong></span> <span class='ocrx_word' id='word_1_277' title='bbox 1111 1455 1246 1511; x_wconf 89' lang='lat' dir='ltr'><strong><em>Salomon</em></strong></span> <span class='ocrx_word' id='word_1_278' title='bbox 1257 1456 1414 1528; x_wconf 71' lang='lat' dir='ltr'><strong><em>quaquella</em></strong></span> <span class='ocrx_word' id='word_1_279' title='bbox 1427 1457 1526 1512; x_wconf 78' lang='lat' dir='ltr'><strong><em>iudaea</em></strong></span> <span class='ocrx_word' id='word_1_280' title='bbox 1536 1473 1596 1512; x_wconf 92' lang='lat' dir='ltr'><strong><em>non</em></strong></span> <span class='ocrx_word' id='word_1_281' title='bbox 1609 1457 1741 1515; x_wconf 86' lang='lat' dir='ltr'><strong><em>hahebat</em></strong></span> <span class='ocrx_word' id='word_1_282' title='bbox 1752 1474 1850 1531; x_wconf 79' lang='lat' dir='ltr'><strong><em>equos,</em></strong></span> 
     </span>
     <span class='ocr_line' id='line_1_41' title="bbox 996 1543 1367 1617; baseline 0.011 -20"><span class='ocrx_word' id='word_1_283' title='bbox 996 1543 1044 1598; x_wconf 91' lang='lat' dir='ltr'><strong><em>sed</em></strong></span> <span class='ocrx_word' id='word_1_284' title='bbox 1060 1544 1174 1599; x_wconf 89' lang='lat' dir='ltr'><strong><em>emebat</em></strong></span> <span class='ocrx_word' id='word_1_285' title='bbox 1188 1545 1223 1600; x_wconf 91' lang='lat' dir='ltr'><strong><em>da</em></strong></span> <span class='ocrx_word' id='word_1_286' title='bbox 1237 1546 1367 1617; x_wconf 83' lang='lat' dir='ltr'><strong><em>AEgypto.</em></strong></span> 
     </span>
    </p>

    <p class='ocr_par' dir='ltr' id='par_1_15' title="bbox 992 1633 1852 1968">
     <span class='ocr_line' id='line_1_42' title="bbox 1041 1633 1850 1707; baseline 0.005 -21"><span class='ocrx_word' id='word_1_287' title='bbox 1041 1633 1125 1687; x_wconf 72' lang='lat' dir='ltr'><strong><em>vrrs.</em></strong></span> <span class='ocrx_word' id='word_1_288' title='bbox 1156 1634 1183 1688; x_wconf 85' lang='lat' dir='ltr'><strong><em>il.</em></strong></span> <span class='ocrx_word' id='word_1_289' title='bbox 1212 1636 1248 1688; x_wconf 84' lang='lat' dir='ltr'><strong><em>lie</em></strong></span> <span class='ocrx_word' id='word_1_290' title='bbox 1269 1634 1332 1688; x_wconf 88' lang='lat' dir='ltr'><strong><em>aoelo</em></strong></span> <span class='ocrx_word' id='word_1_291' title='bbox 1370 1633 1504 1689; x_wconf 65' lang='lat' dir='ltr'><strong><em>audium.</em></strong></span> <span class='ocrx_word' id='word_1_292' title='bbox 1539 1634 1633 1706; x_wconf 75' lang='lat' dir='ltr'><strong><em>(Aac.)</em></strong></span> <span class='ocrx_word' id='word_1_293' title='bbox 1664 1634 1749 1691; x_wconf 86' lang='lat' dir='ltr'><strong><em>Unde</em></strong></span> <span class='ocrx_word' id='word_1_294' title='bbox 1776 1637 1850 1707; x_wconf 78' lang='lat' dir='ltr'><strong><em>Apo·</em></strong></span> 
     </span>
     <span class='ocr_line' id='line_1_43' title="bbox 993 1720 1852 1786; baseline 0.007 -12"><span class='ocrx_word' id='word_1_295' title='bbox 993 1720 1104 1775; x_wconf 87' lang='lat' dir='ltr'><strong><em>stolus:</em></strong></span> <span class='ocrx_word' id='word_1_296' title='bbox 1133 1722 1166 1776; x_wconf 88' lang='lat' dir='ltr'><strong><em>ln</em></strong></span> <span class='ocrx_word' id='word_1_297' title='bbox 1191 1723 1354 1778; x_wconf 87' lang='lat' dir='ltr'><strong><em>revelatione</em></strong></span> <span class='ocrx_word' id='word_1_298' title='bbox 1382 1725 1487 1778; x_wconf 79' lang='lat' dir='ltr'><strong><em>bomini</em></strong></span> <span class='ocrx_word' id='word_1_299' title='bbox 1514 1726 1602 1779; x_wconf 87' lang='lat' dir='ltr'><strong><em>nostri</em></strong></span> <span class='ocrx_word' id='word_1_300' title='bbox 1630 1725 1703 1786; x_wconf 78' lang='lat' dir='ltr'><strong><em>Jeau</em></strong></span> <span class='ocrx_word' id='word_1_301' title='bbox 1733 1724 1769 1779; x_wconf 86' lang='lat' dir='ltr'><strong><em>de</em></strong></span> <span class='ocrx_word' id='word_1_302' title='bbox 1792 1725 1852 1780; x_wconf 81' lang='lat' dir='ltr'><strong><em>calo</em></strong></span> 
     </span>
     <span class='ocr_line' id='line_1_44' title="bbox 992 1811 1852 1883; baseline 0.005 -19"><span class='ocrx_word' id='word_1_303' title='bbox 992 1825 1052 1864; x_wconf 83' lang='lat' dir='ltr'><strong><em>cuni</em></strong></span> <span class='ocrx_word' id='word_1_304' title='bbox 1092 1811 1196 1878; x_wconf 73' lang='lat' dir='ltr'><strong><em>ancello</em></strong></span> <span class='ocrx_word' id='word_1_305' title='bbox 1236 1813 1341 1866; x_wconf 87' lang='lat' dir='ltr'><strong><em>uenient</em></strong></span> <span class='ocrx_word' id='word_1_306' title='bbox 1382 1811 1577 1883; x_wconf 74' lang='lat' dir='ltr'><strong><em>adjudicium</em></strong></span> <span class='ocrx_word' id='word_1_307' title='bbox 1615 1812 1801 1868; x_wconf 73' lang='lat' dir='ltr'><strong><em>exercendiue</em></strong></span> <span class='ocrx_word' id='word_1_308' title='bbox 1826 1814 1852 1883; x_wconf 81' lang='lat' dir='ltr'><strong><em>tl</em></strong></span> 
     </span>
     <span class='ocr_line' id='line_1_45' title="bbox 994 1898 1115 1968; baseline 0 -15"><span class='ocrx_word' id='word_1_309' title='bbox 994 1898 1073 1954; x_wconf 82' lang='lat' dir='ltr'><strong><em>Thea.</em></strong></span> <span class='ocrx_word' id='word_1_310' title='bbox 1086 1898 1115 1968; x_wconf 88' lang='lat' dir='ltr'><strong><em>r).</em></strong></span> 
     </span>
    </p>

    <p class='ocr_par' dir='ltr' id='par_1_16' title="bbox 992 1987 1849 2680">
     <span class='ocr_line' id='line_1_46' title="bbox 1028 1987 1849 2062; baseline 0.006 -22"><span class='ocrx_word' id='word_1_311' title='bbox 1028 1988 1107 2041; x_wconf 80' lang='lat' dir='ltr'><strong><em>veae.</em></strong></span> <span class='ocrx_word' id='word_1_312' title='bbox 1127 1988 1169 2041; x_wconf 83' lang='lat' dir='ltr'><strong><em>to.</em></strong></span> <span class='ocrx_word' id='word_1_313' title='bbox 1185 1988 1299 2045; x_wconf 82' lang='lat' dir='ltr'><strong><em>-Guna</em></strong></span> <span class='ocrx_word' id='word_1_314' title='bbox 1313 1992 1480 2058; x_wconf 77' lang='lat' dir='ltr'><strong><em>eaturperet,</em></strong></span> <span class='ocrx_word' id='word_1_315' title='bbox 1510 1987 1538 2045; x_wconf 91' lang='lat' dir='ltr'><strong><em>id</em></strong></span> <span class='ocrx_word' id='word_1_316' title='bbox 1567 1993 1622 2056; x_wconf 87' lang='lat' dir='ltr'><strong><em>est,</em></strong></span> <span class='ocrx_word' id='word_1_317' title='bbox 1654 2004 1726 2045; x_wconf 87' lang='lat' dir='ltr'><strong><em>cum</em></strong></span> <span class='ocrx_word' id='word_1_318' title='bbox 1750 1994 1849 2062; x_wconf 86' lang='lat' dir='ltr'><strong><em>potens</em></strong></span> 
     </span>
     <span class='ocr_line' id='line_1_47' title="bbox 993 2074 1847 2148; baseline 0.007 -20"><span class='ocrx_word' id='word_1_319' title='bbox 993 2074 1151 2146; x_wconf 81' lang='lat' dir='ltr'><strong><em>apparebit,</em></strong></span> <span class='ocrx_word' id='word_1_320' title='bbox 1167 2075 1217 2147; x_wconf 89' lang='lat' dir='ltr'><strong><em>qui</em></strong></span> <span class='ocrx_word' id='word_1_321' title='bbox 1232 2076 1418 2132; x_wconf 90' lang='lat' dir='ltr'><strong><em>hichumilis.</em></strong></span> <span class='ocrx_word' id='word_1_322' title='bbox 1452 2077 1511 2144; x_wconf 88' lang='lat' dir='ltr'><strong><em>llel,</em></strong></span> <span class='ocrx_word' id='word_1_323' title='bbox 1539 2093 1599 2132; x_wconf 83' lang='lat' dir='ltr'><strong><em>curn</em></strong></span> <span class='ocrx_word' id='word_1_324' title='bbox 1628 2083 1795 2148; x_wconf 77' lang='lat' dir='ltr'><strong><em>ensurperet</em></strong></span> <span class='ocrx_word' id='word_1_325' title='bbox 1807 2078 1847 2134; x_wconf 86' lang='lat' dir='ltr'><strong><em>hic</em></strong></span> 
     </span>
     <span class='ocr_line' id='line_1_48' title="bbox 994 2165 1845 2238; baseline 0.006 -20"><span class='ocrx_word' id='word_1_326' title='bbox 994 2169 1127 2233; x_wconf 88' lang='lat' dir='ltr'><strong><em>amorte,</em></strong></span> <span class='ocrx_word' id='word_1_327' title='bbox 1143 2168 1241 2235; x_wconf 91' lang='lat' dir='ltr'><strong><em>postea</em></strong></span> <span class='ocrx_word' id='word_1_328' title='bbox 1251 2170 1390 2221; x_wconf 87' lang='lat' dir='ltr'><strong><em>venturus</em></strong></span> <span class='ocrx_word' id='word_1_329' title='bbox 1401 2165 1597 2237; x_wconf 88' lang='lat' dir='ltr'><strong><em>adjudicium.</em></strong></span> <span class='ocrx_word' id='word_1_330' title='bbox 1616 2166 1713 2238; x_wconf 72' lang='lat' dir='ltr'><strong><em>(huc.)</em></strong></span> <span class='ocrx_word' id='word_1_331' title='bbox 1731 2167 1845 2233; x_wconf 80' lang='lat' dir='ltr'><strong><em>Quando</em></strong></span> 
     </span>
     <span class='ocr_line' id='line_1_49' title="bbox 992 2252 1843 2323; baseline 0.007 -17"><span class='ocrx_word' id='word_1_332' title='bbox 992 2252 1110 2307; x_wconf 88' lang='lat' dir='ltr'><strong><em>veniens</em></strong></span> <span class='ocrx_word' id='word_1_333' title='bbox 1134 2252 1169 2307; x_wconf 88' lang='lat' dir='ltr'><strong><em>de</em></strong></span> <span class='ocrx_word' id='word_1_334' title='bbox 1195 2254 1266 2308; x_wconf 86' lang='lat' dir='ltr'><strong><em>coelo</em></strong></span> <span class='ocrx_word' id='word_1_335' title='bbox 1293 2253 1379 2309; x_wconf 83' lang='lat' dir='ltr'><strong><em>iacies</em></strong></span> <span class='ocrx_word' id='word_1_336' title='bbox 1407 2254 1548 2323; x_wconf 90' lang='lat' dir='ltr'><strong><em>auditum,</em></strong></span> <span class='ocrx_word' id='word_1_337' title='bbox 1577 2253 1608 2309; x_wconf 88' lang='lat' dir='ltr'><strong><em>id</em></strong></span> <span class='ocrx_word' id='word_1_338' title='bbox 1636 2260 1692 2322; x_wconf 88' lang='lat' dir='ltr'><strong><em>est,</em></strong></span> <span class='ocrx_word' id='word_1_339' title='bbox 1716 2256 1843 2312; x_wconf 80' lang='lat' dir='ltr'><strong><em>omnibns</em></strong></span> 
     </span>
     <span class='ocr_line' id='line_1_50' title="bbox 993 2340 1843 2414; baseline 0.006 -20"><span class='ocrx_word' id='word_1_340' title='bbox 993 2344 1103 2397; x_wconf 88' lang='lat' dir='ltr'><strong><em>nolum.</em></strong></span> <span class='ocrx_word' id='word_1_341' title='bbox 1119 2340 1215 2396; x_wconf 85' lang='lat' dir='ltr'><strong><em>Virtus</em></strong></span> <span class='ocrx_word' id='word_1_342' title='bbox 1228 2341 1331 2413; x_wconf 88' lang='lat' dir='ltr'><strong><em>judicii</em></strong></span> <span class='ocrx_word' id='word_1_343' title='bbox 1359 2342 1522 2414; x_wconf 85' lang='lat' dir='ltr'><strong><em>exponitur,</em></strong></span> <span class='ocrx_word' id='word_1_344' title='bbox 1552 2342 1631 2398; x_wconf 92' lang='lat' dir='ltr'><strong><em>unde</em></strong></span> <span class='ocrx_word' id='word_1_345' title='bbox 1656 2343 1775 2399; x_wconf 87' lang='lat' dir='ltr'><strong><em>terreni</em></strong></span> <span class='ocrx_word' id='word_1_346' title='bbox 1799 2349 1843 2399; x_wconf 62' lang='lat' dir='ltr'><strong><em>tn</em></strong></span> 
     </span>
     <span class='ocr_line' id='line_1_51' title="bbox 994 2429 1843 2504; baseline 0.009 -23"><span class='ocrx_word' id='word_1_347' title='bbox 994 2432 1104 2497; x_wconf 89' lang='lat' dir='ltr'><strong><em>rentur,</em></strong></span> <span class='ocrx_word' id='word_1_348' title='bbox 1120 2432 1148 2483; x_wconf 88' lang='lat' dir='ltr'><strong><em>et</em></strong></span> <span class='ocrx_word' id='word_1_349' title='bbox 1163 2429 1275 2500; x_wconf 91' lang='lat' dir='ltr'><strong><em>perdita</em></strong></span> <span class='ocrx_word' id='word_1_350' title='bbox 1286 2435 1428 2501; x_wconf 88' lang='lat' dir='ltr'><strong><em>potestate</em></strong></span> <span class='ocrx_word' id='word_1_351' title='bbox 1455 2432 1608 2503; x_wconf 87' lang='lat' dir='ltr'><strong><em>quiescunt</em></strong></span> <span class='ocrx_word' id='word_1_352' title='bbox 1625 2432 1773 2504; x_wconf 69' lang='lat' dir='ltr'><strong><em>:quievit</em></strong></span> <span class='ocrx_word' id='word_1_353' title='bbox 1787 2449 1843 2488; x_wconf 86' lang='lat' dir='ltr'><strong><em>can</em></strong></span> 
     </span>
     <span class='ocr_line' id='line_1_52' title="bbox 993 2520 1845 2595; baseline 0.009 -25"><span class='ocrx_word' id='word_1_354' title='bbox 993 2522 1168 2587; x_wconf 78' lang='lat' dir='ltr'><strong><em>exsurgeret.</em></strong></span> <span class='ocrx_word' id='word_1_355' title='bbox 1186 2520 1339 2573; x_wconf 70' lang='lat' dir='ltr'><strong><em>Mummios</em></strong></span> <span class='ocrx_word' id='word_1_356' title='bbox 1350 2523 1437 2574; x_wconf 73' lang='lat' dir='ltr'><strong><em>terrae</em></strong></span> <span class='ocrx_word' id='word_1_357' title='bbox 1464 2520 1527 2589; x_wconf 80' lang='lat' dir='ltr'><strong><em>tta.)</em></strong></span> <span class='ocrx_word' id='word_1_358' title='bbox 1542 2520 1597 2584; x_wconf 83' lang='lat' dir='ltr'><strong><em>Qui</em></strong></span> <span class='ocrx_word' id='word_1_359' title='bbox 1624 2521 1738 2577; x_wconf 88' lang='lat' dir='ltr'><strong><em>mentis</em></strong></span> <span class='ocrx_word' id='word_1_360' title='bbox 1753 2537 1845 2595; x_wconf 85' lang='lat' dir='ltr'><strong><em>paoem</em></strong></span> 
     </span>
     <span class='ocr_line' id='line_1_53' title="bbox 993 2605 1578 2680; baseline 0.007 -21"><span class='ocrx_word' id='word_1_361' title='bbox 993 2605 1111 2675; x_wconf 87' lang='lat' dir='ltr'><strong><em>hahent,</em></strong></span> <span class='ocrx_word' id='word_1_362' title='bbox 1126 2622 1184 2660; x_wconf 92' lang='lat' dir='ltr'><strong><em>non</em></strong></span> <span class='ocrx_word' id='word_1_363' title='bbox 1199 2606 1390 2662; x_wconf 88' lang='lat' dir='ltr'><strong><em>detractantes</em></strong></span> <span class='ocrx_word' id='word_1_364' title='bbox 1403 2608 1507 2680; x_wconf 89' lang='lat' dir='ltr'><strong><em>jugum</em></strong></span> <span class='ocrx_word' id='word_1_365' title='bbox 1519 2608 1578 2664; x_wconf 82' lang='lat' dir='ltr'><strong><em>hai.</em></strong></span> 
     </span>
    </p>
   </div>
   <div class='ocr_carea' id='block_1_11' title="bbox 91 2693 939 2863">
    <p class='ocr_par' dir='ltr' id='par_1_17' title="bbox 91 2693 939 2863">
     <span class='ocr_line' id='line_1_54' title="bbox 91 2693 939 2765; baseline -0.004 -12"><span class='ocrx_word' id='word_1_366' title='bbox 91 2701 160 2753; x_wconf 90' lang='lat' dir='ltr'><strong><em>tunc</em></strong></span> <span class='ocrx_word' id='word_1_367' title='bbox 175 2713 232 2753; x_wconf 90' lang='lat' dir='ltr'><strong><em>non</em></strong></span> <span class='ocrx_word' id='word_1_368' title='bbox 245 2695 347 2751; x_wconf 77' lang='lat' dir='ltr'><strong><em>ludaei.</em></strong></span> <span class='ocrx_word' id='word_1_369' title='bbox 375 2697 407 2749; x_wconf 88' lang='lat' dir='ltr'><strong><em>ln</em></strong></span> <span class='ocrx_word' id='word_1_370' title='bbox 429 2694 534 2749; x_wconf 74' lang='lat' dir='ltr'><strong><em>ludeo.</em></strong></span> <span class='ocrx_word' id='word_1_371' title='bbox 561 2693 623 2764; x_wconf 81' lang='lat' dir='ltr'><strong><em>(la.)</em></strong></span> <span class='ocrx_word' id='word_1_372' title='bbox 638 2693 780 2765; x_wconf 86' lang='lat' dir='ltr'><strong><em>Susceplis</em></strong></span> <span class='ocrx_word' id='word_1_373' title='bbox 804 2694 871 2748; x_wconf 89' lang='lat' dir='ltr'><strong><em>tiliis</em></strong></span> <span class='ocrx_word' id='word_1_374' title='bbox 892 2697 939 2751; x_wconf 87' lang='lat' dir='ltr'><strong><em>lo·</em></strong></span> 
     </span>
     <span class='ocr_line' id='line_1_55' title="bbox 92 2781 939 2863; baseline -0.004 -22"><span class='ocrx_word' id='word_1_375' title='bbox 92 2786 163 2858; x_wconf 90' lang='lat' dir='ltr'><strong><em>seph</em></strong></span> <span class='ocrx_word' id='word_1_376' title='bbox 179 2784 301 2863; x_wconf 82' lang='lat' dir='ltr'><strong><em>duobus,</em></strong></span> <span class='ocrx_word' id='word_1_377' title='bbox 316 2798 383 2837; x_wconf 88' lang='lat' dir='ltr'><strong><em>cnm</em></strong></span> <span class='ocrx_word' id='word_1_378' title='bbox 407 2781 525 2852; x_wconf 88' lang='lat' dir='ltr'><strong><em>reliquis</em></strong></span> <span class='ocrx_word' id='word_1_379' title='bbox 540 2781 674 2836; x_wconf 89' lang='lat' dir='ltr'><strong><em>undecim</em></strong></span> <span class='ocrx_word' id='word_1_380' title='bbox 689 2781 756 2837; x_wconf 86' lang='lat' dir='ltr'><strong><em>liliis</em></strong></span> <span class='ocrx_word' id='word_1_381' title='bbox 769 2782 852 2838; x_wconf 84' lang='lat' dir='ltr'><strong><em>Jacob</em></strong></span> <span class='ocrx_word' id='word_1_382' title='bbox 868 2783 939 2838; x_wconf 92' lang='lat' dir='ltr'><strong><em>duo-</em></strong></span> 
     </span>
    </p>
   </div>
   <div class='ocr_carea' id='block_1_12' title="bbox 52 2695 1847 5161">
    <p class='ocr_par' dir='ltr' id='par_1_18' title="bbox 52 2695 1846 3831">
     <span class='ocr_line' id='line_1_56' title="bbox 1030 2695 1844 2773; baseline 0.009 -25"><span class='ocrx_word' id='word_1_383' title='bbox 1030 2695 1114 2750; x_wconf 83' lang='lat' dir='ltr'><strong><em>Veas.</em></strong></span> <span class='ocrx_word' id='word_1_384' title='bbox 1131 2698 1173 2749; x_wconf 93' lang='grc'><strong><em>11.</em></strong></span> <span class='ocrx_word' id='word_1_385' title='bbox 1190 2726 1224 2736; x_wconf 98' lang='grc'>-</span> <span class='ocrx_word' id='word_1_386' title='bbox 1249 2696 1384 2762; x_wconf 81' lang='lat' dir='ltr'><strong><em>Quoniam</em></strong></span> <span class='ocrx_word' id='word_1_387' title='bbox 1401 2699 1539 2764; x_wconf 82' lang='lat' dir='ltr'><strong><em>capitatio.</em></strong></span> <span class='ocrx_word' id='word_1_388' title='bbox 1566 2696 1657 2769; x_wconf 83' lang='lat' dir='ltr'><strong><em>(Cas.)</em></strong></span> <span class='ocrx_word' id='word_1_389' title='bbox 1671 2699 1844 2773; x_wconf 83' lang='lat' dir='ltr'><strong><em>Diapsalma.</em></strong></span> 
     </span>
     <span class='ocr_line' id='line_1_57' title="bbox 993 2783 1845 2855; baseline 0.008 -18"><span class='ocrx_word' id='word_1_390' title='bbox 993 2783 1137 2839; x_wconf 74' lang='lat' dir='ltr'><strong><em>Admonet</em></strong></span> <span class='ocrx_word' id='word_1_391' title='bbox 1151 2784 1212 2855; x_wconf 89' lang='lat' dir='ltr'><strong><em>jam</em></strong></span> <span class='ocrx_word' id='word_1_392' title='bbox 1237 2785 1353 2840; x_wconf 89' lang='lat' dir='ltr'><strong><em>devotos</em></strong></span> <span class='ocrx_word' id='word_1_393' title='bbox 1381 2785 1483 2840; x_wconf 86' lang='lat' dir='ltr'><strong><em>oilerrc</em></strong></span> <span class='ocrx_word' id='word_1_394' title='bbox 1511 2790 1585 2841; x_wconf 84' lang='lat' dir='ltr'><strong><em>vota.</em></strong></span> <span class='ocrx_word' id='word_1_395' title='bbox 1616 2787 1718 2855; x_wconf 79' lang='lat' dir='ltr'><strong><em>Quasi,</em></strong></span> <span class='ocrx_word' id='word_1_396' title='bbox 1746 2788 1845 2844; x_wconf 78' lang='lat' dir='ltr'><strong><em>mento</em></strong></span> 
     </span>
     <span class='ocr_line' id='line_1_58' title="bbox 92 2869 1845 2946; baseline 0.001 -16"><span class='ocrx_word' id='word_1_397' title='bbox 92 2874 185 2930; x_wconf 89' lang='lat' dir='ltr'><strong><em>decim</em></strong></span> <span class='ocrx_word' id='word_1_398' title='bbox 196 2873 287 2928; x_wconf 90' lang='lat' dir='ltr'><strong><em>tribus</em></strong></span> <span class='ocrx_word' id='word_1_399' title='bbox 301 2875 378 2938; x_wconf 90' lang='lat' dir='ltr'><strong><em>suut,</em></strong></span> <span class='ocrx_word' id='word_1_400' title='bbox 394 2875 526 2942; x_wconf 86' lang='lat' dir='ltr'><strong><em>exspecta</em></strong></span> <span class='ocrx_word' id='word_1_401' title='bbox 537 2871 612 2925; x_wconf 88' lang='lat' dir='ltr'><strong><em>tribu</em></strong></span> <span class='ocrx_word' id='word_1_402' title='bbox 629 2869 704 2937; x_wconf 81' lang='lat' dir='ltr'><strong><em>Levi,</em></strong></span> <span class='ocrx_word' id='word_1_403' title='bbox 730 2887 795 2942; x_wconf 80' lang='lat' dir='ltr'><strong><em>quae</em></strong></span> <span class='ocrx_word' id='word_1_404' title='bbox 810 2872 939 2927; x_wconf 86' lang='lat' dir='ltr'><strong><em>sacerdo·</em></strong></span> <span class='ocrx_word' id='word_1_405' title='bbox 994 2872 1083 2927; x_wconf 86' lang='lat' dir='ltr'><strong><em>salvat</em></strong></span> <span class='ocrx_word' id='word_1_406' title='bbox 1110 2878 1284 2929; x_wconf 85' lang='lat' dir='ltr'><strong><em>mansuetos.</em></strong></span> <span class='ocrx_word' id='word_1_407' title='bbox 1314 2874 1444 2940; x_wconf 86' lang='lat' dir='ltr'><strong><em>Quoniam</em></strong></span> <span class='ocrx_word' id='word_1_408' title='bbox 1458 2877 1597 2945; x_wconf 75' lang='lat' dir='ltr'><strong><em>capitatio,</em></strong></span> <span class='ocrx_word' id='word_1_409' title='bbox 1624 2875 1653 2931; x_wconf 94' lang='lat' dir='ltr'><strong><em>id</em></strong></span> <span class='ocrx_word' id='word_1_410' title='bbox 1677 2880 1735 2946; x_wconf 87' lang='lat' dir='ltr'><strong><em>est,</em></strong></span> <span class='ocrx_word' id='word_1_411' title='bbox 1753 2877 1845 2932; x_wconf 87' lang='lat' dir='ltr'><strong><em>lauda·</em></strong></span> 
     </span>
     <span class='ocr_line' id='line_1_59' title="bbox 91 2959 1844 3036; baseline 0.002 -18"><span class='ocrx_word' id='word_1_412' title='bbox 91 2964 156 3019; x_wconf 90' lang='lat' dir='ltr'><strong><em>talis</em></strong></span> <span class='ocrx_word' id='word_1_413' title='bbox 169 2966 198 3017; x_wconf 91' lang='lat' dir='ltr'><strong><em>et</em></strong></span> <span class='ocrx_word' id='word_1_414' title='bbox 208 2962 243 3016; x_wconf 89' lang='lat' dir='ltr'><strong><em>de</em></strong></span> <span class='ocrx_word' id='word_1_415' title='bbox 257 2961 374 3017; x_wconf 88' lang='lat' dir='ltr'><strong><em>decimis</em></strong></span> <span class='ocrx_word' id='word_1_416' title='bbox 397 2959 518 3014; x_wconf 87' lang='lat' dir='ltr'><strong><em>vivebat.</em></strong></span> <span class='ocrx_word' id='word_1_417' title='bbox 546 2959 700 3015; x_wconf 88' lang='lat' dir='ltr'><strong><em>lluodecim</em></strong></span> <span class='ocrx_word' id='word_1_418' title='bbox 715 2960 848 3016; x_wconf 87' lang='lat' dir='ltr'><strong><em>tribubus</em></strong></span> <span class='ocrx_word' id='word_1_419' title='bbox 862 2965 939 3016; x_wconf 87' lang='lat' dir='ltr'><strong><em>terra</em></strong></span> <span class='ocrx_word' id='word_1_420' title='bbox 954 2959 975 3014; x_wconf 90' lang='lat' dir='ltr'>C</span> <span class='ocrx_word' id='word_1_421' title='bbox 992 2961 1065 3016; x_wconf 92' lang='lat' dir='ltr'><strong><em>bunt</em></strong></span> <span class='ocrx_word' id='word_1_422' title='bbox 1076 2965 1104 3016; x_wconf 90' lang='lat' dir='ltr'><strong><em>te</em></strong></span> <span class='ocrx_word' id='word_1_423' title='bbox 1120 2961 1294 3034; x_wconf 87' lang='lat' dir='ltr'><strong><em>cogitatione</em></strong></span> <span class='ocrx_word' id='word_1_424' title='bbox 1322 2968 1350 3017; x_wconf 88' lang='lat' dir='ltr'><strong><em>et</em></strong></span> <span class='ocrx_word' id='word_1_425' title='bbox 1373 2979 1470 3034; x_wconf 91' lang='lat' dir='ltr'><strong><em>opera,</em></strong></span> <span class='ocrx_word' id='word_1_426' title='bbox 1487 2964 1546 3019; x_wconf 88' lang='lat' dir='ltr'><strong><em>hoe</em></strong></span> <span class='ocrx_word' id='word_1_427' title='bbox 1565 2968 1618 3030; x_wconf 89' lang='lat' dir='ltr'><strong><em>est,</em></strong></span> <span class='ocrx_word' id='word_1_428' title='bbox 1635 2965 1764 3036; x_wconf 76' lang='lat' dir='ltr'><strong><em>reliquia</em></strong></span> <span class='ocrx_word' id='word_1_429' title='bbox 1775 2967 1844 3034; x_wconf 76' lang='lat' dir='ltr'><strong><em>copi·</em></strong></span> 
     </span>
     <span class='ocr_line' id='line_1_60' title="bbox 91 3047 1841 3127; baseline 0.001 -20"><span class='ocrx_word' id='word_1_430' title='bbox 91 3051 182 3107; x_wconf 91' lang='lat' dir='ltr'><strong><em>divisa</em></strong></span> <span class='ocrx_word' id='word_1_431' title='bbox 194 3055 246 3105; x_wconf 91' lang='lat' dir='ltr'><strong><em>est.</em></strong></span> <span class='ocrx_word' id='word_1_432' title='bbox 263 3049 295 3104; x_wconf 91' lang='lat' dir='ltr'><strong><em>ln</em></strong></span> <span class='ocrx_word' id='word_1_433' title='bbox 309 3047 355 3103; x_wconf 91' lang='lat' dir='ltr'><strong><em>his</em></strong></span> <span class='ocrx_word' id='word_1_434' title='bbox 373 3064 432 3103; x_wconf 90' lang='lat' dir='ltr'><strong><em>una</em></strong></span> <span class='ocrx_word' id='word_1_435' title='bbox 446 3051 488 3103; x_wconf 90' lang='lat' dir='ltr'><strong><em>est</em></strong></span> <span class='ocrx_word' id='word_1_436' title='bbox 503 3049 584 3115; x_wconf 86' lang='lat' dir='ltr'><strong><em>luda,</em></strong></span> <span class='ocrx_word' id='word_1_437' title='bbox 601 3048 676 3103; x_wconf 92' lang='lat' dir='ltr'><strong><em>unde</em></strong></span> <span class='ocrx_word' id='word_1_438' title='bbox 701 3065 793 3119; x_wconf 87' lang='lat' dir='ltr'><strong><em>reges,</em></strong></span> <span class='ocrx_word' id='word_1_439' title='bbox 819 3054 848 3104; x_wconf 89' lang='lat' dir='ltr'><strong><em>et</em></strong></span> <span class='ocrx_word' id='word_1_440' title='bbox 862 3065 879 3103; x_wconf 87' lang='lat' dir='ltr'><strong><em>a</em></strong></span> <span class='ocrx_word' id='word_1_441' title='bbox 893 3065 939 3104; x_wconf 93' lang='lat' dir='ltr'><strong><em>re·</em></strong></span> <span class='ocrx_word' id='word_1_442' title='bbox 992 3051 1113 3117; x_wconf 88' lang='lat' dir='ltr'><strong><em>tationis,</em></strong></span> <span class='ocrx_word' id='word_1_443' title='bbox 1129 3056 1182 3119; x_wconf 91' lang='lat' dir='ltr'><strong><em>etc,</em></strong></span> <span class='ocrx_word' id='word_1_444' title='bbox 1211 3052 1343 3118; x_wconf 79' lang='lat' dir='ltr'><strong><em>capitatio</em></strong></span> <span class='ocrx_word' id='word_1_445' title='bbox 1359 3053 1484 3108; x_wconf 85' lang='lat' dir='ltr'><strong><em>hominis.</em></strong></span> <span class='ocrx_word' id='word_1_446' title='bbox 1512 3051 1576 3124; x_wconf 85' lang='lat' dir='ltr'><strong><em>(lu.)</em></strong></span> <span class='ocrx_word' id='word_1_447' title='bbox 1598 3053 1759 3127; x_wconf 87' lang='lat' dir='ltr'><strong><em>Conceptio</em></strong></span> <span class='ocrx_word' id='word_1_448' title='bbox 1772 3054 1841 3109; x_wconf 89' lang='lat' dir='ltr'><strong><em>voti.</em></strong></span> 
     </span>
     <span class='ocr_line' id='line_1_61' title="bbox 92 3136 1845 3215; baseline 0.002 -20"><span class='ocrx_word' id='word_1_449' title='bbox 92 3156 149 3211; x_wconf 89' lang='lat' dir='ltr'><strong><em>gno</em></strong></span> <span class='ocrx_word' id='word_1_450' title='bbox 166 3136 371 3196; x_wconf 80' lang='lat' dir='ltr'><strong><em>omnesludaei</em></strong></span> <span class='ocrx_word' id='word_1_451' title='bbox 391 3137 535 3192; x_wconf 87' lang='lat' dir='ltr'><strong><em>dicuntur.</em></strong></span> <span class='ocrx_word' id='word_1_452' title='bbox 563 3136 689 3193; x_wconf 83' lang='lat' dir='ltr'><strong><em>Confessi</em></strong></span> <span class='ocrx_word' id='word_1_453' title='bbox 704 3142 771 3192; x_wconf 88' lang='lat' dir='ltr'><strong><em>sunt</em></strong></span> <span class='ocrx_word' id='word_1_454' title='bbox 786 3138 938 3204; x_wconf 77' lang='lat' dir='ltr'><strong><em>cesarem,</em></strong></span> <span class='ocrx_word' id='word_1_455' title='bbox 992 3139 1129 3208; x_wconf 72' lang='lat' dir='ltr'><strong><em>bellante,</em></strong></span> <span class='ocrx_word' id='word_1_456' title='bbox 1147 3139 1270 3194; x_wconf 89' lang='lat' dir='ltr'><strong><em>redditio</em></strong></span> <span class='ocrx_word' id='word_1_457' title='bbox 1284 3139 1353 3207; x_wconf 81' lang='lat' dir='ltr'><strong><em>voti,</em></strong></span> <span class='ocrx_word' id='word_1_458' title='bbox 1370 3141 1508 3211; x_wconf 90' lang='lat' dir='ltr'><strong><em>operatio,</em></strong></span> <span class='ocrx_word' id='word_1_459' title='bbox 1539 3142 1653 3213; x_wconf 87' lang='lat' dir='ltr'><strong><em>reliqua</em></strong></span> <span class='ocrx_word' id='word_1_460' title='bbox 1683 3145 1751 3215; x_wconf 88' lang='lat' dir='ltr'><strong><em>post</em></strong></span> <span class='ocrx_word' id='word_1_461' title='bbox 1766 3141 1845 3214; x_wconf 90' lang='lat' dir='ltr'><strong><em>cogi·</em></strong></span> 
     </span>
     <span class='ocr_line' id='line_1_62' title="bbox 91 3224 1846 3298; baseline -0.002 -12"><span class='ocrx_word' id='word_1_462' title='bbox 91 3246 150 3286; x_wconf 91' lang='lat' dir='ltr'><strong><em>uon</em></strong></span> <span class='ocrx_word' id='word_1_463' title='bbox 166 3228 319 3295; x_wconf 88' lang='lat' dir='ltr'><strong><em>Christum,</em></strong></span> <span class='ocrx_word' id='word_1_464' title='bbox 334 3227 384 3298; x_wconf 91' lang='lat' dir='ltr'><strong><em>qui</em></strong></span> <span class='ocrx_word' id='word_1_465' title='bbox 398 3226 433 3280; x_wconf 91' lang='lat' dir='ltr'><strong><em>de</em></strong></span> <span class='ocrx_word' id='word_1_466' title='bbox 443 3225 514 3280; x_wconf 89' lang='lat' dir='ltr'><strong><em>luda</em></strong></span> <span class='ocrx_word' id='word_1_467' title='bbox 527 3227 588 3296; x_wconf 85' lang='lat' dir='ltr'><strong><em>jam</em></strong></span> <span class='ocrx_word' id='word_1_468' title='bbox 605 3241 663 3280; x_wconf 92' lang='lat' dir='ltr'><strong><em>non</em></strong></span> <span class='ocrx_word' id='word_1_469' title='bbox 678 3225 779 3281; x_wconf 84' lang='lat' dir='ltr'><strong><em>ludaei.</em></strong></span> <span class='ocrx_word' id='word_1_470' title='bbox 992 3224 1141 3279; x_wconf 89' lang='lat' dir='ltr'><strong><em>tationem.</em></strong></span> <span class='ocrx_word' id='word_1_471' title='bbox 1157 3226 1289 3295; x_wconf 76' lang='lat' dir='ltr'><strong><em>Reliquiae</em></strong></span> <span class='ocrx_word' id='word_1_472' title='bbox 1316 3228 1499 3292; x_wconf 80' lang='lat' dir='ltr'><strong><em>capitationis.</em></strong></span> <span class='ocrx_word' id='word_1_473' title='bbox 1529 3225 1626 3298; x_wconf 78' lang='lat' dir='ltr'><strong><em>(Aua.)</em></strong></span> <span class='ocrx_word' id='word_1_474' title='bbox 1642 3226 1788 3292; x_wconf 86' lang='lat' dir='ltr'><strong><em>Quoniam</em></strong></span> <span class='ocrx_word' id='word_1_475' title='bbox 1802 3243 1846 3282; x_wconf 89' lang='lat' dir='ltr'><strong><em>eo·</em></strong></span> 
     </span>
     <span class='ocr_line' id='line_1_63' title="bbox 52 3312 1845 3386; baseline 0 -15"><span class='ocrx_word' id='word_1_476' title='bbox 52 3367 61 3382; x_wconf 73' lang='grc'>,</span> <span class='ocrx_word' id='word_1_477' title='bbox 128 3318 247 3372; x_wconf 68' lang='lat' dir='ltr'><strong><em>lausi.</em></strong></span> <span class='ocrx_word' id='word_1_478' title='bbox 271 3316 362 3370; x_wconf 92' lang='lat' dir='ltr'><strong><em>-ln</em></strong></span> <span class='ocrx_word' id='word_1_479' title='bbox 385 3315 458 3370; x_wconf 88' lang='lat' dir='ltr'><strong><em>Sion.</em></strong></span> <span class='ocrx_word' id='word_1_480' title='bbox 485 3313 576 3385; x_wconf 78' lang='lat' dir='ltr'><strong><em>(Aac.)</em></strong></span> <span class='ocrx_word' id='word_1_481' title='bbox 605 3312 938 3385; x_wconf 80' lang='lat' dir='ltr'><strong><em>Cougruumverhorum</em></strong></span> <span class='ocrx_word' id='word_1_482' title='bbox 992 3312 1208 3384; x_wconf 89' lang='lat' dir='ltr'><strong><em>gitaticprima,</em></strong></span> <span class='ocrx_word' id='word_1_483' title='bbox 1225 3318 1291 3381; x_wconf 80' lang='lat' dir='ltr'><strong><em>etc,</em></strong></span> <span class='ocrx_word' id='word_1_484' title='bbox 1315 3328 1399 3383; x_wconf 78' lang='lat' dir='ltr'><strong><em>usuue</em></strong></span> <span class='ocrx_word' id='word_1_485' title='bbox 1423 3314 1562 3386; x_wconf 74' lang='lat' dir='ltr'><strong><em>aliquod</em></strong></span> <span class='ocrx_word' id='word_1_486' title='bbox 1585 3316 1845 3372; x_wconf 86' lang='lat' dir='ltr'><strong><em>estaolemniaec·</em></strong></span> 
     </span>
     <span class='ocr_line' id='line_1_64' title="bbox 92 3400 1844 3474; baseline -0.001 -13"><span class='ocrx_word' id='word_1_487' title='bbox 92 3406 223 3461; x_wconf 89' lang='lat' dir='ltr'><strong><em>ordinem</em></strong></span> <span class='ocrx_word' id='word_1_488' title='bbox 239 3402 370 3457; x_wconf 87' lang='lat' dir='ltr'><strong><em>attende:</em></strong></span> <span class='ocrx_word' id='word_1_489' title='bbox 388 3401 633 3456; x_wconf 82' lang='lat' dir='ltr'><strong><em>ludaeaconlessio</em></strong></span> <span class='ocrx_word' id='word_1_490' title='bbox 647 3422 656 3470; x_wconf 81' lang='lat'>3</span> <span class='ocrx_word' id='word_1_491' title='bbox 664 3405 826 3474; x_wconf 88' lang='lat' dir='ltr'><strong><em>postquam,</em></strong></span> <span class='ocrx_word' id='word_1_492' title='bbox 839 3402 938 3470; x_wconf 89' lang='lat' dir='ltr'><strong><em>lsrael,</em></strong></span> <span class='ocrx_word' id='word_1_493' title='bbox 993 3401 1114 3457; x_wconf 80' lang='lat' dir='ltr'><strong><em>labrare.</em></strong></span> <span class='ocrx_word' id='word_1_494' title='bbox 1132 3400 1217 3474; x_wconf 83' lang='lat' dir='ltr'><strong><em>(Cas.)</em></strong></span> <span class='ocrx_word' id='word_1_495' title='bbox 1241 3402 1315 3468; x_wconf 85' lang='lat' dir='ltr'><strong><em>Quia</em></strong></span> <span class='ocrx_word' id='word_1_496' title='bbox 1340 3403 1417 3457; x_wconf 86' lang='lat' dir='ltr'><strong><em>solus</em></strong></span> <span class='ocrx_word' id='word_1_497' title='bbox 1445 3403 1584 3458; x_wconf 84' lang='lat' dir='ltr'><strong><em>Dominus</em></strong></span> <span class='ocrx_word' id='word_1_498' title='bbox 1613 3407 1666 3466; x_wconf 87' lang='lat' dir='ltr'><strong><em>est,</em></strong></span> <span class='ocrx_word' id='word_1_499' title='bbox 1694 3405 1742 3460; x_wconf 90' lang='lat' dir='ltr'><strong><em>cni</em></strong></span> <span class='ocrx_word' id='word_1_500' title='bbox 1769 3404 1844 3460; x_wconf 84' lang='lat' dir='ltr'><strong><em>iesti-</em></strong></span> 
     </span>
     <span class='ocr_line' id='line_1_65' title="bbox 92 3488 1843 3565; baseline 0 -17"><span class='ocrx_word' id='word_1_501' title='bbox 92 3491 301 3559; x_wconf 88' lang='lat' dir='ltr'><strong><em>idest,vidans</em></strong></span> <span class='ocrx_word' id='word_1_502' title='bbox 319 3490 418 3554; x_wconf 84' lang='lat' dir='ltr'><strong><em>heum,</em></strong></span> <span class='ocrx_word' id='word_1_503' title='bbox 436 3488 563 3543; x_wconf 86' lang='lat' dir='ltr'><strong><em>etaicin</em></strong></span> <span class='ocrx_word' id='word_1_504' title='bbox 583 3493 764 3560; x_wconf 87' lang='lat' dir='ltr'><strong><em>pacatocum</em></strong></span> <span class='ocrx_word' id='word_1_505' title='bbox 781 3491 839 3545; x_wconf 86' lang='lat' dir='ltr'><strong><em>Deo</em></strong></span> <span class='ocrx_word' id='word_1_506' title='bbox 861 3489 941 3545; x_wconf 88' lang='lat' dir='ltr'><strong><em>locus</em></strong></span> <span class='ocrx_word' id='word_1_507' title='bbox 993 3489 1064 3544; x_wconf 87' lang='lat' dir='ltr'><strong><em>vitas</em></strong></span> <span class='ocrx_word' id='word_1_508' title='bbox 1090 3490 1231 3545; x_wconf 87' lang='lat' dir='ltr'><strong><em>debetur:</em></strong></span> <span class='ocrx_word' id='word_1_509' title='bbox 1257 3491 1378 3546; x_wconf 87' lang='lat' dir='ltr'><strong><em>reddent</em></strong></span> <span class='ocrx_word' id='word_1_510' title='bbox 1406 3495 1472 3546; x_wconf 86' lang='lat' dir='ltr'><strong><em>vota</em></strong></span> <span class='ocrx_word' id='word_1_511' title='bbox 1497 3492 1567 3547; x_wconf 82' lang='lat' dir='ltr'><strong><em>lieo.</em></strong></span> <span class='ocrx_word' id='word_1_512' title='bbox 1597 3492 1697 3548; x_wconf 85' lang='lat' dir='ltr'><strong><em>Prima</em></strong></span> <span class='ocrx_word' id='word_1_513' title='bbox 1707 3492 1843 3565; x_wconf 85' lang='lat' dir='ltr'><strong><em>cogitatio</em></strong></span> 
     </span>
     <span class='ocr_line' id='line_1_66' title="bbox 93 3578 1843 3653; baseline 0.001 -17"><span class='ocrx_word' id='word_1_514' title='bbox 93 3585 135 3636; x_wconf 92' lang='lat' dir='ltr'><strong><em>est</em></strong></span> <span class='ocrx_word' id='word_1_515' title='bbox 150 3597 158 3636; x_wconf 92' lang='lat'><strong><em>:</em></strong></span> <span class='ocrx_word' id='word_1_516' title='bbox 174 3579 251 3634; x_wconf 92' lang='lat' dir='ltr'><strong><em>unde</em></strong></span> <span class='ocrx_word' id='word_1_517' title='bbox 265 3578 416 3650; x_wconf 87' lang='lat' dir='ltr'><strong><em>sequitur:</em></strong></span> <span class='ocrx_word' id='word_1_518' title='bbox 443 3579 476 3633; x_wconf 91' lang='lat' dir='ltr'><strong><em>ln</em></strong></span> <span class='ocrx_word' id='word_1_519' title='bbox 496 3593 573 3649; x_wconf 89' lang='lat' dir='ltr'><strong><em>pace,</em></strong></span> <span class='ocrx_word' id='word_1_520' title='bbox 589 3583 654 3649; x_wconf 88' lang='lat' dir='ltr'><strong><em>post</em></strong></span> <span class='ocrx_word' id='word_1_521' title='bbox 678 3581 708 3634; x_wconf 91' lang='lat' dir='ltr'><strong><em>in</em></strong></span> <span class='ocrx_word' id='word_1_522' title='bbox 722 3579 797 3647; x_wconf 90' lang='lat' dir='ltr'><strong><em>Sion,</em></strong></span> <span class='ocrx_word' id='word_1_523' title='bbox 812 3579 840 3635; x_wconf 95' lang='lat' dir='ltr'><strong><em>id</em></strong></span> <span class='ocrx_word' id='word_1_524' title='bbox 855 3579 940 3634; x_wconf 88' lang='lat' dir='ltr'><strong><em>estin</em></strong></span> <span class='ocrx_word' id='word_1_525' title='bbox 993 3578 1110 3633; x_wconf 90' lang='lat' dir='ltr'><strong><em>damnat</em></strong></span> <span class='ocrx_word' id='word_1_526' title='bbox 1123 3578 1208 3633; x_wconf 91' lang='lat' dir='ltr'><strong><em>mala.</em></strong></span> <span class='ocrx_word' id='word_1_527' title='bbox 1223 3579 1357 3648; x_wconf 71' lang='lat' dir='ltr'><strong><em>deliquio.</em></strong></span> <span class='ocrx_word' id='word_1_528' title='bbox 1373 3579 1444 3644; x_wconf 79' lang='lat' dir='ltr'><strong><em>Quia</em></strong></span> <span class='ocrx_word' id='word_1_529' title='bbox 1475 3585 1540 3652; x_wconf 91' lang='lat' dir='ltr'><strong><em>post</em></strong></span> <span class='ocrx_word' id='word_1_530' title='bbox 1560 3596 1677 3653; x_wconf 89' lang='lat' dir='ltr'><strong><em>semper</em></strong></span> <span class='ocrx_word' id='word_1_531' title='bbox 1693 3581 1781 3637; x_wconf 88' lang='lat' dir='ltr'><strong><em>debet</em></strong></span> <span class='ocrx_word' id='word_1_532' title='bbox 1793 3582 1843 3637; x_wconf 91' lang='lat' dir='ltr'><strong><em>ho·</em></strong></span> 
     </span>
     <span class='ocr_line' id='line_1_67' title="bbox 92 3666 1844 3742; baseline -0.001 -16"><span class='ocrx_word' id='word_1_533' title='bbox 92 3667 334 3740; x_wconf 88' lang='lat' dir='ltr'><strong><em>contemplatione</em></strong></span> <span class='ocrx_word' id='word_1_534' title='bbox 348 3668 425 3740; x_wconf 89' lang='lat' dir='ltr'><strong><em>(cum</em></strong></span> <span class='ocrx_word' id='word_1_535' title='bbox 439 3666 511 3721; x_wconf 84' lang='lat' dir='ltr'><strong><em>iacis</em></strong></span> <span class='ocrx_word' id='word_1_536' title='bbox 531 3667 567 3721; x_wconf 92' lang='lat' dir='ltr'><strong><em>ad</em></strong></span> <span class='ocrx_word' id='word_1_537' title='bbox 585 3667 688 3722; x_wconf 86' lang='lat' dir='ltr'><strong><em>faciem</em></strong></span> <span class='ocrx_word' id='word_1_538' title='bbox 704 3667 813 3723; x_wconf 87' lang='lat' dir='ltr'><strong><em>videbit</em></strong></span> <span class='ocrx_word' id='word_1_539' title='bbox 826 3669 939 3738; x_wconf 78' lang='lat' dir='ltr'><strong><em>herrm),</em></strong></span> <span class='ocrx_word' id='word_1_540' title='bbox 994 3682 1040 3720; x_wconf 90' lang='lat' dir='ltr'><strong><em>mo</em></strong></span> <span class='ocrx_word' id='word_1_541' title='bbox 1052 3666 1196 3722; x_wconf 86' lang='lat' dir='ltr'><strong><em>recordari</em></strong></span> <span class='ocrx_word' id='word_1_542' title='bbox 1211 3668 1358 3739; x_wconf 74' lang='lat' dir='ltr'><strong><em>preterita</em></strong></span> <span class='ocrx_word' id='word_1_543' title='bbox 1384 3667 1469 3736; x_wconf 89' lang='lat' dir='ltr'><strong><em>mala,</em></strong></span> <span class='ocrx_word' id='word_1_544' title='bbox 1492 3673 1526 3724; x_wconf 92' lang='lat' dir='ltr'><strong><em>ut</em></strong></span> <span class='ocrx_word' id='word_1_545' title='bbox 1536 3669 1654 3742; x_wconf 88' lang='lat' dir='ltr'><strong><em>lugeat:</em></strong></span> <span class='ocrx_word' id='word_1_546' title='bbox 1677 3669 1746 3726; x_wconf 87' lang='lat' dir='ltr'><strong><em>licet</em></strong></span> <span class='ocrx_word' id='word_1_547' title='bbox 1761 3686 1844 3725; x_wconf 92' lang='lat' dir='ltr'><strong><em>mun·</em></strong></span> 
     </span>
     <span class='ocr_line' id='line_1_68' title="bbox 93 3755 1844 3831; baseline 0.001 -18"><span class='ocrx_word' id='word_1_548' title='bbox 93 3755 305 3813; x_wconf 88' lang='lat' dir='ltr'><strong><em>erithabitatio.</em></strong></span> <span class='ocrx_word' id='word_1_549' title='bbox 994 3755 1047 3811; x_wconf 94' lang='lat' dir='ltr'><strong><em>dus</em></strong></span> <span class='ocrx_word' id='word_1_550' title='bbox 1062 3755 1109 3810; x_wconf 93' lang='lat' dir='ltr'><strong><em>hic</em></strong></span> <span class='ocrx_word' id='word_1_551' title='bbox 1118 3759 1184 3826; x_wconf 91' lang='lat' dir='ltr'><strong><em>agat</em></strong></span> <span class='ocrx_word' id='word_1_552' title='bbox 1198 3756 1274 3811; x_wconf 90' lang='lat' dir='ltr'><strong><em>diam</em></strong></span> <span class='ocrx_word' id='word_1_553' title='bbox 1291 3756 1407 3823; x_wconf 81' lang='lat' dir='ltr'><strong><em>testum,</em></strong></span> <span class='ocrx_word' id='word_1_554' title='bbox 1431 3757 1548 3828; x_wconf 89' lang='lat' dir='ltr'><strong><em>quando</em></strong></span> <span class='ocrx_word' id='word_1_555' title='bbox 1563 3758 1650 3813; x_wconf 87' lang='lat' dir='ltr'><strong><em>sentit</em></strong></span> <span class='ocrx_word' id='word_1_556' title='bbox 1673 3775 1705 3814; x_wconf 89' lang='lat' dir='ltr'><strong><em>se</em></strong></span> <span class='ocrx_word' id='word_1_557' title='bbox 1729 3763 1844 3831; x_wconf 88' lang='lat' dir='ltr'><strong><em>peccato</em></strong></span> 
     </span>
    </p>

    <p class='ocr_par' dir='ltr' id='par_1_19' title="bbox 91 3843 1847 4185">
     <span class='ocr_line' id='line_1_69' title="bbox 129 3843 1847 3919; baseline 0.002 -17"><span class='ocrx_word' id='word_1_558' title='bbox 129 3848 209 3908; x_wconf 79' lang='lat' dir='ltr'><strong><em>Vana.</em></strong></span> <span class='ocrx_word' id='word_1_559' title='bbox 226 3848 252 3902; x_wconf 78' lang='lat' dir='ltr'><strong><em>t.</em></strong></span> <span class='ocrx_word' id='word_1_560' title='bbox 278 3874 314 3888; x_wconf 91' lang='lat'><em>-</em></span> <span class='ocrx_word' id='word_1_561' title='bbox 338 3846 381 3901; x_wconf 89' lang='lat' dir='ltr'><strong><em>lbi</em></strong></span> <span class='ocrx_word' id='word_1_562' title='bbox 405 3845 539 3914; x_wconf 76' lang='lat' dir='ltr'><strong><em>constepit</em></strong></span> <span class='ocrx_word' id='word_1_563' title='bbox 564 3846 711 3915; x_wconf 84' lang='lat' dir='ltr'><strong><em>potentias.</em></strong></span> <span class='ocrx_word' id='word_1_564' title='bbox 729 3844 938 3916; x_wconf 82' lang='lat' dir='ltr'><strong><em>(Cas.)1ulu-</em></strong></span> <span class='ocrx_word' id='word_1_565' title='bbox 993 3843 1127 3911; x_wconf 92' lang='lat' dir='ltr'><strong><em>liberum,</em></strong></span> <span class='ocrx_word' id='word_1_566' title='bbox 1144 3848 1176 3898; x_wconf 90' lang='lat' dir='ltr'><strong><em>ut</em></strong></span> <span class='ocrx_word' id='word_1_567' title='bbox 1198 3849 1263 3915; x_wconf 90' lang='lat' dir='ltr'><strong><em>post</em></strong></span> <span class='ocrx_word' id='word_1_568' title='bbox 1287 3846 1517 3902; x_wconf 88' lang='lat' dir='ltr'><strong><em>emendationem</em></strong></span> <span class='ocrx_word' id='word_1_569' title='bbox 1545 3845 1636 3903; x_wconf 82' lang='lat' dir='ltr'><strong><em>ludaei</em></strong></span> <span class='ocrx_word' id='word_1_570' title='bbox 1648 3847 1793 3919; x_wconf 86' lang='lat' dir='ltr'><strong><em>jubentur</em></strong></span> <span class='ocrx_word' id='word_1_571' title='bbox 1806 3848 1847 3905; x_wconf 81' lang='lat' dir='ltr'><strong><em>ol·</em></strong></span> 
     </span>
     <span class='ocr_line' id='line_1_70' title="bbox 91 3931 1417 4007; baseline -0.005 -13"><span class='ocrx_word' id='word_1_572' title='bbox 91 3935 165 4006; x_wconf 81' lang='lat' dir='ltr'><strong><em>doea,</em></strong></span> <span class='ocrx_word' id='word_1_573' title='bbox 189 3935 218 3991; x_wconf 92' lang='lat' dir='ltr'><strong><em>iu</em></strong></span> <span class='ocrx_word' id='word_1_574' title='bbox 235 3934 332 4002; x_wconf 80' lang='lat' dir='ltr'><strong><em>lsrael,</em></strong></span> <span class='ocrx_word' id='word_1_575' title='bbox 363 3933 395 3988; x_wconf 92' lang='lat' dir='ltr'><strong><em>in</em></strong></span> <span class='ocrx_word' id='word_1_576' title='bbox 416 3932 520 3999; x_wconf 89' lang='lat' dir='ltr'><strong><em>Salem,</em></strong></span> <span class='ocrx_word' id='word_1_577' title='bbox 549 3933 579 3987; x_wconf 92' lang='lat' dir='ltr'><strong><em>iu</em></strong></span> <span class='ocrx_word' id='word_1_578' title='bbox 603 3933 680 4001; x_wconf 91' lang='lat' dir='ltr'><strong><em>Sion,</em></strong></span> <span class='ocrx_word' id='word_1_579' title='bbox 710 3934 760 3989; x_wconf 92' lang='lat' dir='ltr'><strong><em>ubi</em></strong></span> <span class='ocrx_word' id='word_1_580' title='bbox 775 3935 849 3989; x_wconf 84' lang='lat' dir='ltr'><strong><em>Deus</em></strong></span> <span class='ocrx_word' id='word_1_581' title='bbox 864 3934 942 4007; x_wconf 90' lang='lat' dir='ltr'><strong><em>pacis</em></strong></span> <span class='ocrx_word' id='word_1_582' title='bbox 994 3931 1214 3987; x_wconf 89' lang='lat' dir='ltr'><strong><em>lerrelestivum</em></strong></span> <span class='ocrx_word' id='word_1_583' title='bbox 1227 3948 1331 3987; x_wconf 89' lang='lat' dir='ltr'><strong><em>munus</em></strong></span> <span class='ocrx_word' id='word_1_584' title='bbox 1347 3934 1417 3989; x_wconf 87' lang='lat' dir='ltr'><strong><em>Deo.</em></strong></span> 
     </span>
     <span class='ocr_line' id='line_1_71' title="bbox 92 4019 1845 4095; baseline -0.001 -14"><span class='ocrx_word' id='word_1_585' title='bbox 92 4030 192 4081; x_wconf 91' lang='lat' dir='ltr'><strong><em>auctor</em></strong></span> <span class='ocrx_word' id='word_1_586' title='bbox 204 4024 291 4093; x_wconf 88' lang='lat' dir='ltr'><strong><em>venit,</em></strong></span> <span class='ocrx_word' id='word_1_587' title='bbox 307 4023 368 4077; x_wconf 85' lang='lat' dir='ltr'><strong><em>haec</em></strong></span> <span class='ocrx_word' id='word_1_588' title='bbox 380 4022 479 4077; x_wconf 92' lang='lat' dir='ltr'><strong><em>omnia</em></strong></span> <span class='ocrx_word' id='word_1_589' title='bbox 494 4022 571 4094; x_wconf 76' lang='lat' dir='ltr'><strong><em>(qua</em></strong></span> <span class='ocrx_word' id='word_1_590' title='bbox 586 4026 614 4078; x_wconf 92' lang='lat' dir='ltr'><strong><em>et</em></strong></span> <span class='ocrx_word' id='word_1_591' title='bbox 643 4021 942 4095; x_wconf 78' lang='lat' dir='ltr'><strong><em>nomiuaglcrioeeo-</em></strong></span> <span class='ocrx_word' id='word_1_592' title='bbox 1029 4019 1110 4074; x_wconf 83' lang='lat' dir='ltr'><strong><em>Vara.</em></strong></span> <span class='ocrx_word' id='word_1_593' title='bbox 1138 4023 1179 4075; x_wconf 76' lang='grc'><strong><em>12.</em></strong></span> <span class='ocrx_word' id='word_1_594' title='bbox 1208 4050 1244 4062; x_wconf 89' lang='grc'><strong>-</strong></span> <span class='ocrx_word' id='word_1_595' title='bbox 1271 4022 1368 4078; x_wconf 86' lang='lat' dir='ltr'><strong><em>Vouete</em></strong></span> <span class='ocrx_word' id='word_1_596' title='bbox 1390 4025 1416 4077; x_wconf 92' lang='lat' dir='ltr'><strong><em>et</em></strong></span> <span class='ocrx_word' id='word_1_597' title='bbox 1443 4020 1560 4077; x_wconf 82' lang='lat' dir='ltr'><strong><em>reddite.</em></strong></span> <span class='ocrx_word' id='word_1_598' title='bbox 1587 4022 1845 4094; x_wconf 71' lang='lat' dir='ltr'><strong><em>(hualhliasuut</em></strong></span> 
     </span>
     <span class='ocr_line' id='line_1_72' title="bbox 92 4107 1844 4185; baseline -0.001 -15"><span class='ocrx_word' id='word_1_599' title='bbox 92 4115 167 4185; x_wconf 82' lang='lat' dir='ltr'><strong><em>rum)</em></strong></span> <span class='ocrx_word' id='word_1_600' title='bbox 187 4113 312 4184; x_wconf 86' lang='lat' dir='ltr'><strong><em>lugiunt.</em></strong></span> <span class='ocrx_word' id='word_1_601' title='bbox 993 4107 1159 4163; x_wconf 91' lang='lat' dir='ltr'><strong><em>communia</em></strong></span> <span class='ocrx_word' id='word_1_602' title='bbox 1173 4113 1238 4164; x_wconf 86' lang='lat' dir='ltr'><strong><em>vota</em></strong></span> <span class='ocrx_word' id='word_1_603' title='bbox 1261 4112 1295 4165; x_wconf 80' lang='lat' dir='ltr'><strong><em>ile</em></strong></span> <span class='ocrx_word' id='word_1_604' title='bbox 1309 4109 1363 4177; x_wconf 90' lang='lat' dir='ltr'><strong><em>his,</em></strong></span> <span class='ocrx_word' id='word_1_605' title='bbox 1388 4110 1448 4165; x_wconf 90' lang='lat' dir='ltr'><strong><em>sius</em></strong></span> <span class='ocrx_word' id='word_1_606' title='bbox 1475 4109 1581 4183; x_wconf 79' lang='lat' dir='ltr'><strong><em>quihus</em></strong></span> <span class='ocrx_word' id='word_1_607' title='bbox 1607 4126 1669 4166; x_wconf 91' lang='lat' dir='ltr'><strong><em>uon</em></strong></span> <span class='ocrx_word' id='word_1_608' title='bbox 1693 4113 1844 4180; x_wconf 87' lang='lat' dir='ltr'><strong><em>estsalus;</em></strong></span> 
     </span>
    </p>

    <p class='ocr_par' dir='ltr' id='par_1_20' title="bbox 91 4195 1845 5161">
     <span class='ocr_line' id='line_1_73' title="bbox 127 4195 1843 4272; baseline -0.001 -15"><span class='ocrx_word' id='word_1_609' title='bbox 127 4205 209 4258; x_wconf 84' lang='lat' dir='ltr'><strong><em>Vras.</em></strong></span> <span class='ocrx_word' id='word_1_610' title='bbox 239 4204 264 4257; x_wconf 82' lang='lat'><strong><em>5.</em></strong></span> <span class='ocrx_word' id='word_1_611' title='bbox 288 4228 325 4242; x_wconf 94' lang='lat'><em>-</em></span> <span class='ocrx_word' id='word_1_612' title='bbox 344 4201 506 4256; x_wconf 81' lang='lat' dir='ltr'><strong><em>illuminans</em></strong></span> <span class='ocrx_word' id='word_1_613' title='bbox 527 4203 556 4254; x_wconf 94' lang='lat' dir='ltr'><strong><em>tu</em></strong></span> <span class='ocrx_word' id='word_1_614' title='bbox 578 4200 742 4255; x_wconf 87' lang='lat' dir='ltr'><strong><em>mirabiliter</em></strong></span> <span class='ocrx_word' id='word_1_615' title='bbox 764 4214 781 4254; x_wconf 92' lang='lat' dir='ltr'><strong><em>a</em></strong></span> <span class='ocrx_word' id='word_1_616' title='bbox 804 4201 940 4256; x_wconf 84' lang='lat' dir='ltr'><strong><em>montibus</em></strong></span> <span class='ocrx_word' id='word_1_617' title='bbox 994 4195 1051 4251; x_wconf 85' lang='lat' dir='ltr'><strong><em>alia</em></strong></span> <span class='ocrx_word' id='word_1_618' title='bbox 1074 4198 1200 4269; x_wconf 87' lang='lat' dir='ltr'><strong><em>propria,</em></strong></span> <span class='ocrx_word' id='word_1_619' title='bbox 1220 4203 1253 4253; x_wconf 91' lang='lat' dir='ltr'><strong><em>ut</em></strong></span> <span class='ocrx_word' id='word_1_620' title='bbox 1279 4213 1381 4254; x_wconf 87' lang='lat' dir='ltr'><strong><em>vovera</em></strong></span> <span class='ocrx_word' id='word_1_621' title='bbox 1413 4199 1583 4268; x_wconf 88' lang='lat' dir='ltr'><strong><em>castitatem,</em></strong></span> <span class='ocrx_word' id='word_1_622' title='bbox 1607 4203 1636 4255; x_wconf 90' lang='lat' dir='ltr'><strong><em>et</em></strong></span> <span class='ocrx_word' id='word_1_623' title='bbox 1664 4199 1843 4272; x_wconf 80' lang='lat' dir='ltr'><strong><em>hujusmodi.</em></strong></span> 
     </span>
     <span class='ocr_line' id='line_1_74' title="bbox 91 4284 1843 4360; baseline -0.003 -11"><span class='ocrx_word' id='word_1_624' title='bbox 91 4294 201 4349; x_wconf 82' lang='lat' dir='ltr'><strong><em>aeternis</em></strong></span> <span class='ocrx_word' id='word_1_625' title='bbox 210 4290 315 4347; x_wconf 89' lang='lat' dir='ltr'><strong><em>turbati</em></strong></span> <span class='ocrx_word' id='word_1_626' title='bbox 327 4292 401 4355; x_wconf 89' lang='lat' dir='ltr'><strong><em>sunt,</em></strong></span> <span class='ocrx_word' id='word_1_627' title='bbox 410 4293 466 4344; x_wconf 89' lang='lat' dir='ltr'><strong><em>etc.</em></strong></span> <span class='ocrx_word' id='word_1_628' title='bbox 499 4287 669 4359; x_wconf 78' lang='lat' dir='ltr'><strong><em>diapsalma.</em></strong></span> <span class='ocrx_word' id='word_1_629' title='bbox 700 4288 847 4344; x_wconf 88' lang='lat' dir='ltr'><strong><em>illuminat</em></strong></span> <span class='ocrx_word' id='word_1_630' title='bbox 859 4290 940 4345; x_wconf 87' lang='lat' dir='ltr'><strong><em>Chri·</em></strong></span> <span class='ocrx_word' id='word_1_631' title='bbox 994 4284 1079 4356; x_wconf 80' lang='lat' dir='ltr'><strong><em>(Cas.)</em></strong></span> <span class='ocrx_word' id='word_1_632' title='bbox 1097 4287 1202 4343; x_wconf 84' lang='lat' dir='ltr'><strong><em>Vocete.</em></strong></span> <span class='ocrx_word' id='word_1_633' title='bbox 1218 4286 1354 4352; x_wconf 75' lang='lat' dir='ltr'><strong><em>Quaedam</em></strong></span> <span class='ocrx_word' id='word_1_634' title='bbox 1369 4293 1446 4355; x_wconf 90' lang='lat' dir='ltr'><strong><em>suut,</em></strong></span> <span class='ocrx_word' id='word_1_635' title='bbox 1475 4303 1540 4359; x_wconf 80' lang='lat' dir='ltr'><strong><em>que</em></strong></span> <span class='ocrx_word' id='word_1_636' title='bbox 1564 4303 1617 4343; x_wconf 88' lang='lat' dir='ltr'><strong><em>nec</em></strong></span> <span class='ocrx_word' id='word_1_637' title='bbox 1639 4289 1843 4360; x_wconf 85' lang='lat' dir='ltr'><strong><em>promittentes</em></strong></span> 
     </span>
     <span class='ocr_line' id='line_1_75' title="bbox 93 4373 1843 4449; baseline -0.001 -13"><span class='ocrx_word' id='word_1_638' title='bbox 93 4387 162 4449; x_wconf 86' lang='lat' dir='ltr'><strong><em>slus,</em></strong></span> <span class='ocrx_word' id='word_1_639' title='bbox 192 4379 300 4436; x_wconf 89' lang='lat' dir='ltr'><strong><em>dormit</em></strong></span> <span class='ocrx_word' id='word_1_640' title='bbox 326 4377 450 4446; x_wconf 79' lang='lat' dir='ltr'><strong><em>tadeus,</em></strong></span> <span class='ocrx_word' id='word_1_641' title='bbox 479 4376 607 4433; x_wconf 89' lang='lat' dir='ltr'><strong><em>Christus</em></strong></span> <span class='ocrx_word' id='word_1_642' title='bbox 632 4376 750 4448; x_wconf 85' lang='lat' dir='ltr'><strong><em>judicat,</em></strong></span> <span class='ocrx_word' id='word_1_643' title='bbox 779 4378 852 4449; x_wconf 91' lang='lat' dir='ltr'><strong><em>perit</em></strong></span> <span class='ocrx_word' id='word_1_644' title='bbox 878 4378 937 4434; x_wconf 90' lang='lat' dir='ltr'><strong><em>ille.</em></strong></span> <span class='ocrx_word' id='word_1_645' title='bbox 992 4373 1764 4449; x_wconf 83' lang='lat' dir='ltr'><strong><em>debemussolvere:ut:Nouoccides,ethujusmodi,</em></strong></span> <span class='ocrx_word' id='word_1_646' title='bbox 1781 4384 1843 4446; x_wconf 78' lang='lat' dir='ltr'><strong><em>etc,</em></strong></span> 
     </span>
     <span class='ocr_line' id='line_1_76' title="bbox 93 4463 1843 4543; baseline -0.002 -18"><span class='ocrx_word' id='word_1_647' title='bbox 93 4469 186 4543; x_wconf 81' lang='lat' dir='ltr'><strong><em>(huo.)</em></strong></span> <span class='ocrx_word' id='word_1_648' title='bbox 200 4470 243 4523; x_wconf 87' lang='lat' dir='ltr'><strong><em>Tu</em></strong></span> <span class='ocrx_word' id='word_1_649' title='bbox 256 4468 406 4534; x_wconf 85' lang='lat' dir='ltr'><strong><em>illuminas,</em></strong></span> <span class='ocrx_word' id='word_1_650' title='bbox 425 4466 474 4521; x_wconf 87' lang='lat' dir='ltr'><strong><em>sed</em></strong></span> <span class='ocrx_word' id='word_1_651' title='bbox 488 4482 541 4537; x_wconf 89' lang='lat' dir='ltr'><strong><em>per</em></strong></span> <span class='ocrx_word' id='word_1_652' title='bbox 563 4470 674 4529; x_wconf 82' lang='lat' dir='ltr'><strong><em>moratas,</em></strong></span> <span class='ocrx_word' id='word_1_653' title='bbox 686 4465 735 4538; x_wconf 90' lang='lat' dir='ltr'><strong><em>qui</em></strong></span> <span class='ocrx_word' id='word_1_654' title='bbox 750 4466 940 4538; x_wconf 90' lang='lat' dir='ltr'><strong><em>priuslumen</em></strong></span> <span class='ocrx_word' id='word_1_655' title='bbox 993 4478 1078 4532; x_wconf 82' lang='lat' dir='ltr'><strong><em>usque</em></strong></span> <span class='ocrx_word' id='word_1_656' title='bbox 1091 4463 1129 4518; x_wconf 86' lang='lat' dir='ltr'><strong><em>acl</em></strong></span> <span class='ocrx_word' id='word_1_657' title='bbox 1154 4464 1204 4535; x_wconf 91' lang='lat' dir='ltr'><strong><em>qui</em></strong></span> <span class='ocrx_word' id='word_1_658' title='bbox 1230 4464 1261 4520; x_wconf 89' lang='lat' dir='ltr'><strong><em>iu</em></strong></span> <span class='ocrx_word' id='word_1_659' title='bbox 1289 4464 1411 4521; x_wconf 91' lang='lat' dir='ltr'><strong><em>circuitu</em></strong></span> <span class='ocrx_word' id='word_1_660' title='bbox 1439 4469 1515 4534; x_wconf 88' lang='lat' dir='ltr'><strong><em>suut,</em></strong></span> <span class='ocrx_word' id='word_1_661' title='bbox 1541 4470 1574 4521; x_wconf 91' lang='lat' dir='ltr'><strong><em>ut</em></strong></span> <span class='ocrx_word' id='word_1_662' title='bbox 1587 4465 1693 4522; x_wconf 80' lang='lat' dir='ltr'><strong><em>famuli</em></strong></span> <span class='ocrx_word' id='word_1_663' title='bbox 1714 4467 1843 4537; x_wconf 82' lang='lat' dir='ltr'><strong><em>offerent,</em></strong></span> 
     </span>
     <span class='ocr_line' id='line_1_77' title="bbox 93 4552 1843 4629; baseline -0.001 -17"><span class='ocrx_word' id='word_1_664' title='bbox 93 4557 303 4629; x_wconf 88' lang='lat' dir='ltr'><strong><em>excipiuntper</em></strong></span> <span class='ocrx_word' id='word_1_665' title='bbox 326 4554 492 4626; x_wconf 87' lang='lat' dir='ltr'><strong><em>Prophetas,</em></strong></span> <span class='ocrx_word' id='word_1_666' title='bbox 521 4553 639 4621; x_wconf 90' lang='lat' dir='ltr'><strong><em>scilicet,</em></strong></span> <span class='ocrx_word' id='word_1_667' title='bbox 665 4554 868 4625; x_wconf 79' lang='lat' dir='ltr'><strong><em>etdpoatolos.</em></strong></span> <span class='ocrx_word' id='word_1_668' title='bbox 884 4552 938 4608; x_wconf 90' lang='lat' dir='ltr'><strong><em>Sed</em></strong></span> <span class='ocrx_word' id='word_1_669' title='bbox 993 4553 1038 4606; x_wconf 88' lang='lat' dir='ltr'><strong><em>vel</em></strong></span> <span class='ocrx_word' id='word_1_670' title='bbox 1069 4552 1203 4623; x_wconf 87' lang='lat' dir='ltr'><strong><em>otleraut,</em></strong></span> <span class='ocrx_word' id='word_1_671' title='bbox 1232 4557 1287 4610; x_wconf 92' lang='lat' dir='ltr'><strong><em>etc.</em></strong></span> <span class='ocrx_word' id='word_1_672' title='bbox 1318 4553 1412 4625; x_wconf 78' lang='lat' dir='ltr'><strong><em>(huo.)</em></strong></span> <span class='ocrx_word' id='word_1_673' title='bbox 1436 4553 1508 4609; x_wconf 90' lang='lat' dir='ltr'><strong><em>Sunt</em></strong></span> <span class='ocrx_word' id='word_1_674' title='bbox 1537 4554 1620 4625; x_wconf 81' lang='lat' dir='ltr'><strong><em>quasi</em></strong></span> <span class='ocrx_word' id='word_1_675' title='bbox 1654 4555 1758 4625; x_wconf 89' lang='lat' dir='ltr'><strong><em>medii,</em></strong></span> <span class='ocrx_word' id='word_1_676' title='bbox 1781 4561 1843 4623; x_wconf 75' lang='lat' dir='ltr'><strong><em>etc,</em></strong></span> 
     </span>
     <span class='ocr_line' id='line_1_78' title="bbox 93 4641 1845 4714; baseline -0.002 -12"><span class='ocrx_word' id='word_1_677' title='bbox 93 4647 129 4702; x_wconf 92' lang='lat' dir='ltr'><strong><em>de</em></strong></span> <span class='ocrx_word' id='word_1_678' title='bbox 142 4643 353 4701; x_wconf 89' lang='lat' dir='ltr'><strong><em>illuminatione</em></strong></span> <span class='ocrx_word' id='word_1_679' title='bbox 361 4644 466 4698; x_wconf 90' lang='lat' dir='ltr'><strong><em>turbati</em></strong></span> <span class='ocrx_word' id='word_1_680' title='bbox 478 4646 541 4698; x_wconf 89' lang='lat' dir='ltr'><strong><em>sunt</em></strong></span> <span class='ocrx_word' id='word_1_681' title='bbox 557 4657 645 4698; x_wconf 89' lang='lat' dir='ltr'><strong><em>omnes</em></strong></span> <span class='ocrx_word' id='word_1_682' title='bbox 669 4644 826 4712; x_wconf 85' lang='lat' dir='ltr'><strong><em>insipientes</em></strong></span> <span class='ocrx_word' id='word_1_683' title='bbox 850 4641 937 4697; x_wconf 87' lang='lat' dir='ltr'><strong><em>corde.</em></strong></span> <span class='ocrx_word' id='word_1_684' title='bbox 993 4654 1078 4709; x_wconf 82' lang='lat' dir='ltr'><strong><em>usque</em></strong></span> <span class='ocrx_word' id='word_1_685' title='bbox 1092 4641 1129 4695; x_wconf 84' lang='lat' dir='ltr'><strong><em>aot</em></strong></span> <span class='ocrx_word' id='word_1_686' title='bbox 1140 4641 1248 4696; x_wconf 87' lang='lat' dir='ltr'><strong><em>hahens</em></strong></span> <span class='ocrx_word' id='word_1_687' title='bbox 1268 4641 1401 4714; x_wconf 88' lang='lat' dir='ltr'><strong><em>spiritum</em></strong></span> <span class='ocrx_word' id='word_1_688' title='bbox 1419 4641 1482 4711; x_wconf 82' lang='lat' dir='ltr'><strong><em>liei,</em></strong></span> <span class='ocrx_word' id='word_1_689' title='bbox 1498 4657 1556 4696; x_wconf 90' lang='lat' dir='ltr'><strong><em>non</em></strong></span> <span class='ocrx_word' id='word_1_690' title='bbox 1570 4641 1753 4714; x_wconf 89' lang='lat' dir='ltr'><strong><em>principum,</em></strong></span> <span class='ocrx_word' id='word_1_691' title='bbox 1770 4643 1845 4700; x_wconf 82' lang='lat' dir='ltr'><strong><em>ideal</em></strong></span> 
     </span>
     <span class='ocr_line' id='line_1_79' title="bbox 94 4729 1843 4804; baseline -0.002 -14"><span class='ocrx_word' id='word_1_692' title='bbox 94 4735 247 4790; x_wconf 78' lang='lat' dir='ltr'><strong><em>premittit</em></strong></span> <span class='ocrx_word' id='word_1_693' title='bbox 257 4734 325 4788; x_wconf 88' lang='lat' dir='ltr'><strong><em>inde</em></strong></span> <span class='ocrx_word' id='word_1_694' title='bbox 341 4748 429 4804; x_wconf 89' lang='lat' dir='ltr'><strong><em>quare</em></strong></span> <span class='ocrx_word' id='word_1_695' title='bbox 448 4732 478 4786; x_wconf 93' lang='lat' dir='ltr'><strong><em>in</em></strong></span> <span class='ocrx_word' id='word_1_696' title='bbox 506 4732 603 4787; x_wconf 84' lang='lat' dir='ltr'><strong><em>tuturo</em></strong></span> <span class='ocrx_word' id='word_1_697' title='bbox 632 4731 779 4800; x_wconf 87' lang='lat' dir='ltr'><strong><em>terribilis,</em></strong></span> <span class='ocrx_word' id='word_1_698' title='bbox 796 4736 849 4786; x_wconf 91' lang='lat' dir='ltr'><strong><em>etc.</em></strong></span> <span class='ocrx_word' id='word_1_699' title='bbox 866 4732 939 4786; x_wconf 86' lang='lat' dir='ltr'><strong><em>Dor-</em></strong></span> <span class='ocrx_word' id='word_1_700' title='bbox 994 4729 1159 4800; x_wconf 86' lang='lat' dir='ltr'><strong><em>superbum.</em></strong></span> <span class='ocrx_word' id='word_1_701' title='bbox 1185 4732 1312 4785; x_wconf 88' lang='lat' dir='ltr'><strong><em>Munera.</em></strong></span> <span class='ocrx_word' id='word_1_702' title='bbox 1340 4730 1404 4803; x_wconf 84' lang='lat' dir='ltr'><strong><em>(ln.)</em></strong></span> <span class='ocrx_word' id='word_1_703' title='bbox 1432 4729 1487 4795; x_wconf 81' lang='lat' dir='ltr'><strong><em>uui</em></strong></span> <span class='ocrx_word' id='word_1_704' title='bbox 1509 4730 1649 4785; x_wconf 89' lang='lat' dir='ltr'><strong><em>altaribus</em></strong></span> <span class='ocrx_word' id='word_1_705' title='bbox 1673 4731 1843 4788; x_wconf 80' lang='lat' dir='ltr'><strong><em>alienantur.</em></strong></span> 
     </span>
     <span class='ocr_line' id='line_1_80' title="bbox 92 4817 1844 4894; baseline -0.001 -16"><span class='ocrx_word' id='word_1_706' title='bbox 92 4825 217 4878; x_wconf 87' lang='lat' dir='ltr'><strong><em>mierunt.</em></strong></span> <span class='ocrx_word' id='word_1_707' title='bbox 234 4822 333 4894; x_wconf 87' lang='lat' dir='ltr'><strong><em>(Cass.)</em></strong></span> <span class='ocrx_word' id='word_1_708' title='bbox 347 4825 370 4876; x_wconf 83' lang='grc' dir='ltr'>Α</span> <span class='ocrx_word' id='word_1_709' title='bbox 389 4820 471 4876; x_wconf 89' lang='lat' dir='ltr'><strong><em>bouis</em></strong></span> <span class='ocrx_word' id='word_1_710' title='bbox 485 4820 601 4874; x_wconf 76' lang='lat' dir='ltr'><strong><em>uternis</em></strong></span> <span class='ocrx_word' id='word_1_711' title='bbox 616 4820 843 4891; x_wconf 81' lang='lat' dir='ltr'><strong><em>refrigescentes,</em></strong></span> <span class='ocrx_word' id='word_1_712' title='bbox 861 4817 940 4873; x_wconf 92' lang='lat' dir='ltr'><strong><em>carui</em></strong></span> <span class='ocrx_word' id='word_1_713' title='bbox 995 4819 1124 4873; x_wconf 82' lang='lat' dir='ltr'><strong><em>Terribili</em></strong></span> <span class='ocrx_word' id='word_1_714' title='bbox 1136 4823 1162 4873; x_wconf 90' lang='lat' dir='ltr'><strong><em>et</em></strong></span> <span class='ocrx_word' id='word_1_715' title='bbox 1172 4821 1197 4874; x_wconf 91' lang='lat' dir='ltr'><strong><em>ei</em></strong></span> <span class='ocrx_word' id='word_1_716' title='bbox 1207 4822 1256 4889; x_wconf 81' lang='lat' dir='ltr'><strong><em>qui</em></strong></span> <span class='ocrx_word' id='word_1_717' title='bbox 1269 4821 1371 4887; x_wconf 71' lang='lat' dir='ltr'><strong><em>aufert.</em></strong></span> <span class='ocrx_word' id='word_1_718' title='bbox 1387 4818 1680 4888; x_wconf 85' lang='lat' dir='ltr'><strong><em>Quemtimeuthoni,</em></strong></span> <span class='ocrx_word' id='word_1_719' title='bbox 1696 4822 1770 4876; x_wconf 84' lang='lat' dir='ltr'><strong><em>mali</em></strong></span> <span class='ocrx_word' id='word_1_720' title='bbox 1782 4835 1844 4875; x_wconf 87' lang='lat' dir='ltr'><strong><em>vero</em></strong></span> 
     </span>
     <span class='ocr_line' id='line_1_81' title="bbox 92 4906 1844 4985; baseline -0.001 -19"><span class='ocrx_word' id='word_1_721' title='bbox 92 4912 305 4985; x_wconf 77' lang='lat' dir='ltr'><strong><em>acquieverunt,</em></strong></span> <span class='ocrx_word' id='word_1_722' title='bbox 320 4911 474 4983; x_wconf 86' lang='lat' dir='ltr'><strong><em>protutura</em></strong></span> <span class='ocrx_word' id='word_1_723' title='bbox 488 4925 547 4964; x_wconf 94' lang='lat' dir='ltr'><strong><em>non</em></strong></span> <span class='ocrx_word' id='word_1_724' title='bbox 560 4909 697 4965; x_wconf 85' lang='lat' dir='ltr'><strong><em>videntes.</em></strong></span> <span class='ocrx_word' id='word_1_725' title='bbox 713 4909 939 4976; x_wconf 86' lang='lat' dir='ltr'><strong><em>Somnumauum,</em></strong></span> <span class='ocrx_word' id='word_1_726' title='bbox 994 4922 1053 4961; x_wconf 91' lang='lat' dir='ltr'><strong><em>non</em></strong></span> <span class='ocrx_word' id='word_1_727' title='bbox 1081 4907 1192 4962; x_wconf 88' lang='lat' dir='ltr'><strong><em>timent.</em></strong></span> <span class='ocrx_word' id='word_1_728' title='bbox 1221 4907 1358 4978; x_wconf 87' lang='lat' dir='ltr'><strong><em>Spiritum</em></strong></span> <span class='ocrx_word' id='word_1_729' title='bbox 1381 4909 1550 4977; x_wconf 85' lang='lat' dir='ltr'><strong><em>principun.</em></strong></span> <span class='ocrx_word' id='word_1_730' title='bbox 1580 4906 1668 4980; x_wconf 84' lang='lat' dir='ltr'><strong><em>(Cas.)</em></strong></span> <span class='ocrx_word' id='word_1_731' title='bbox 1696 4909 1844 4981; x_wconf 77' lang='lat' dir='ltr'><strong><em>Superhia</em></strong></span> 
     </span>
     <span class='ocr_line' id='line_1_82' title="bbox 92 4995 1844 5073; baseline -0.001 -17"><span class='ocrx_word' id='word_1_732' title='bbox 92 5001 143 5073; x_wconf 92' lang='lat' dir='ltr'><strong><em>qui</em></strong></span> <span class='ocrx_word' id='word_1_733' title='bbox 157 5002 272 5056; x_wconf 91' lang='lat' dir='ltr'><strong><em>distata</em></strong></span> <span class='ocrx_word' id='word_1_734' title='bbox 300 5001 396 5073; x_wconf 83' lang='lat' dir='ltr'><strong><em>quiete</em></strong></span> <span class='ocrx_word' id='word_1_735' title='bbox 424 4999 580 5054; x_wconf 90' lang='lat' dir='ltr'><strong><em>honorum:</em></strong></span> <span class='ocrx_word' id='word_1_736' title='bbox 604 4998 673 5069; x_wconf 88' lang='lat' dir='ltr'><strong><em>quia</em></strong></span> <span class='ocrx_word' id='word_1_737' title='bbox 697 4999 750 5054; x_wconf 90' lang='lat' dir='ltr'><strong><em>iste</em></strong></span> <span class='ocrx_word' id='word_1_738' title='bbox 773 4997 859 5052; x_wconf 87' lang='lat' dir='ltr'><strong><em>fallax</em></strong></span> <span class='ocrx_word' id='word_1_739' title='bbox 873 5001 939 5065; x_wconf 73' lang='lat' dir='ltr'><strong><em>est:</em></strong></span> <span class='ocrx_word' id='word_1_740' title='bbox 993 4997 1037 5051; x_wconf 88' lang='lat' dir='ltr'><strong><em>vel</em></strong></span> <span class='ocrx_word' id='word_1_741' title='bbox 1053 4996 1166 5052; x_wconf 88' lang='lat' dir='ltr'><strong><em>timoris</em></strong></span> <span class='ocrx_word' id='word_1_742' title='bbox 1181 4997 1264 5064; x_wconf 89' lang='lat' dir='ltr'><strong><em>tollit,</em></strong></span> <span class='ocrx_word' id='word_1_743' title='bbox 1282 4996 1392 5053; x_wconf 79' lang='lat' dir='ltr'><strong><em>etfacit</em></strong></span> <span class='ocrx_word' id='word_1_744' title='bbox 1405 5012 1488 5051; x_wconf 90' lang='lat' dir='ltr'><strong><em>renes</em></strong></span> <span class='ocrx_word' id='word_1_745' title='bbox 1506 4995 1559 5063; x_wconf 87' lang='lat' dir='ltr'><strong><em>sui,</em></strong></span> <span class='ocrx_word' id='word_1_746' title='bbox 1577 4996 1630 5067; x_wconf 86' lang='lat' dir='ltr'><strong><em>qui</em></strong></span> <span class='ocrx_word' id='word_1_747' title='bbox 1640 5012 1750 5070; x_wconf 89' lang='lat' dir='ltr'><strong><em>eorpus</em></strong></span> <span class='ocrx_word' id='word_1_748' title='bbox 1765 5014 1844 5055; x_wconf 85' lang='lat' dir='ltr'><strong><em>snum</em></strong></span> 
     </span>
     <span class='ocr_line' id='line_1_83' title="bbox 91 5086 1194 5161; baseline -0.004 -17"><span class='ocrx_word' id='word_1_749' title='bbox 91 5090 218 5144; x_wconf 87' lang='lat' dir='ltr'><strong><em>videntes</em></strong></span> <span class='ocrx_word' id='word_1_750' title='bbox 246 5105 298 5161; x_wconf 88' lang='lat' dir='ltr'><strong><em>per</em></strong></span> <span class='ocrx_word' id='word_1_751' title='bbox 322 5088 469 5143; x_wconf 90' lang='lat' dir='ltr'><strong><em>somnium</em></strong></span> <span class='ocrx_word' id='word_1_752' title='bbox 498 5103 528 5143; x_wconf 92' lang='lat' dir='ltr'><strong><em>se</em></strong></span> <span class='ocrx_word' id='word_1_753' title='bbox 559 5087 664 5142; x_wconf 82' lang='lat' dir='ltr'><strong><em>hahere</em></strong></span> <span class='ocrx_word' id='word_1_754' title='bbox 691 5086 850 5154; x_wconf 87' lang='lat' dir='ltr'><strong><em>thesauros,</em></strong></span> <span class='ocrx_word' id='word_1_755' title='bbox 870 5086 940 5141; x_wconf 90' lang='lat' dir='ltr'><strong><em>dum</em></strong></span> <span class='ocrx_word' id='word_1_756' title='bbox 995 5086 1194 5141; x_wconf 88' lang='lat' dir='ltr'><strong><em>moderantur.</em></strong></span> 
     </span>
    </p>
   </div>
   <div class='ocr_carea' id='block_1_13' title="bbox 92 5155 1585 5250">
    <p class='ocr_par' dir='ltr' id='par_1_21' title="bbox 92 5155 1585 5250">
     <span class='ocr_line' id='line_1_84' title="bbox 92 5155 1585 5250; baseline -0.008 -18"><span class='ocrx_word' id='word_1_757' title='bbox 92 5177 229 5250; x_wconf 89' lang='lat' dir='ltr'><strong><em>evigilant</em></strong></span> <span class='ocrx_word' id='word_1_758' title='bbox 240 5177 313 5234; x_wconf 92' lang='lat' dir='ltr'><strong><em>nihil</em></strong></span> <span class='ocrx_word' id='word_1_759' title='bbox 322 5178 482 5244; x_wconf 91' lang='lat' dir='ltr'><strong><em>inveniunt,</em></strong></span> <span class='ocrx_word' id='word_1_760' title='bbox 493 5177 647 5232; x_wconf 90' lang='lat' dir='ltr'><strong><em>undedicit</em></strong></span> <span class='ocrx_word' id='word_1_761' title='bbox 663 5193 670 5231; x_wconf 75' lang='grc' dir='ltr'><strong><em>ε</em></strong></span> <span class='ocrx_word' id='word_1_762' title='bbox 700 5180 735 5231; x_wconf 82' lang='lat' dir='ltr'><strong><em>ne</em></strong></span> <span class='ocrx_word' id='word_1_763' title='bbox 749 5177 820 5230; x_wconf 86' lang='lat' dir='ltr'><strong><em>nibil</em></strong></span> <span class='ocrx_word' id='word_1_764' title='bbox 832 5177 940 5230; x_wconf 89' lang='lat' dir='ltr'><strong><em>inuene-</em></strong></span> <span class='ocrx_word' id='word_1_765' title='bbox 1293 5155 1451 5213; x_wconf 65' lang='lat' dir='ltr'><strong>PSALMUS</strong></span> <span class='ocrx_word' id='word_1_766' title='bbox 1475 5156 1585 5212; x_wconf 74' lang='lat' dir='ltr'><strong>LXXVI·</strong></span> 
     </span>
    </p>
   </div>
   <div class='ocr_carea' id='block_1_14' title="bbox 91 5232 1847 5605">
    <p class='ocr_par' dir='ltr' id='par_1_22' title="bbox 91 5232 1847 5605">
     <span class='ocr_line' id='line_1_85' title="bbox 91 5232 1846 5338; baseline 0.001 -19"><span class='ocrx_word' id='word_1_767' title='bbox 91 5269 158 5319; x_wconf 89' lang='lat' dir='ltr'><strong><em>runt</em></strong></span> <span class='ocrx_word' id='word_1_768' title='bbox 171 5280 258 5321; x_wconf 86' lang='lat' dir='ltr'><strong><em>ornnes</em></strong></span> <span class='ocrx_word' id='word_1_769' title='bbox 272 5266 329 5321; x_wconf 87' lang='lat' dir='ltr'><strong><em>oiri</em></strong></span> <span class='ocrx_word' id='word_1_770' title='bbox 353 5264 525 5321; x_wconf 87' lang='lat' dir='ltr'><strong><em>diuitiarum.</em></strong></span> <span class='ocrx_word' id='word_1_771' title='bbox 553 5263 686 5319; x_wconf 85' lang='lat' dir='ltr'><strong><em>Definitio</em></strong></span> <span class='ocrx_word' id='word_1_772' title='bbox 711 5278 872 5319; x_wconf 82' lang='lat' dir='ltr'><strong><em>avarorum.</em></strong></span> <span class='ocrx_word' id='word_1_773' title='bbox 887 5264 939 5321; x_wconf 86' lang='lat' dir='ltr'><strong><em>Ni·</em></strong></span> <span class='ocrx_word' id='word_1_774' title='bbox 1028 5262 1113 5316; x_wconf 83' lang='lat' dir='ltr'><strong><em>Vaas.</em></strong></span> <span class='ocrx_word' id='word_1_775' title='bbox 1128 5266 1155 5317; x_wconf 93' lang='grc'><strong><em>1.</em></strong></span> <span class='ocrx_word' id='word_1_776' title='bbox 1170 5292 1205 5303; x_wconf 90' lang='grc'><strong>-</strong></span> <span class='ocrx_word' id='word_1_777' title='bbox 1219 5264 1256 5317; x_wconf 92' lang='lat' dir='ltr'><strong><em>In</em></strong></span> <span class='ocrx_word' id='word_1_778' title='bbox 1277 5264 1356 5332; x_wconf 65' lang='grc' dir='ltr'><em>Μ</em></span> <span class='ocrx_word' id='word_1_779' title='bbox 1372 5279 1425 5334; x_wconf 88' lang='lat' dir='ltr'><strong><em>pro</em></strong></span> <span class='ocrx_word' id='word_1_780' title='bbox 1447 5232 1577 5318; x_wconf 72' lang='lat' dir='ltr'><strong><em>idithum.</em></strong></span> <span class='ocrx_word' id='word_1_781' title='bbox 1603 5262 1700 5334; x_wconf 79' lang='lat' dir='ltr'><strong><em>(Auo.)</em></strong></span> <span class='ocrx_word' id='word_1_782' title='bbox 1720 5264 1846 5338; x_wconf 78' lang='lat' dir='ltr'><strong><em>Congre-</em></strong></span> 
     </span>
     <span class='ocr_line' id='line_1_86' title="bbox 93 5349 1845 5426; baseline 0.001 -19"><span class='ocrx_word' id='word_1_783' title='bbox 93 5353 133 5407; x_wconf 89' lang='lat' dir='ltr'><strong><em>bil</em></strong></span> <span class='ocrx_word' id='word_1_784' title='bbox 159 5355 328 5411; x_wconf 85' lang='lat' dir='ltr'><strong><em>inuenerunt.</em></strong></span> <span class='ocrx_word' id='word_1_785' title='bbox 356 5355 429 5420; x_wconf 81' lang='lat' dir='ltr'><strong><em>Quia</em></strong></span> <span class='ocrx_word' id='word_1_786' title='bbox 454 5354 527 5410; x_wconf 89' lang='lat' dir='ltr'><strong><em>nihil</em></strong></span> <span class='ocrx_word' id='word_1_787' title='bbox 559 5357 718 5425; x_wconf 88' lang='lat' dir='ltr'><strong><em>posuerunt</em></strong></span> <span class='ocrx_word' id='word_1_788' title='bbox 746 5354 779 5409; x_wconf 91' lang='lat' dir='ltr'><strong><em>in</em></strong></span> <span class='ocrx_word' id='word_1_789' title='bbox 806 5351 940 5407; x_wconf 86' lang='lat' dir='ltr'><strong><em>manibus</em></strong></span> <span class='ocrx_word' id='word_1_790' title='bbox 994 5349 1085 5422; x_wconf 88' lang='lat' dir='ltr'><strong><em>gratio</em></strong></span> <span class='ocrx_word' id='word_1_791' title='bbox 1100 5350 1408 5423; x_wconf 85' lang='lat' dir='ltr'><strong><em>loquiturtransiliens,</em></strong></span> <span class='ocrx_word' id='word_1_792' title='bbox 1422 5355 1456 5406; x_wconf 87' lang='lat' dir='ltr'><strong><em>ut</em></strong></span> <span class='ocrx_word' id='word_1_793' title='bbox 1471 5351 1619 5422; x_wconf 88' lang='lat' dir='ltr'><strong><em>perveniat</em></strong></span> <span class='ocrx_word' id='word_1_794' title='bbox 1633 5351 1845 5426; x_wconf 73' lang='lat' dir='ltr'><strong><em>adfinemqai</em></strong></span> 
     </span>
     <span class='ocr_line' id='line_1_87' title="bbox 92 5439 1845 5516; baseline 0.002 -21"><span class='ocrx_word' id='word_1_795' title='bbox 92 5439 208 5508; x_wconf 81' lang='lat' dir='ltr'><strong><em>Christi,</em></strong></span> <span class='ocrx_word' id='word_1_796' title='bbox 225 5442 275 5513; x_wconf 91' lang='lat' dir='ltr'><strong><em>qui</em></strong></span> <span class='ocrx_word' id='word_1_797' title='bbox 288 5443 376 5499; x_wconf 91' lang='lat' dir='ltr'><strong><em>dicit:</em></strong></span> <span class='ocrx_word' id='word_1_798' title='bbox 392 5444 519 5510; x_wconf 79' lang='lat' dir='ltr'><strong><em>Esuriui,</em></strong></span> <span class='ocrx_word' id='word_1_799' title='bbox 537 5448 589 5498; x_wconf 90' lang='lat' dir='ltr'><strong><em>etc.</em></strong></span> <span class='ocrx_word' id='word_1_800' title='bbox 608 5443 705 5516; x_wconf 79' lang='lat' dir='ltr'><strong><em>(Rau.)</em></strong></span> <span class='ocrx_word' id='word_1_801' title='bbox 719 5444 752 5499; x_wconf 92' lang='lat' dir='ltr'><strong><em>ln</em></strong></span> <span class='ocrx_word' id='word_1_802' title='bbox 765 5441 940 5514; x_wconf 87' lang='lat' dir='ltr'><strong><em>pauperihus</em></strong></span> <span class='ocrx_word' id='word_1_803' title='bbox 994 5444 1038 5495; x_wconf 90' lang='lat' dir='ltr'><strong><em>est</em></strong></span> <span class='ocrx_word' id='word_1_804' title='bbox 1060 5439 1198 5495; x_wconf 86' lang='lat' dir='ltr'><strong><em>Christus.</em></strong></span> <span class='ocrx_word' id='word_1_805' title='bbox 1237 5441 1323 5496; x_wconf 85' lang='lat' dir='ltr'><strong><em>Docet</em></strong></span> <span class='ocrx_word' id='word_1_806' title='bbox 1345 5440 1434 5512; x_wconf 90' lang='lat' dir='ltr'><strong><em>igitur</em></strong></span> <span class='ocrx_word' id='word_1_807' title='bbox 1473 5440 1670 5496; x_wconf 77' lang='lat' dir='ltr'><strong><em>desideriunt</em></strong></span> <span class='ocrx_word' id='word_1_808' title='bbox 1696 5441 1845 5499; x_wconf 77' lang='lat' dir='ltr'><strong><em>illecebras</em></strong></span> 
     </span>
     <span class='ocr_line' id='line_1_88' title="bbox 91 5528 1847 5605; baseline 0 -19"><span class='ocrx_word' id='word_1_809' title='bbox 91 5544 218 5601; x_wconf 88' lang='lat' dir='ltr'><strong><em>namque</em></strong></span> <span class='ocrx_word' id='word_1_810' title='bbox 230 5530 340 5596; x_wconf 89' lang='lat' dir='ltr'><strong><em>esuriit,</em></strong></span> <span class='ocrx_word' id='word_1_811' title='bbox 355 5532 406 5605; x_wconf 86' lang='lat' dir='ltr'><strong><em>qui</em></strong></span> <span class='ocrx_word' id='word_1_812' title='bbox 421 5533 452 5588; x_wconf 92' lang='lat' dir='ltr'><strong><em>in</em></strong></span> <span class='ocrx_word' id='word_1_813' title='bbox 467 5532 537 5588; x_wconf 88' lang='lat' dir='ltr'><strong><em>coelo</em></strong></span> <span class='ocrx_word' id='word_1_814' title='bbox 562 5533 639 5588; x_wconf 89' lang='lat' dir='ltr'><strong><em>dives</em></strong></span> <span class='ocrx_word' id='word_1_815' title='bbox 653 5536 708 5588; x_wconf 88' lang='lat' dir='ltr'><strong><em>est.</em></strong></span> <span class='ocrx_word' id='word_1_816' title='bbox 742 5533 804 5589; x_wconf 80' lang='lat' dir='ltr'><strong><em>Viri</em></strong></span> <span class='ocrx_word' id='word_1_817' title='bbox 825 5529 940 5587; x_wconf 85' lang='lat' dir='ltr'><strong><em>diuitia-</em></strong></span> <span class='ocrx_word' id='word_1_818' title='bbox 994 5529 1096 5583; x_wconf 88' lang='lat' dir='ltr'><strong><em>mundi</em></strong></span> <span class='ocrx_word' id='word_1_819' title='bbox 1110 5529 1229 5601; x_wconf 84' lang='lat' dir='ltr'><strong><em>calcare,</em></strong></span> <span class='ocrx_word' id='word_1_820' title='bbox 1244 5528 1575 5602; x_wconf 84' lang='lat' dir='ltr'><strong><em>nihilsihipneponere,</em></strong></span> <span class='ocrx_word' id='word_1_821' title='bbox 1590 5529 1648 5585; x_wconf 89' lang='lat' dir='ltr'><strong><em>nisi</em></strong></span> <span class='ocrx_word' id='word_1_822' title='bbox 1661 5543 1769 5605; x_wconf 85' lang='lat' dir='ltr'><strong><em>eano</em></strong></span> <span class='ocrx_word' id='word_1_823' title='bbox 1783 5536 1847 5587; x_wconf 83' lang='lat' dir='ltr'><strong><em>sual</em></strong></span> 
     </span>
    </p>
   </div>
   <div class='ocr_carea' id='block_1_15' title="bbox 0 0 1950 6100">
    <p class='ocr_par' dir='ltr' id='par_1_23' title="bbox 0 0 1950 6100">
     <span class='ocr_line' id='line_1_89' title="bbox 0 0 1950 6100; baseline 0 0"><span class='ocrx_word' id='word_1_824' title='bbox 0 0 1950 6100; x_wconf 95' lang='lat' dir='ltr'><strong><em> </em></strong></span> 
     </span>
    </p>
   </div>
  </div>
 </body>
</html>
