<?xml version="1.0" encoding="UTF-8"?>
<!DOCTYPE html PUBLIC "-//W3C//DTD XHTML 1.0 Transitional//EN"
    "http://www.w3.org/TR/xhtml1/DTD/xhtml1-transitional.dtd">
<html xmlns="http://www.w3.org/1999/xhtml" xml:lang="en" lang="en">
 <head>
  <title>
</title>
<meta http-equiv="Content-Type" content="text/html;charset=utf-8" />
  <meta name='ocr-system' content='tesseract 3.04.00' />
  <meta name='ocr-capabilities' content='ocr_page ocr_carea ocr_par ocr_line ocrx_word'/>
</head>
<body>
  <div class='ocr_page' id='page_1' title='image "./patrologiaecurs04migngoog_0303.png"; bbox 0 0 3892 6106; ppageno 0'>
   <div class='ocr_carea' id='block_1_1' title="bbox 398 180 1847 242">
    <p class='ocr_par' dir='ltr' id='par_1_1' title="bbox 398 180 1847 242">
     <span class='ocr_line' id='line_1_1' title="bbox 398 180 1847 242; baseline 0.001 -8"><span class='ocrx_word' id='word_1_1' title='bbox 398 180 596 236; x_wconf 78' lang='lat' dir='ltr'><strong>wtttt&#39;titnt</strong></span> <span class='ocrx_word' id='word_1_2' title='bbox 615 181 738 238; x_wconf 77' lang='lat' dir='ltr'><strong>sturni</strong></span> <span class='ocrx_word' id='word_1_3' title='bbox 758 183 855 238; x_wconf 78' lang='lat' dir='ltr'><strong>uuio.</strong></span> <span class='ocrx_word' id='word_1_4' title='bbox 877 180 962 239; x_wconf 83' lang='grc' dir='ltr'><strong>ΜΟΝ.</strong></span> <span class='ocrx_word' id='word_1_5' title='bbox 983 183 1057 242; x_wconf 82' lang='lat' dir='ltr'><strong>OPP.</strong></span> <span class='ocrx_word' id='word_1_6' title='bbox 1079 185 1166 240; x_wconf 75' lang='lat' dir='ltr'><strong>ritis</strong></span> <span class='ocrx_word' id='word_1_7' title='bbox 1184 185 1206 240; x_wconf 87' lang='lat' dir='ltr'><strong>l.</strong></span> <span class='ocrx_word' id='word_1_8' title='bbox 1227 214 1261 222; x_wconf 93' lang='lat'>-</span> <span class='ocrx_word' id='word_1_9' title='bbox 1281 182 1507 240; x_wconf 77' lang='lat' dir='ltr'><strong>Tnuoioulct.</strong></span> <span class='ocrx_word' id='word_1_10' title='bbox 1796 185 1847 241; x_wconf 67' lang='lat' dir='ltr'><strong>illd</strong></span> 
     </span>
    </p>
   </div>
   <div class='ocr_carea' id='block_1_2' title="bbox 90 301 1850 820">
    <p class='ocr_par' dir='ltr' id='par_1_2' title="bbox 90 301 1847 464">
     <span class='ocr_line' id='line_1_2' title="bbox 90 301 1847 376; baseline -0.001 -16"><span class='ocrx_word' id='word_1_11' title='bbox 90 303 210 376; x_wconf 88' lang='lat' dir='ltr'><strong>triginta</strong></span> <span class='ocrx_word' id='word_1_12' title='bbox 224 303 386 360; x_wconf 91' lang='lat' dir='ltr'><strong>cubitorum</strong></span> <span class='ocrx_word' id='word_1_13' title='bbox 410 307 464 369; x_wconf 84' lang='lat' dir='ltr'><strong>est,</strong></span> <span class='ocrx_word' id='word_1_14' title='bbox 481 302 635 375; x_wconf 83' lang='lat' dir='ltr'>quinquies</span> <span class='ocrx_word' id='word_1_15' title='bbox 653 302 730 357; x_wconf 91' lang='lat' dir='ltr'><strong>enim</strong></span> <span class='ocrx_word' id='word_1_16' title='bbox 746 302 807 358; x_wconf 88' lang='lat' dir='ltr'><strong>seui</strong></span> <span class='ocrx_word' id='word_1_17' title='bbox 822 303 940 375; x_wconf 87' lang='lat' dir='ltr'><strong>triginta</strong></span> <span class='ocrx_word' id='word_1_18' title='bbox 953 305 977 359; x_wconf 79' lang='grc' dir='ltr'><strong>Α</strong></span> <span class='ocrx_word' id='word_1_19' title='bbox 995 319 1155 376; x_wconf 84' lang='lat' dir='ltr'><strong>eorumque</strong></span> <span class='ocrx_word' id='word_1_20' title='bbox 1170 319 1355 370; x_wconf 85' lang='lat' dir='ltr'><strong>successores,</strong></span> <span class='ocrx_word' id='word_1_21' title='bbox 1370 303 1532 374; x_wconf 85' lang='lat' dir='ltr'><strong>injunctum</strong></span> <span class='ocrx_word' id='word_1_22' title='bbox 1547 302 1603 358; x_wconf 87' lang='lat' dir='ltr'><strong>sibi</strong></span> <span class='ocrx_word' id='word_1_23' title='bbox 1621 301 1768 375; x_wconf 76' lang='lat' dir='ltr'>Evangelii</span> <span class='ocrx_word' id='word_1_24' title='bbox 1784 304 1847 359; x_wconf 84' lang='lat' dir='ltr'><strong>olil-</strong></span> 
     </span>
     <span class='ocr_line' id='line_1_3' title="bbox 91 391 1529 464; baseline -0.001 -17"><span class='ocrx_word' id='word_1_25' title='bbox 91 391 212 447; x_wconf 79' lang='lat' dir='ltr'><strong>lacinut.</strong></span> <span class='ocrx_word' id='word_1_26' title='bbox 229 391 347 447; x_wconf 88' lang='lat' dir='ltr'><strong>Senario</strong></span> <span class='ocrx_word' id='word_1_27' title='bbox 373 396 469 445; x_wconf 86' lang='lat' dir='ltr'><strong>nutem</strong></span> <span class='ocrx_word' id='word_1_28' title='bbox 494 392 525 444; x_wconf 92' lang='lat' dir='ltr'><strong>in</strong></span> <span class='ocrx_word' id='word_1_29' title='bbox 549 406 606 462; x_wconf 92' lang='lat' dir='ltr'><strong>quo</strong></span> <span class='ocrx_word' id='word_1_30' title='bbox 631 391 768 444; x_wconf 83' lang='lat' dir='ltr'><strong>Dominus</strong></span> <span class='ocrx_word' id='word_1_31' title='bbox 794 391 941 445; x_wconf 88' lang='lat' dir='ltr'><strong>hominem</strong></span> <span class='ocrx_word' id='word_1_32' title='bbox 996 392 1071 446; x_wconf 91' lang='lat' dir='ltr'><strong>cium</strong></span> <span class='ocrx_word' id='word_1_33' title='bbox 1084 396 1217 464; x_wconf 86' lang='lat' dir='ltr'><strong>prompta</strong></span> <span class='ocrx_word' id='word_1_34' title='bbox 1232 391 1383 447; x_wconf 86' lang='lat' dir='ltr'><strong>devotione</strong></span> <span class='ocrx_word' id='word_1_35' title='bbox 1397 391 1529 462; x_wconf 91' lang='lat' dir='ltr'><strong>implent.</strong></span> 
     </span>
    </p>

    <p class='ocr_par' dir='ltr' id='par_1_3' title="bbox 92 478 1850 820">
     <span class='ocr_line' id='line_1_4' title="bbox 92 478 1850 552; baseline -0.002 -16"><span class='ocrx_word' id='word_1_36' title='bbox 92 481 168 546; x_wconf 86' lang='lat' dir='ltr'><strong>lacit,</strong></span> <span class='ocrx_word' id='word_1_37' title='bbox 185 497 252 536; x_wconf 93' lang='lat' dir='ltr'><strong>cum</strong></span> <span class='ocrx_word' id='word_1_38' title='bbox 268 497 326 535; x_wconf 92' lang='lat' dir='ltr'><strong>nori</strong></span> <span class='ocrx_word' id='word_1_39' title='bbox 340 485 424 545; x_wconf 86' lang='lat' dir='ltr'><strong>esset,</strong></span> <span class='ocrx_word' id='word_1_40' title='bbox 448 485 476 533; x_wconf 90' lang='lat' dir='ltr'><strong>et</strong></span> <span class='ocrx_word' id='word_1_41' title='bbox 499 479 598 533; x_wconf 76' lang='lat' dir='ltr'><strong>refecit</strong></span> <span class='ocrx_word' id='word_1_42' title='bbox 612 495 677 533; x_wconf 91' lang='lat' dir='ltr'><strong>cuin</strong></span> <span class='ocrx_word' id='word_1_43' title='bbox 701 478 840 550; x_wconf 88' lang='lat' dir='ltr'><strong>periisset,</strong></span> <span class='ocrx_word' id='word_1_44' title='bbox 867 481 942 535; x_wconf 93' lang='lat' dir='ltr'><strong>hona</strong></span> <span class='ocrx_word' id='word_1_45' title='bbox 1032 483 1173 552; x_wconf 76' lang='lat' dir='ltr'><strong>Equitius</strong></span> <span class='ocrx_word' id='word_1_46' title='bbox 1200 487 1263 536; x_wconf 85' lang='lat' dir='ltr'><strong>tres.</strong></span> <span class='ocrx_word' id='word_1_47' title='bbox 1293 481 1365 547; x_wconf 80' lang='lat' dir='ltr'><strong>Ouia</strong></span> <span class='ocrx_word' id='word_1_48' title='bbox 1391 480 1421 534; x_wconf 96' lang='lat' dir='ltr'><strong>iu</strong></span> <span class='ocrx_word' id='word_1_49' title='bbox 1445 479 1587 535; x_wconf 74' lang='lat' dir='ltr'><strong>universis</strong></span> <span class='ocrx_word' id='word_1_50' title='bbox 1614 478 1748 552; x_wconf 73' lang='lat' dir='ltr'><strong>quadrati</strong></span> <span class='ocrx_word' id='word_1_51' title='bbox 1774 479 1850 534; x_wconf 89' lang='lat' dir='ltr'><strong>orbis</strong></span> 
     </span>
     <span class='ocr_line' id='line_1_5' title="bbox 93 567 1850 645; baseline -0.002 -20"><span class='ocrx_word' id='word_1_52' title='bbox 93 570 224 642; x_wconf 88' lang='lat' dir='ltr'><strong>operatio</strong></span> <span class='ocrx_word' id='word_1_53' title='bbox 237 575 335 624; x_wconf 84' lang='lat' dir='ltr'><strong>nostre</strong></span> <span class='ocrx_word' id='word_1_54' title='bbox 349 569 500 640; x_wconf 88' lang='lat' dir='ltr'><strong>liguratur.</strong></span> <span class='ocrx_word' id='word_1_55' title='bbox 521 568 555 622; x_wconf 90' lang='lat' dir='ltr'><strong>Et</strong></span> <span class='ocrx_word' id='word_1_56' title='bbox 569 584 617 622; x_wconf 87' lang='lat' dir='ltr'><strong>sex</strong></span> <span class='ocrx_word' id='word_1_57' title='bbox 634 583 686 639; x_wconf 90' lang='lat' dir='ltr'><strong>per</strong></span> <span class='ocrx_word' id='word_1_58' title='bbox 701 567 828 639; x_wconf 88' lang='lat' dir='ltr'><strong>quinqua</strong></span> <span class='ocrx_word' id='word_1_59' title='bbox 842 569 942 623; x_wconf 88' lang='lat' dir='ltr'><strong>multi·</strong></span> <span class='ocrx_word' id='word_1_60' title='bbox 997 571 1127 645; x_wconf 83' lang='lat' dir='ltr'><strong>partibus</strong></span> <span class='ocrx_word' id='word_1_61' title='bbox 1155 570 1241 625; x_wconf 85' lang='lat' dir='ltr'><strong>tidem</strong></span> <span class='ocrx_word' id='word_1_62' title='bbox 1266 569 1423 641; x_wconf 73' lang='lat' dir='ltr'><strong>predicant</strong></span> <span class='ocrx_word' id='word_1_63' title='bbox 1445 568 1601 624; x_wconf 80' lang='lat' dir='ltr'>Trinitatis.</span> <span class='ocrx_word' id='word_1_64' title='bbox 1632 568 1705 623; x_wconf 84' lang='lat' dir='ltr'><strong>Hinc</strong></span> <span class='ocrx_word' id='word_1_65' title='bbox 1734 584 1850 640; x_wconf 87' lang='lat' dir='ltr'><strong>quoque</strong></span> 
     </span>
     <span class='ocr_line' id='line_1_6' title="bbox 93 655 1848 731; baseline -0.001 -18"><span class='ocrx_word' id='word_1_66' title='bbox 93 659 247 731; x_wconf 78' lang='lat' dir='ltr'><strong>plicamur,</strong></span> <span class='ocrx_word' id='word_1_67' title='bbox 263 658 342 713; x_wconf 89' lang='lat' dir='ltr'><strong>ulad</strong></span> <span class='ocrx_word' id='word_1_68' title='bbox 357 657 476 728; x_wconf 88' lang='lat' dir='ltr'><strong>triginta</strong></span> <span class='ocrx_word' id='word_1_69' title='bbox 490 655 669 727; x_wconf 81' lang='lat' dir='ltr'><strong>perveniunt,</strong></span> <span class='ocrx_word' id='word_1_70' title='bbox 684 673 749 711; x_wconf 91' lang='lat' dir='ltr'><strong>cuni</strong></span> <span class='ocrx_word' id='word_1_71' title='bbox 762 673 862 712; x_wconf 90' lang='lat' dir='ltr'><strong>omues</strong></span> <span class='ocrx_word' id='word_1_72' title='bbox 877 673 944 711; x_wconf 90' lang='lat' dir='ltr'><strong>cor·</strong></span> <span class='ocrx_word' id='word_1_73' title='bbox 998 659 1119 731; x_wconf 90' lang='lat' dir='ltr'><strong>apostoli</strong></span> <span class='ocrx_word' id='word_1_74' title='bbox 1135 659 1296 723; x_wconf 76' lang='lat' dir='ltr'><strong>deod-um,</strong></span> <span class='ocrx_word' id='word_1_75' title='bbox 1314 659 1339 713; x_wconf 90' lang='lat' dir='ltr'><strong>id</strong></span> <span class='ocrx_word' id='word_1_76' title='bbox 1363 664 1406 713; x_wconf 90' lang='lat' dir='ltr'><strong>est</strong></span> <span class='ocrx_word' id='word_1_77' title='bbox 1420 662 1521 730; x_wconf 77' lang='lat' dir='ltr'><strong>quieter</strong></span> <span class='ocrx_word' id='word_1_78' title='bbox 1535 657 1609 712; x_wconf 87' lang='lat' dir='ltr'><strong>terni</strong></span> <span class='ocrx_word' id='word_1_79' title='bbox 1625 662 1693 712; x_wconf 89' lang='lat' dir='ltr'><strong>suut</strong></span> <span class='ocrx_word' id='word_1_80' title='bbox 1706 657 1801 723; x_wconf 87' lang='lat' dir='ltr'><strong>electi,</strong></span> <span class='ocrx_word' id='word_1_81' title='bbox 1818 664 1848 712; x_wconf 89' lang='lat' dir='ltr'><strong>ut</strong></span> 
     </span>
     <span class='ocr_line' id='line_1_7' title="bbox 95 745 1850 820; baseline -0.001 -18"><span class='ocrx_word' id='word_1_82' title='bbox 95 748 174 820; x_wconf 90' lang='lat' dir='ltr'><strong>poris</strong></span> <span class='ocrx_word' id='word_1_83' title='bbox 188 762 287 802; x_wconf 87' lang='lat' dir='ltr'><strong>seusus</strong></span> <span class='ocrx_word' id='word_1_84' title='bbox 299 747 402 802; x_wconf 86' lang='lat' dir='ltr'><strong>divinis</strong></span> <span class='ocrx_word' id='word_1_85' title='bbox 417 746 629 816; x_wconf 85' lang='lat' dir='ltr'><strong>subjungantur</strong></span> <span class='ocrx_word' id='word_1_86' title='bbox 643 745 782 816; x_wconf 90' lang='lat' dir='ltr'><strong>iiiiperiis.</strong></span> <span class='ocrx_word' id='word_1_87' title='bbox 998 748 1084 803; x_wconf 89' lang='lat' dir='ltr'><strong>tidem</strong></span> <span class='ocrx_word' id='word_1_88' title='bbox 1104 753 1131 803; x_wconf 88' lang='lat' dir='ltr'><strong>et</strong></span> <span class='ocrx_word' id='word_1_89' title='bbox 1151 749 1359 802; x_wconf 67' lang='lat' dir='ltr'><strong>contessionem</strong></span> <span class='ocrx_word' id='word_1_90' title='bbox 1374 747 1520 802; x_wconf 78' lang='lat' dir='ltr'><strong>Trinitatis</strong></span> <span class='ocrx_word' id='word_1_91' title='bbox 1535 763 1586 819; x_wconf 87' lang='lat' dir='ltr'><strong>per</strong></span> <span class='ocrx_word' id='word_1_92' title='bbox 1610 752 1736 818; x_wconf 91' lang='lat' dir='ltr'><strong>quatuor</strong></span> <span class='ocrx_word' id='word_1_93' title='bbox 1751 747 1850 802; x_wconf 86' lang='lat' dir='ltr'><strong>muudi</strong></span> 
     </span>
    </p>
   </div>
   <div class='ocr_carea' id='block_1_3' title="bbox 96 835 1850 1286">
    <p class='ocr_par' dir='ltr' id='par_1_4' title="bbox 96 835 1850 1286">
     <span class='ocr_line' id='line_1_8' title="bbox 131 835 1848 936; baseline 0.01 -18"><span class='ocrx_word' id='word_1_94' title='bbox 131 864 221 918; x_wconf 81' lang='lat' dir='ltr'><strong>Aliter</strong></span> <span class='ocrx_word' id='word_1_95' title='bbox 246 867 313 917; x_wconf 89' lang='lat' dir='ltr'><strong>:ter</strong></span> <span class='ocrx_word' id='word_1_96' title='bbox 332 861 399 916; x_wconf 89' lang='lat' dir='ltr'><strong>deni</strong></span> <span class='ocrx_word' id='word_1_97' title='bbox 415 860 524 916; x_wconf 82' lang='lat' dir='ltr'><strong>leniunt</strong></span> <span class='ocrx_word' id='word_1_98' title='bbox 538 860 666 931; x_wconf 90' lang='lat' dir='ltr'><strong>triginta,</strong></span> <span class='ocrx_word' id='word_1_99' title='bbox 684 865 713 915; x_wconf 91' lang='lat' dir='ltr'><strong>et</strong></span> <span class='ocrx_word' id='word_1_100' title='bbox 735 877 826 931; x_wconf 90' lang='lat' dir='ltr'><strong>genus</strong></span> <span class='ocrx_word' id='word_1_101' title='bbox 840 862 944 917; x_wconf 89' lang='lat' dir='ltr'><strong>huma·</strong></span> <span class='ocrx_word' id='word_1_102' title='bbox 998 837 1097 936; x_wconf 29' lang='lat'><strong>9¹³⁸&amp;</strong></span> <span class='ocrx_word' id='word_1_103' title='bbox 1121 835 1359 935; x_wconf 48' lang='lat' dir='ltr'><strong>⁰⁹³⁰3⁰¹i²⁸⁰i⁸if</strong></span> <span class='ocrx_word' id='word_1_104' title='bbox 1385 835 1566 935; x_wconf 43' lang='lat' dir='ltr'><strong>baptiiirent</strong></span> <span class='ocrx_word' id='word_1_105' title='bbox 1584 851 1685 890; x_wconf 65' lang='lat' dir='ltr'>⁰mn⁰⁵</span> <span class='ocrx_word' id='word_1_106' title='bbox 1704 840 1807 906; x_wconf 60' lang='lat' dir='ltr'>gemes</span> <span class='ocrx_word' id='word_1_107' title='bbox 1820 835 1848 890; x_wconf 63' lang='lat' dir='ltr'><strong>in</strong></span> 
     </span>
     <span class='ocr_line' id='line_1_9' title="bbox 96 924 1850 1022; baseline 0 -42"><span class='ocrx_word' id='word_1_108' title='bbox 96 967 166 1008; x_wconf 68' lang='lat' dir='ltr'><strong>num</strong></span> <span class='ocrx_word' id='word_1_109' title='bbox 187 953 253 1020; x_wconf 56' lang='lat' dir='ltr'><strong>pos,</strong></span> <span class='ocrx_word' id='word_1_110' title='bbox 265 949 405 1005; x_wconf 62' lang='lat' dir='ltr'>diluvium</span> <span class='ocrx_word' id='word_1_111' title='bbox 428 951 463 1004; x_wconf 59' lang='lat' dir='ltr'><strong>de</strong></span> <span class='ocrx_word' id='word_1_112' title='bbox 485 949 623 1021; x_wconf 61' lang='lat' dir='ltr'><strong>progenie</strong></span> <span class='ocrx_word' id='word_1_113' title='bbox 640 949 728 1003; x_wconf 56' lang='lat' dir='ltr'><strong>prium</strong></span> <span class='ocrx_word' id='word_1_114' title='bbox 742 949 869 1005; x_wconf 58' lang='lat' dir='ltr'><strong>filiorum</strong></span> <span class='ocrx_word' id='word_1_115' title='bbox 887 951 945 1005; x_wconf 57' lang='lat' dir='ltr'><strong>Noe</strong></span> <span class='ocrx_word' id='word_1_116' title='bbox 999 941 1117 980; x_wconf 89' lang='lat' dir='ltr'><strong>nomine</strong></span> <span class='ocrx_word' id='word_1_117' title='bbox 1133 926 1234 991; x_wconf 88' lang='lat' dir='ltr'><strong>Patris,</strong></span> <span class='ocrx_word' id='word_1_118' title='bbox 1251 929 1279 979; x_wconf 90' lang='lat' dir='ltr'><strong>et</strong></span> <span class='ocrx_word' id='word_1_119' title='bbox 1294 926 1365 987; x_wconf 82' lang='lat' dir='ltr'><strong>Filii,</strong></span> <span class='ocrx_word' id='word_1_120' title='bbox 1383 932 1411 978; x_wconf 88' lang='lat' dir='ltr'><strong>at</strong></span> <span class='ocrx_word' id='word_1_121' title='bbox 1425 925 1546 996; x_wconf 80' lang='lat' dir='ltr'><strong>Spiritus</strong></span> <span class='ocrx_word' id='word_1_122' title='bbox 1563 924 1850 1022; x_wconf 27' lang='lat' dir='ltr'><strong>sauctietluorumet</strong></span> 
     </span>
     <span class='ocr_line' id='line_1_10' title="bbox 96 1012 1849 1113; baseline -0.001 -44"><span class='ocrx_word' id='word_1_123' title='bbox 96 1039 279 1095; x_wconf 56' lang='lat' dir='ltr'><strong>latitudinem</strong></span> <span class='ocrx_word' id='word_1_124' title='bbox 296 1039 384 1094; x_wconf 50' lang='lat' dir='ltr'><strong>totius</strong></span> <span class='ocrx_word' id='word_1_125' title='bbox 399 1038 476 1092; x_wconf 55' lang='lat' dir='ltr'><strong>ophis</strong></span> <span class='ocrx_word' id='word_1_126' title='bbox 490 1037 629 1109; x_wconf 41' lang='lat' dir='ltr'><strong>implevit·</strong></span> <span class='ocrx_word' id='word_1_127' title='bbox 644 1038 707 1091; x_wconf 54' lang='lat' dir='ltr'><strong>gem</strong></span> <span class='ocrx_word' id='word_1_128' title='bbox 719 1038 826 1109; x_wconf 58' lang='lat' dir='ltr'><strong>quippe</strong></span> <span class='ocrx_word' id='word_1_129' title='bbox 837 1039 944 1103; x_wconf 53' lang='lat' dir='ltr'>Asiam,</span> <span class='ocrx_word' id='word_1_130' title='bbox 1000 1029 1196 1112; x_wconf 87' lang='lat' dir='ltr'><strong>successorum</strong></span> <span class='ocrx_word' id='word_1_131' title='bbox 1219 1029 1337 1113; x_wconf 75' lang='lat' dir='ltr'><strong>suorum</strong></span> <span class='ocrx_word' id='word_1_132' title='bbox 1352 1014 1449 1081; x_wconf 85' lang='lat' dir='ltr'><strong>uerba,</strong></span> <span class='ocrx_word' id='word_1_133' title='bbox 1466 1019 1545 1068; x_wconf 88' lang='lat' dir='ltr'><strong>actus</strong></span> <span class='ocrx_word' id='word_1_134' title='bbox 1561 1018 1589 1068; x_wconf 91' lang='lat' dir='ltr'><strong>et</strong></span> <span class='ocrx_word' id='word_1_135' title='bbox 1603 1028 1752 1085; x_wconf 78' lang='lat' dir='ltr'><strong>passiones</strong></span> <span class='ocrx_word' id='word_1_136' title='bbox 1767 1012 1849 1067; x_wconf 81' lang='lat' dir='ltr'><strong>facila</strong></span> 
     </span>
     <span class='ocr_line' id='line_1_11' title="bbox 97 1101 1848 1201; baseline -0.001 -18"><span class='ocrx_word' id='word_1_137' title='bbox 97 1128 187 1185; x_wconf 85' lang='lat' dir='ltr'><strong>cham</strong></span> <span class='ocrx_word' id='word_1_138' title='bbox 202 1127 336 1195; x_wconf 84' lang='lat' dir='ltr'><strong>Alricam,</strong></span> <span class='ocrx_word' id='word_1_139' title='bbox 355 1128 459 1198; x_wconf 89' lang='lat' dir='ltr'><strong>liiphet</strong></span> <span class='ocrx_word' id='word_1_140' title='bbox 479 1126 593 1181; x_wconf 88' lang='lat' dir='ltr'><strong>soboles</strong></span> <span class='ocrx_word' id='word_1_141' title='bbox 621 1128 761 1197; x_wconf 84' lang='lat' dir='ltr'><strong>Europam</strong></span> <span class='ocrx_word' id='word_1_142' title='bbox 784 1137 812 1182; x_wconf 91' lang='lat' dir='ltr'><strong>et</strong></span> <span class='ocrx_word' id='word_1_143' title='bbox 836 1127 945 1182; x_wconf 89' lang='lat' dir='ltr'><strong>insulas</strong></span> <span class='ocrx_word' id='word_1_144' title='bbox 999 1103 1178 1200; x_wconf 56' lang='lat' dir='ltr'><strong>inpraefflmff</strong></span> <span class='ocrx_word' id='word_1_145' title='bbox 1200 1101 1296 1201; x_wconf 54' lang='grc' dir='ltr'><strong>ΜΨ</strong></span> <span class='ocrx_word' id='word_1_146' title='bbox 1320 1107 1349 1156; x_wconf 61' lang='lat' dir='ltr'><strong>et</strong></span> <span class='ocrx_word' id='word_1_147' title='bbox 1370 1117 1540 1173; x_wconf 65' lang='lat' dir='ltr'><strong>⁰⁰ss⁰⁰⁵⁰⁸f⁰</strong></span> <span class='ocrx_word' id='word_1_148' title='bbox 1564 1101 1848 1201; x_wconf 31' lang='lat' dir='ltr'><strong>lebend⁰nv⁸¹⁰jm¹f³</strong></span> 
     </span>
     <span class='ocr_line' id='line_1_12' title="bbox 97 1189 1848 1286; baseline -0.002 -40"><span class='ocrx_word' id='word_1_149' title='bbox 97 1216 185 1271; x_wconf 55' lang='lat' dir='ltr'><strong>mari,</strong></span> <span class='ocrx_word' id='word_1_150' title='bbox 200 1215 333 1271; x_wconf 43' lang='lat' dir='ltr'><strong>obtinuit·</strong></span> <span class='ocrx_word' id='word_1_151' title='bbox 351 1216 384 1269; x_wconf 61' lang='lat' dir='ltr'><strong>E,</strong></span> <span class='ocrx_word' id='word_1_152' title='bbox 403 1215 470 1284; x_wconf 64' lang='lat' dir='ltr'><strong>qui,</strong></span> <span class='ocrx_word' id='word_1_153' title='bbox 485 1215 618 1286; x_wconf 54' lang='lat' dir='ltr'><strong>baptismi</strong></span> <span class='ocrx_word' id='word_1_154' title='bbox 637 1215 805 1285; x_wconf 56' lang='lat' dir='ltr'><strong>mysperium</strong></span> <span class='ocrx_word' id='word_1_155' title='bbox 820 1232 885 1270; x_wconf 65' lang='lat' dir='ltr'><strong>cum</strong></span> <span class='ocrx_word' id='word_1_156' title='bbox 902 1232 947 1270; x_wconf 56' lang='lat' dir='ltr'><strong>ex,</strong></span> <span class='ocrx_word' id='word_1_157' title='bbox 1000 1193 1069 1258; x_wconf 82' lang='lat' dir='ltr'><strong>Quae</strong></span> <span class='ocrx_word' id='word_1_158' title='bbox 1084 1206 1151 1246; x_wconf 84' lang='lat' dir='ltr'><strong>vero</strong></span> <span class='ocrx_word' id='word_1_159' title='bbox 1170 1191 1234 1246; x_wconf 91' lang='lat' dir='ltr'><strong>illos</strong></span> <span class='ocrx_word' id='word_1_160' title='bbox 1249 1206 1281 1245; x_wconf 92' lang='lat' dir='ltr'><strong>iii</strong></span> <span class='ocrx_word' id='word_1_161' title='bbox 1295 1190 1392 1245; x_wconf 83' lang='lat' dir='ltr'><strong>tuturo</strong></span> <span class='ocrx_word' id='word_1_162' title='bbox 1408 1196 1524 1245; x_wconf 89' lang='lat' dir='ltr'><strong>maneat</strong></span> <span class='ocrx_word' id='word_1_163' title='bbox 1536 1189 1626 1262; x_wconf 85' lang='lat' dir='ltr'><strong>gloria</strong></span> <span class='ocrx_word' id='word_1_164' title='bbox 1639 1189 1848 1257; x_wconf 83' lang='lat' dir='ltr'><strong>retributionis,</strong></span> 
     </span>
    </p>
   </div>
   <div class='ocr_carea' id='block_1_4' title="bbox 99 1279 1847 1552">
    <p class='ocr_par' dir='ltr' id='par_1_5' title="bbox 99 1279 1847 1552">
     <span class='ocr_line' id='line_1_13' title="bbox 99 1279 1415 1374; baseline -0.008 -14"><span class='ocrx_word' id='word_1_165' title='bbox 99 1304 244 1360; x_wconf 88' lang='lat' dir='ltr'><strong>secutione</strong></span> <span class='ocrx_word' id='word_1_166' title='bbox 269 1320 389 1374; x_wconf 81' lang='lat' dir='ltr'><strong>oportun</strong></span> <span class='ocrx_word' id='word_1_167' title='bbox 417 1308 445 1358; x_wconf 88' lang='lat' dir='ltr'><strong>et</strong></span> <span class='ocrx_word' id='word_1_168' title='bbox 459 1319 509 1374; x_wconf 90' lang='lat' dir='ltr'><strong>spc</strong></span> <span class='ocrx_word' id='word_1_169' title='bbox 524 1303 682 1357; x_wconf 73' lang='lat' dir='ltr'><strong>celestium</strong></span> <span class='ocrx_word' id='word_1_170' title='bbox 698 1303 805 1358; x_wconf 88' lang='lat' dir='ltr'><strong>cunctis</strong></span> <span class='ocrx_word' id='word_1_171' title='bbox 820 1310 880 1358; x_wconf 84' lang='lat' dir='ltr'><strong>erut</strong></span> <span class='ocrx_word' id='word_1_172' title='bbox 896 1321 945 1358; x_wconf 87' lang='lat' dir='ltr'><strong>nn·</strong></span> <span class='ocrx_word' id='word_1_173' title='bbox 1001 1279 1129 1334; x_wconf 72' lang='lat' dir='ltr'><strong>¹¹⁰⁰d¹¹⁰¹</strong></span> <span class='ocrx_word' id='word_1_174' title='bbox 1144 1279 1240 1334; x_wconf 63' lang='lat' dir='ltr'><strong>Videre</strong></span> <span class='ocrx_word' id='word_1_175' title='bbox 1255 1294 1415 1350; x_wconf 77' lang='lat' dir='ltr'><strong>P⁰⁵⁵¹¹¹¹¹¹¹⁵=</strong></span> 
     </span>
     <span class='ocr_line' id='line_1_14' title="bbox 99 1365 1847 1460; baseline -0.002 -14"><span class='ocrx_word' id='word_1_176' title='bbox 99 1391 225 1447; x_wconf 79' lang='lat' dir='ltr'><strong>tionibus</strong></span> <span class='ocrx_word' id='word_1_177' title='bbox 244 1391 477 1456; x_wconf 82' lang='lat' dir='ltr'><strong>ministrandum,</strong></span> <span class='ocrx_word' id='word_1_178' title='bbox 494 1390 626 1444; x_wconf 89' lang='lat' dir='ltr'><strong>resticula</strong></span> <span class='ocrx_word' id='word_1_179' title='bbox 640 1390 760 1460; x_wconf 85' lang='lat' dir='ltr'><strong>triginta</strong></span> <span class='ocrx_word' id='word_1_180' title='bbox 772 1392 944 1457; x_wconf 88' lang='lat' dir='ltr'><strong>cubitorum,</strong></span> <span class='ocrx_word' id='word_1_181' title='bbox 1039 1369 1119 1423; x_wconf 64' lang='lat' dir='ltr'><strong>vm·</strong></span> <span class='ocrx_word' id='word_1_182' title='bbox 1147 1370 1191 1423; x_wconf 63' lang='lat'><strong>2⁶·</strong></span> <span class='ocrx_word' id='word_1_183' title='bbox 1221 1396 1258 1410; x_wconf 89' lang='grc'><strong>“·</strong></span> <span class='ocrx_word' id='word_1_184' title='bbox 1281 1367 1449 1425; x_wconf 52' lang='lat' dir='ltr'><strong>Gr⁰⁸⁸²²udffi</strong></span> <span class='ocrx_word' id='word_1_185' title='bbox 1477 1368 1551 1437; x_wconf 59' lang='lat' dir='ltr'>(Bm-</span> <span class='ocrx_word' id='word_1_186' title='bbox 1586 1366 1633 1422; x_wconf 54' lang='lat'><strong>“⁶⁸⁶</strong></span> <span class='ocrx_word' id='word_1_187' title='bbox 1659 1365 1768 1438; x_wconf 43' lang='grc' dir='ltr'><strong>ΝΜ)</strong></span> <span class='ocrx_word' id='word_1_188' title='bbox 1798 1365 1847 1431; x_wconf 59' lang='lat'><strong>0¹¹¹</strong></span> 
     </span>
     <span class='ocr_line' id='line_1_15' title="bbox 101 1454 1847 1552; baseline -0.006 -34"><span class='ocrx_word' id='word_1_189' title='bbox 101 1497 178 1535; x_wconf 61' lang='lat' dir='ltr'><strong>mm</strong></span> <span class='ocrx_word' id='word_1_190' title='bbox 197 1481 225 1535; x_wconf 68' lang='lat' dir='ltr'><strong>in</strong></span> <span class='ocrx_word' id='word_1_191' title='bbox 242 1497 299 1552; x_wconf 69' lang='lat' dir='ltr'><strong>quo</strong></span> <span class='ocrx_word' id='word_1_192' title='bbox 313 1479 472 1551; x_wconf 59' lang='lat' dir='ltr'><strong>baptismus</strong></span> <span class='ocrx_word' id='word_1_193' title='bbox 491 1479 678 1549; x_wconf 54' lang='lat' dir='ltr'><strong>figurabatur,</strong></span> <span class='ocrx_word' id='word_1_194' title='bbox 694 1480 834 1551; x_wconf 39' lang='lat' dir='ltr'><strong>cingebat,</strong></span> <span class='ocrx_word' id='word_1_195' title='bbox 851 1481 903 1536; x_wconf 57' lang='lat' dir='ltr'><strong>Sed</strong></span> <span class='ocrx_word' id='word_1_196' title='bbox 919 1485 948 1534; x_wconf 64' lang='lat' dir='ltr'><strong>et</strong></span> <span class='ocrx_word' id='word_1_197' title='bbox 1002 1458 1146 1512; x_wconf 80' lang='lat' dir='ltr'><strong>lui-acrum</strong></span> <span class='ocrx_word' id='word_1_198' title='bbox 1162 1455 1296 1528; x_wconf 88' lang='lat' dir='ltr'><strong>baptismi</strong></span> <span class='ocrx_word' id='word_1_199' title='bbox 1309 1457 1343 1511; x_wconf 93' lang='lat' dir='ltr'><strong>ad</strong></span> <span class='ocrx_word' id='word_1_200' title='bbox 1354 1457 1611 1511; x_wconf 86' lang='lat' dir='ltr'><strong>salutemetvitum</strong></span> <span class='ocrx_word' id='word_1_201' title='bbox 1620 1455 1750 1526; x_wconf 84' lang='lat' dir='ltr'><strong>suscipit,</strong></span> <span class='ocrx_word' id='word_1_202' title='bbox 1763 1454 1847 1510; x_wconf 83' lang='lat' dir='ltr'><strong>tidem</strong></span> 
     </span>
    </p>
   </div>
   <div class='ocr_carea' id='block_1_5' title="bbox 99 1545 1848 1728">
    <p class='ocr_par' dir='ltr' id='par_1_6' title="bbox 99 1545 1848 1728">
     <span class='ocr_line' id='line_1_16' title="bbox 99 1545 1848 1642; baseline -0.003 -18"><span class='ocrx_word' id='word_1_203' title='bbox 99 1567 145 1624; x_wconf 91' lang='lat' dir='ltr'><strong>hic</strong></span> <span class='ocrx_word' id='word_1_204' title='bbox 172 1568 336 1633; x_wconf 89' lang='lat' dir='ltr'><strong>dicendum,</strong></span> <span class='ocrx_word' id='word_1_205' title='bbox 360 1567 435 1638; x_wconf 89' lang='lat' dir='ltr'><strong>quod</strong></span> <span class='ocrx_word' id='word_1_206' title='bbox 465 1567 604 1622; x_wconf 85' lang='lat' dir='ltr'><strong>Dominus</strong></span> <span class='ocrx_word' id='word_1_207' title='bbox 631 1584 696 1622; x_wconf 89' lang='lat' dir='ltr'><strong>curu</strong></span> <span class='ocrx_word' id='word_1_208' title='bbox 725 1574 800 1623; x_wconf 85' lang='lat' dir='ltr'><strong>esset</strong></span> <span class='ocrx_word' id='word_1_209' title='bbox 829 1569 982 1642; x_wconf 75' lang='lat' dir='ltr'><strong>trigintap</strong></span> <span class='ocrx_word' id='word_1_210' title='bbox 1001 1545 1848 1618; x_wconf 59' lang='lat' dir='ltr'><strong>el³90m0l⁰h⁸sil⁸lemdebelhflbefeiSiflssqulbu⁸¹¹⁰¹¹¹⁰</strong></span> 
     </span>
     <span class='ocr_line' id='line_1_17' title="bbox 100 1633 1847 1728; baseline -0.005 -14"><span class='ocrx_word' id='word_1_211' title='bbox 100 1673 243 1714; x_wconf 90' lang='lat' dir='ltr'><strong>annorum</strong></span> <span class='ocrx_word' id='word_1_212' title='bbox 257 1658 335 1711; x_wconf 89' lang='lat' dir='ltr'><strong>venit</strong></span> <span class='ocrx_word' id='word_1_213' title='bbox 349 1657 385 1711; x_wconf 93' lang='lat' dir='ltr'><strong>ad</strong></span> <span class='ocrx_word' id='word_1_214' title='bbox 404 1655 589 1728; x_wconf 88' lang='lat' dir='ltr'><strong>baptismum,</strong></span> <span class='ocrx_word' id='word_1_215' title='bbox 606 1657 657 1728; x_wconf 90' lang='lat' dir='ltr'><strong>qni</strong></span> <span class='ocrx_word' id='word_1_216' title='bbox 672 1658 811 1728; x_wconf 90' lang='lat' dir='ltr'><strong>quoniam</strong></span> <span class='ocrx_word' id='word_1_217' title='bbox 826 1674 878 1713; x_wconf 92' lang='lat' dir='ltr'><strong>suo</strong></span> <span class='ocrx_word' id='word_1_218' title='bbox 894 1659 948 1713; x_wconf 87' lang='lat' dir='ltr'><strong>ba·</strong></span> <span class='ocrx_word' id='word_1_219' title='bbox 1003 1639 1097 1707; x_wconf 63' lang='lat' dir='ltr'><strong>P⁰l0⁵l</strong></span> <span class='ocrx_word' id='word_1_220' title='bbox 1120 1640 1196 1690; x_wconf 58' lang='lat'><strong>“⁰²⁰</strong></span> <span class='ocrx_word' id='word_1_221' title='bbox 1220 1635 1347 1706; x_wconf 64' lang='lat' dir='ltr'><strong>⁰P⁰r³¹⁸ii</strong></span> <span class='ocrx_word' id='word_1_222' title='bbox 1368 1633 1444 1688; x_wconf 66' lang='lat'>”⁰1³⁰</span> <span class='ocrx_word' id='word_1_223' title='bbox 1466 1633 1659 1706; x_wconf 60' lang='lat' dir='ltr'><strong>⁸¹¹bl¹¹¹¹8st⁰¹=</strong></span> <span class='ocrx_word' id='word_1_224' title='bbox 1676 1633 1847 1690; x_wconf 58' lang='lat' dir='ltr'><strong>ffliilmt·</strong></span> 
     </span>
    </p>
   </div>
   <div class='ocr_carea' id='block_1_6' title="bbox 101 1722 1850 1995">
    <p class='ocr_par' dir='ltr' id='par_1_7' title="bbox 101 1722 1850 1995">
     <span class='ocr_line' id='line_1_18' title="bbox 101 1722 1850 1818; baseline -0.005 -17"><span class='ocrx_word' id='word_1_225' title='bbox 101 1744 319 1818; x_wconf 86' lang='lat' dir='ltr'><strong>ptismntequod</strong></span> <span class='ocrx_word' id='word_1_226' title='bbox 328 1745 497 1800; x_wconf 89' lang='lat' dir='ltr'><strong>tricenarius</strong></span> <span class='ocrx_word' id='word_1_227' title='bbox 508 1745 617 1816; x_wconf 89' lang='lat' dir='ltr'><strong>accepit</strong></span> <span class='ocrx_word' id='word_1_228' title='bbox 626 1746 801 1817; x_wconf 88' lang='lat' dir='ltr'><strong>baptismum</strong></span> <span class='ocrx_word' id='word_1_229' title='bbox 817 1753 946 1801; x_wconf 89' lang='lat' dir='ltr'><strong>nostrum</strong></span> <span class='ocrx_word' id='word_1_230' title='bbox 1001 1723 1073 1789; x_wconf 58' lang='lat'><strong>0⁰5⁸</strong></span> <span class='ocrx_word' id='word_1_231' title='bbox 1097 1723 1199 1778; x_wconf 69' lang='lat' dir='ltr'><strong>f⁰h⁰f⁰</strong></span> <span class='ocrx_word' id='word_1_232' title='bbox 1223 1722 1300 1791; x_wconf 68' lang='lat' dir='ltr'><strong>fideii</strong></span> <span class='ocrx_word' id='word_1_233' title='bbox 1328 1722 1400 1794; x_wconf 59' lang='lat'>⁸9⁰5,</span> <span class='ocrx_word' id='word_1_234' title='bbox 1424 1727 1453 1777; x_wconf 58' lang='lat' dir='ltr'><strong>el</strong></span> <span class='ocrx_word' id='word_1_235' title='bbox 1475 1722 1621 1778; x_wconf 61' lang='lat' dir='ltr'><strong>⁰h²²ril⁸ll⁸</strong></span> <span class='ocrx_word' id='word_1_236' title='bbox 1644 1722 1850 1794; x_wconf 54' lang='lat' dir='ltr'><strong>munitm*lle*</strong></span> 
     </span>
     <span class='ocr_line' id='line_1_19' title="bbox 102 1811 1848 1906; baseline -0.004 -16"><span class='ocrx_word' id='word_1_237' title='bbox 102 1835 288 1899; x_wconf 84' lang='lat' dir='ltr'><strong>consecrauit,</strong></span> <span class='ocrx_word' id='word_1_238' title='bbox 304 1839 380 1889; x_wconf 91' lang='lat' dir='ltr'><strong>recte</strong></span> <span class='ocrx_word' id='word_1_239' title='bbox 404 1850 492 1900; x_wconf 90' lang='lat' dir='ltr'><strong>mare,</strong></span> <span class='ocrx_word' id='word_1_240' title='bbox 518 1834 596 1906; x_wconf 87' lang='lat' dir='ltr'><strong>qnod</strong></span> <span class='ocrx_word' id='word_1_241' title='bbox 619 1839 748 1888; x_wconf 89' lang='lat' dir='ltr'><strong>nostrum</strong></span> <span class='ocrx_word' id='word_1_242' title='bbox 772 1834 948 1904; x_wconf 89' lang='lat' dir='ltr'><strong>baptismum</strong></span> <span class='ocrx_word' id='word_1_243' title='bbox 1003 1813 1095 1885; x_wconf 63' lang='lat' dir='ltr'><strong>ffiPli⁰</strong></span> <span class='ocrx_word' id='word_1_244' title='bbox 1117 1811 1263 1882; x_wconf 60' lang='lat' dir='ltr'><strong>bfllllssmii</strong></span> <span class='ocrx_word' id='word_1_245' title='bbox 1286 1826 1380 1883; x_wconf 70' lang='lat' dir='ltr'><strong>⁰⁰q¹¹⁹</strong></span> <span class='ocrx_word' id='word_1_246' title='bbox 1395 1812 1478 1866; x_wconf 62' lang='grc' dir='ltr'><strong>θῙίῑθΓ</strong></span> <span class='ocrx_word' id='word_1_247' title='bbox 1501 1812 1662 1884; x_wconf 68' lang='lat' dir='ltr'><strong>Pl⁰fi⁰¹¹⁰m</strong></span> <span class='ocrx_word' id='word_1_248' title='bbox 1689 1827 1752 1867; x_wconf 70' lang='lat'><strong>0⁸⁸0</strong></span> <span class='ocrx_word' id='word_1_249' title='bbox 1778 1811 1848 1866; x_wconf 61' lang='lat'>³⁰⁰5·</span> 
     </span>
     <span class='ocr_line' id='line_1_20' title="bbox 102 1899 1848 1995; baseline -0.003 -36"><span class='ocrx_word' id='word_1_250' title='bbox 102 1923 254 1995; x_wconf 51' lang='lat' dir='ltr'><strong>figmbag</strong></span> <span class='ocrx_word' id='word_1_251' title='bbox 279 1921 396 1991; x_wconf 57' lang='lat' dir='ltr'>triginta</span> <span class='ocrx_word' id='word_1_252' title='bbox 419 1922 580 1977; x_wconf 57' lang='lat' dir='ltr'><strong>cubitorum</strong></span> <span class='ocrx_word' id='word_1_253' title='bbox 604 1910 687 1976; x_wconf 55' lang='lat' dir='ltr'><strong>regg,</strong></span> <span class='ocrx_word' id='word_1_254' title='bbox 708 1922 892 1990; x_wconf 52' lang='lat' dir='ltr'><strong>circumibat,</strong></span> <span class='ocrx_word' id='word_1_255' title='bbox 918 1928 949 1978; x_wconf 58' lang='lat' dir='ltr'><strong>up</strong></span> <span class='ocrx_word' id='word_1_256' title='bbox 1002 1901 1148 1975; x_wconf 90' lang='lat' dir='ltr'><strong>pientibus</strong></span> <span class='ocrx_word' id='word_1_257' title='bbox 1162 1899 1332 1967; x_wconf 84' lang='lat' dir='ltr'><strong>ostenditur,</strong></span> <span class='ocrx_word' id='word_1_258' title='bbox 1348 1899 1403 1955; x_wconf 87' lang='lat' dir='ltr'><strong>uisi</strong></span> <span class='ocrx_word' id='word_1_259' title='bbox 1417 1901 1520 1956; x_wconf 84' lang='lat' dir='ltr'><strong>hurum</strong></span> <span class='ocrx_word' id='word_1_260' title='bbox 1534 1901 1673 1956; x_wconf 83' lang='lat' dir='ltr'><strong>virtutum</strong></span> <span class='ocrx_word' id='word_1_261' title='bbox 1694 1900 1848 1955; x_wconf 86' lang='lat' dir='ltr'><strong>llrmacer·</strong></span> 
     </span>
    </p>
   </div>
   <div class='ocr_carea' id='block_1_7' title="bbox 93 185 144 236">
    <p class='ocr_par' dir='ltr' id='par_1_8' title="bbox 93 185 144 236">
     <span class='ocr_line' id='line_1_21' title="bbox 93 185 144 236; baseline 0.039 -2"><span class='ocrx_word' id='word_1_262' title='bbox 93 185 144 236; x_wconf 74' lang='lat'><strong>595</strong></span> 
     </span>
    </p>
   </div>
   <div class='ocr_carea' id='block_1_8' title="bbox 101 1988 1806 2083">
    <p class='ocr_par' dir='ltr' id='par_1_9' title="bbox 101 1988 1806 2083">
     <span class='ocr_line' id='line_1_22' title="bbox 101 1988 1806 2083; baseline -0.002 -17"><span class='ocrx_word' id='word_1_263' title='bbox 101 2011 310 2083; x_wconf 82' lang='lat' dir='ltr'><strong>significaretur</strong></span> <span class='ocrx_word' id='word_1_264' title='bbox 322 2010 397 2065; x_wconf 92' lang='lat' dir='ltr'><strong>douo</strong></span> <span class='ocrx_word' id='word_1_265' title='bbox 413 2010 490 2065; x_wconf 90' lang='lat' dir='ltr'><strong>illius</strong></span> <span class='ocrx_word' id='word_1_266' title='bbox 505 2011 555 2082; x_wconf 92' lang='lat' dir='ltr'><strong>qui</strong></span> <span class='ocrx_word' id='word_1_267' title='bbox 569 2010 744 2082; x_wconf 91' lang='lat' dir='ltr'><strong>baptismum</strong></span> <span class='ocrx_word' id='word_1_268' title='bbox 758 2011 818 2066; x_wconf 89' lang='lat' dir='ltr'><strong>siue</strong></span> <span class='ocrx_word' id='word_1_269' title='bbox 833 2016 948 2083; x_wconf 91' lang='lat' dir='ltr'><strong>peccato</strong></span> <span class='ocrx_word' id='word_1_270' title='bbox 1003 1990 1095 2045; x_wconf 56' lang='lat'><strong>“²⁰⁶⁰</strong></span> <span class='ocrx_word' id='word_1_271' title='bbox 1110 1995 1236 2044; x_wconf 54' lang='lat' dir='ltr'><strong>mentem</strong></span> <span class='ocrx_word' id='word_1_272' title='bbox 1249 1988 1451 2059; x_wconf 85' lang='lat' dir='ltr'><strong>accipientium</strong></span> <span class='ocrx_word' id='word_1_273' title='bbox 1467 1995 1495 2044; x_wconf 65' lang='grc' dir='ltr'><strong>θῗ</strong></span> <span class='ocrx_word' id='word_1_274' title='bbox 1510 2005 1630 2062; x_wconf 67' lang='lat' dir='ltr'><strong>⁰⁰sl³⁰f³</strong></span> <span class='ocrx_word' id='word_1_275' title='bbox 1644 1989 1806 2044; x_wconf 44' lang='lat' dir='ltr'><strong>emmim&amp;-</strong></span> 
     </span>
    </p>
   </div>
   <div class='ocr_carea' id='block_1_9' title="bbox 100 2099 946 2260">
    <p class='ocr_par' dir='ltr' id='par_1_10' title="bbox 100 2099 946 2260">
     <span class='ocr_line' id='line_1_23' title="bbox 101 2099 946 2171; baseline -0.001 -16"><span class='ocrx_word' id='word_1_276' title='bbox 101 2100 199 2163; x_wconf 90' lang='lat' dir='ltr'><strong>subiit,</strong></span> <span class='ocrx_word' id='word_1_277' title='bbox 220 2100 396 2171; x_wconf 89' lang='lat' dir='ltr'><strong>baptismum</strong></span> <span class='ocrx_word' id='word_1_278' title='bbox 418 2099 500 2154; x_wconf 90' lang='lat' dir='ltr'><strong>uobis</strong></span> <span class='ocrx_word' id='word_1_279' title='bbox 514 2100 544 2154; x_wconf 93' lang='lat' dir='ltr'><strong>iii</strong></span> <span class='ocrx_word' id='word_1_280' title='bbox 566 2116 632 2154; x_wconf 89' lang='lat' dir='ltr'><strong>eoin</strong></span> <span class='ocrx_word' id='word_1_281' title='bbox 648 2100 828 2156; x_wconf 87' lang='lat' dir='ltr'><strong>credentibus</strong></span> <span class='ocrx_word' id='word_1_282' title='bbox 844 2100 873 2154; x_wconf 92' lang='lat' dir='ltr'><strong>iu</strong></span> <span class='ocrx_word' id='word_1_283' title='bbox 899 2116 946 2154; x_wconf 91' lang='lat' dir='ltr'><strong>ie-</strong></span> 
     </span>
     <span class='ocr_line' id='line_1_24' title="bbox 100 2188 608 2260; baseline 0 -16"><span class='ocrx_word' id='word_1_284' title='bbox 100 2188 266 2244; x_wconf 90' lang='lat' dir='ltr'><strong>missiouem</strong></span> <span class='ocrx_word' id='word_1_285' title='bbox 276 2192 459 2260; x_wconf 89' lang='lat' dir='ltr'><strong>peccatorum</strong></span> <span class='ocrx_word' id='word_1_286' title='bbox 475 2188 608 2244; x_wconf 86' lang='lat' dir='ltr'><strong>dedicari.</strong></span> 
     </span>
    </p>
   </div>
   <div class='ocr_carea' id='block_1_10' title="bbox 92 2311 950 4594">
    <p class='ocr_par' dir='ltr' id='par_1_11' title="bbox 92 2311 950 4594">
     <span class='ocr_line' id='line_1_25' title="bbox 136 2311 947 2385; baseline -0.005 -15"><span class='ocrx_word' id='word_1_287' title='bbox 136 2313 424 2384; x_wconf 69' lang='lat' dir='ltr'><strong>tricipitinum</strong></span> <span class='ocrx_word' id='word_1_288' title='bbox 451 2314 621 2385; x_wconf 82' lang='lat' dir='ltr'><strong>praedictuin</strong></span> <span class='ocrx_word' id='word_1_289' title='bbox 647 2312 693 2378; x_wconf 91' lang='lat' dir='ltr'><strong>sit,</strong></span> <span class='ocrx_word' id='word_1_290' title='bbox 716 2313 792 2385; x_wconf 92' lang='lat' dir='ltr'><strong>quod</strong></span> <span class='ocrx_word' id='word_1_291' title='bbox 815 2311 947 2367; x_wconf 83' lang='lat' dir='ltr'><strong>resticula</strong></span> 
     </span>
     <span class='ocr_line' id='line_1_26' title="bbox 100 2400 948 2475; baseline -0.004 -18"><span class='ocrx_word' id='word_1_292' title='bbox 100 2401 218 2475; x_wconf 88' lang='lat' dir='ltr'><strong>triginta</strong></span> <span class='ocrx_word' id='word_1_293' title='bbox 232 2402 394 2457; x_wconf 91' lang='lat' dir='ltr'><strong>cubitorum</strong></span> <span class='ocrx_word' id='word_1_294' title='bbox 415 2418 494 2458; x_wconf 86' lang='lat' dir='ltr'><strong>mare</strong></span> <span class='ocrx_word' id='word_1_295' title='bbox 510 2401 694 2469; x_wconf 84' lang='lat' dir='ltr'><strong>circumierit,</strong></span> <span class='ocrx_word' id='word_1_296' title='bbox 714 2407 743 2456; x_wconf 90' lang='lat' dir='ltr'><strong>et</strong></span> <span class='ocrx_word' id='word_1_297' title='bbox 766 2417 841 2456; x_wconf 92' lang='lat' dir='ltr'><strong>uuuc</strong></span> <span class='ocrx_word' id='word_1_298' title='bbox 864 2400 948 2456; x_wconf 86' lang='lat' dir='ltr'><strong>adda-</strong></span> 
     </span>
     <span class='ocr_line' id='line_1_27' title="bbox 100 2489 947 2563; baseline -0.004 -16"><span class='ocrx_word' id='word_1_299' title='bbox 100 2495 149 2547; x_wconf 91' lang='lat' dir='ltr'><strong>tur</strong></span> <span class='ocrx_word' id='word_1_300' title='bbox 163 2491 240 2563; x_wconf 89' lang='lat' dir='ltr'><strong>qnod</strong></span> <span class='ocrx_word' id='word_1_301' title='bbox 255 2491 402 2562; x_wconf 89' lang='lat' dir='ltr'><strong>sculptura</strong></span> <span class='ocrx_word' id='word_1_302' title='bbox 423 2492 484 2546; x_wconf 83' lang='lat' dir='ltr'><strong>haec</strong></span> <span class='ocrx_word' id='word_1_303' title='bbox 499 2491 596 2545; x_wconf 85' lang='lat' dir='ltr'><strong>subter</strong></span> <span class='ocrx_word' id='word_1_304' title='bbox 608 2489 716 2545; x_wconf 86' lang='lat' dir='ltr'><strong>labium</strong></span> <span class='ocrx_word' id='word_1_305' title='bbox 730 2490 832 2562; x_wconf 89' lang='lat' dir='ltr'><strong>posita,</strong></span> <span class='ocrx_word' id='word_1_306' title='bbox 849 2489 947 2544; x_wconf 90' lang='lat' dir='ltr'><strong>decem</strong></span> 
     </span>
     <span class='ocr_line' id='line_1_28' title="bbox 99 2578 946 2651; baseline -0.004 -16"><span class='ocrx_word' id='word_1_307' title='bbox 99 2579 203 2635; x_wconf 84' lang='lat' dir='ltr'><strong>cubitis</strong></span> <span class='ocrx_word' id='word_1_308' title='bbox 232 2578 373 2641; x_wconf 83' lang='lat' dir='ltr'><strong>ambierit,</strong></span> <span class='ocrx_word' id='word_1_309' title='bbox 404 2584 484 2651; x_wconf 91' lang='lat' dir='ltr'><strong>patet</strong></span> <span class='ocrx_word' id='word_1_310' title='bbox 512 2579 579 2651; x_wconf 89' lang='lat' dir='ltr'><strong>quia</strong></span> <span class='ocrx_word' id='word_1_311' title='bbox 606 2594 654 2632; x_wconf 85' lang='lat' dir='ltr'><strong>ias</strong></span> <span class='ocrx_word' id='word_1_312' title='bbox 683 2584 744 2633; x_wconf 85' lang='lat' dir='ltr'><strong>arat</strong></span> <span class='ocrx_word' id='word_1_313' title='bbox 769 2578 798 2631; x_wconf 95' lang='lat' dir='ltr'><strong>iu</strong></span> <span class='ocrx_word' id='word_1_314' title='bbox 827 2578 946 2633; x_wconf 92' lang='lat' dir='ltr'><strong>modum</strong></span> 
     </span>
     <span class='ocr_line' id='line_1_29' title="bbox 99 2666 947 2741; baseline -0.004 -17"><span class='ocrx_word' id='word_1_315' title='bbox 99 2668 205 2741; x_wconf 81' lang='lat' dir='ltr'><strong>phinlae</strong></span> <span class='ocrx_word' id='word_1_316' title='bbox 220 2683 377 2741; x_wconf 83' lang='lat' dir='ltr'><strong>expensum</strong></span> <span class='ocrx_word' id='word_1_317' title='bbox 393 2672 422 2722; x_wconf 88' lang='lat' dir='ltr'><strong>et</strong></span> <span class='ocrx_word' id='word_1_318' title='bbox 441 2667 588 2738; x_wconf 81' lang='lat' dir='ltr'><strong>diffusum,</strong></span> <span class='ocrx_word' id='word_1_319' title='bbox 603 2666 681 2738; x_wconf 85' lang='lat' dir='ltr'><strong>qnod</strong></span> <span class='ocrx_word' id='word_1_320' title='bbox 699 2683 715 2721; x_wconf 98' lang='lat' dir='ltr'><strong>a</strong></span> <span class='ocrx_word' id='word_1_321' title='bbox 731 2667 849 2739; x_wconf 88' lang='lat' dir='ltr'><strong>triginta</strong></span> <span class='ocrx_word' id='word_1_322' title='bbox 863 2667 947 2722; x_wconf 89' lang='lat' dir='ltr'><strong>cubi-</strong></span> 
     </span>
     <span class='ocr_line' id='line_1_30' title="bbox 92 2755 947 2833; baseline -0.004 -20"><span class='ocrx_word' id='word_1_323' title='bbox 92 2757 135 2833; x_wconf 87' lang='lat' dir='ltr'><strong>tis</strong></span> <span class='ocrx_word' id='word_1_324' title='bbox 150 2757 286 2813; x_wconf 86' lang='lat' dir='ltr'><strong>circuitus</strong></span> <span class='ocrx_word' id='word_1_325' title='bbox 301 2772 371 2828; x_wconf 93' lang='lat' dir='ltr'><strong>quos</strong></span> <span class='ocrx_word' id='word_1_326' title='bbox 394 2756 516 2811; x_wconf 85' lang='lat' dir='ltr'><strong>habebut</strong></span> <span class='ocrx_word' id='word_1_327' title='bbox 531 2757 561 2810; x_wconf 92' lang='lat' dir='ltr'><strong>in</strong></span> <span class='ocrx_word' id='word_1_328' title='bbox 586 2756 660 2810; x_wconf 84' lang='lat' dir='ltr'><strong>labio</strong></span> <span class='ocrx_word' id='word_1_329' title='bbox 689 2771 779 2827; x_wconf 89' lang='lat' dir='ltr'><strong>usqua</strong></span> <span class='ocrx_word' id='word_1_330' title='bbox 798 2755 833 2810; x_wconf 91' lang='lat' dir='ltr'><strong>ad</strong></span> <span class='ocrx_word' id='word_1_331' title='bbox 849 2755 947 2811; x_wconf 90' lang='lat' dir='ltr'><strong>decem</strong></span> 
     </span>
     <span class='ocr_line' id='line_1_31' title="bbox 100 2843 948 2916; baseline -0.005 -14"><span class='ocrx_word' id='word_1_332' title='bbox 100 2850 141 2902; x_wconf 85' lang='lat' dir='ltr'><strong>est</strong></span> <span class='ocrx_word' id='word_1_333' title='bbox 156 2850 294 2901; x_wconf 84' lang='lat' dir='ltr'><strong>coactum.</strong></span> <span class='ocrx_word' id='word_1_334' title='bbox 318 2846 468 2915; x_wconf 86' lang='lat' dir='ltr'><strong>sculptura</strong></span> <span class='ocrx_word' id='word_1_335' title='bbox 484 2850 579 2899; x_wconf 86' lang='lat' dir='ltr'><strong>autem</strong></span> <span class='ocrx_word' id='word_1_336' title='bbox 603 2843 732 2898; x_wconf 88' lang='lat' dir='ltr'><strong>histriata</strong></span> <span class='ocrx_word' id='word_1_337' title='bbox 754 2848 797 2898; x_wconf 91' lang='lat' dir='ltr'><strong>est</strong></span> <span class='ocrx_word' id='word_1_338' title='bbox 815 2860 879 2916; x_wconf 86' lang='lat' dir='ltr'><strong>quae</strong></span> <span class='ocrx_word' id='word_1_339' title='bbox 895 2843 948 2898; x_wconf 91' lang='lat' dir='ltr'><strong>ali-</strong></span> 
     </span>
     <span class='ocr_line' id='line_1_32' title="bbox 100 2932 948 3008; baseline -0.007 -18"><span class='ocrx_word' id='word_1_340' title='bbox 100 2952 172 3008; x_wconf 83' lang='lat' dir='ltr'><strong>quas</strong></span> <span class='ocrx_word' id='word_1_341' title='bbox 187 2950 283 2989; x_wconf 92' lang='lat' dir='ltr'><strong>rernm</strong></span> <span class='ocrx_word' id='word_1_342' title='bbox 307 2933 440 2990; x_wconf 87' lang='lat' dir='ltr'><strong>historias</strong></span> <span class='ocrx_word' id='word_1_343' title='bbox 463 2933 602 2988; x_wconf 88' lang='lat' dir='ltr'><strong>imitatur.</strong></span> <span class='ocrx_word' id='word_1_344' title='bbox 620 2932 698 2988; x_wconf 91' lang='lat' dir='ltr'><strong>Unde</strong></span> <span class='ocrx_word' id='word_1_345' title='bbox 717 2947 769 3002; x_wconf 90' lang='lat' dir='ltr'><strong>per</strong></span> <span class='ocrx_word' id='word_1_346' title='bbox 787 2932 948 3002; x_wconf 79' lang='lat' dir='ltr'><strong>sculpturas</strong></span> 
     </span>
     <span class='ocr_line' id='line_1_33' title="bbox 99 3019 948 3095; baseline -0.011 -15"><span class='ocrx_word' id='word_1_347' title='bbox 99 3023 245 3080; x_wconf 87' lang='lat' dir='ltr'><strong>histriatas</strong></span> <span class='ocrx_word' id='word_1_348' title='bbox 260 3021 364 3095; x_wconf 88' lang='lat' dir='ltr'><strong>quibus</strong></span> <span class='ocrx_word' id='word_1_349' title='bbox 379 3038 457 3077; x_wconf 90' lang='lat' dir='ltr'><strong>mare</strong></span> <span class='ocrx_word' id='word_1_350' title='bbox 471 3021 665 3077; x_wconf 87' lang='lat' dir='ltr'><strong>circumdatur</strong></span> <span class='ocrx_word' id='word_1_351' title='bbox 674 3020 804 3090; x_wconf 86' lang='lat' dir='ltr'><strong>exempla</strong></span> <span class='ocrx_word' id='word_1_352' title='bbox 818 3019 948 3091; x_wconf 90' lang='lat' dir='ltr'><strong>priorum</strong></span> 
     </span>
     <span class='ocr_line' id='line_1_34' title="bbox 99 3109 950 3185; baseline -0.008 -16"><span class='ocrx_word' id='word_1_353' title='bbox 99 3117 263 3185; x_wconf 88' lang='lat' dir='ltr'><strong>temporum</strong></span> <span class='ocrx_word' id='word_1_354' title='bbox 283 3113 441 3183; x_wconf 84' lang='lat' dir='ltr'><strong>signantur,</strong></span> <span class='ocrx_word' id='word_1_355' title='bbox 468 3127 533 3182; x_wconf 86' lang='lat' dir='ltr'><strong>qiiae</strong></span> <span class='ocrx_word' id='word_1_356' title='bbox 555 3111 639 3166; x_wconf 91' lang='lat' dir='ltr'><strong>uobis</strong></span> <span class='ocrx_word' id='word_1_357' title='bbox 661 3114 728 3164; x_wconf 90' lang='lat' dir='ltr'><strong>suut</strong></span> <span class='ocrx_word' id='word_1_358' title='bbox 751 3109 900 3175; x_wconf 90' lang='lat' dir='ltr'><strong>intuenda,</strong></span> <span class='ocrx_word' id='word_1_359' title='bbox 918 3113 950 3163; x_wconf 91' lang='lat' dir='ltr'><strong>ut</strong></span> 
     </span>
     <span class='ocr_line' id='line_1_35' title="bbox 100 3197 949 3272; baseline -0.004 -18"><span class='ocrx_word' id='word_1_360' title='bbox 100 3201 248 3255; x_wconf 80' lang='lat' dir='ltr'><strong>rideamus</strong></span> <span class='ocrx_word' id='word_1_361' title='bbox 263 3200 368 3272; x_wconf 86' lang='lat' dir='ltr'><strong>quibus</strong></span> <span class='ocrx_word' id='word_1_362' title='bbox 387 3200 522 3270; x_wconf 88' lang='lat' dir='ltr'><strong>operibus</strong></span> <span class='ocrx_word' id='word_1_363' title='bbox 535 3199 570 3253; x_wconf 93' lang='lat' dir='ltr'><strong>ab</strong></span> <span class='ocrx_word' id='word_1_364' title='bbox 594 3198 675 3252; x_wconf 90' lang='lat' dir='ltr'><strong>initio</strong></span> <span class='ocrx_word' id='word_1_365' title='bbox 700 3197 789 3252; x_wconf 88' lang='lat' dir='ltr'><strong>sancti</strong></span> <span class='ocrx_word' id='word_1_366' title='bbox 814 3197 871 3252; x_wconf 85' lang='lat' dir='ltr'><strong>lieo</strong></span> <span class='ocrx_word' id='word_1_367' title='bbox 886 3199 949 3268; x_wconf 89' lang='lat' dir='ltr'><strong>pla-</strong></span> 
     </span>
     <span class='ocr_line' id='line_1_36' title="bbox 100 3286 949 3361; baseline -0.005 -17"><span class='ocrx_word' id='word_1_368' title='bbox 100 3293 231 3355; x_wconf 87' lang='lat' dir='ltr'><strong>cuerunt,</strong></span> <span class='ocrx_word' id='word_1_369' title='bbox 248 3304 306 3361; x_wconf 84' lang='lat' dir='ltr'><strong>qiie</strong></span> <span class='ocrx_word' id='word_1_370' title='bbox 329 3288 522 3343; x_wconf 79' lang='lat' dir='ltr'><strong>obstinatione</strong></span> <span class='ocrx_word' id='word_1_371' title='bbox 543 3287 635 3358; x_wconf 91' lang='lat' dir='ltr'><strong>iniqui</strong></span> <span class='ocrx_word' id='word_1_372' title='bbox 658 3288 688 3341; x_wconf 93' lang='lat' dir='ltr'><strong>in</strong></span> <span class='ocrx_word' id='word_1_373' title='bbox 712 3286 865 3340; x_wconf 87' lang='lat' dir='ltr'><strong>sceleribus</strong></span> <span class='ocrx_word' id='word_1_374' title='bbox 887 3302 949 3357; x_wconf 90' lang='lat' dir='ltr'><strong>per·</strong></span> 
     </span>
     <span class='ocr_line' id='line_1_37' title="bbox 101 3374 947 3446; baseline -0.005 -12"><span class='ocrx_word' id='word_1_375' title='bbox 101 3378 285 3444; x_wconf 87' lang='lat' dir='ltr'><strong>duraverunt,</strong></span> <span class='ocrx_word' id='word_1_376' title='bbox 316 3381 423 3446; x_wconf 66' lang='lat' dir='ltr'><strong>quarm</strong></span> <span class='ocrx_word' id='word_1_377' title='bbox 455 3375 621 3430; x_wconf 79' lang='lat' dir='ltr'><strong>infelicitate</strong></span> <span class='ocrx_word' id='word_1_378' title='bbox 645 3374 760 3444; x_wconf 84' lang='lat' dir='ltr'><strong>reprobi</strong></span> <span class='ocrx_word' id='word_1_379' title='bbox 789 3374 947 3444; x_wconf 86' lang='lat' dir='ltr'><strong>perierunt.</strong></span> 
     </span>
     <span class='ocr_line' id='line_1_38' title="bbox 100 3462 949 3531; baseline -0.002 -12"><span class='ocrx_word' id='word_1_380' title='bbox 100 3465 251 3531; x_wconf 85' lang='lat' dir='ltr'><strong>Quomodo</strong></span> <span class='ocrx_word' id='word_1_381' title='bbox 267 3464 297 3519; x_wconf 92' lang='lat' dir='ltr'><strong>in</strong></span> <span class='ocrx_word' id='word_1_382' title='bbox 313 3464 430 3520; x_wconf 81' lang='lat' dir='ltr'><strong>exordio</strong></span> <span class='ocrx_word' id='word_1_383' title='bbox 452 3463 595 3518; x_wconf 88' lang='lat' dir='ltr'><strong>nascentis</strong></span> <span class='ocrx_word' id='word_1_384' title='bbox 611 3462 706 3517; x_wconf 79' lang='lat' dir='ltr'><strong>saeculi</strong></span> <span class='ocrx_word' id='word_1_385' title='bbox 723 3463 791 3517; x_wconf 84' lang='lat' dir='ltr'><strong>Cain</strong></span> <span class='ocrx_word' id='word_1_386' title='bbox 804 3463 840 3518; x_wconf 88' lang='lat' dir='ltr'><strong>ob</strong></span> <span class='ocrx_word' id='word_1_387' title='bbox 864 3463 949 3517; x_wconf 84' lang='lat' dir='ltr'><strong>meli·</strong></span> 
     </span>
     <span class='ocr_line' id='line_1_39' title="bbox 99 3551 950 3621; baseline -0.002 -13"><span class='ocrx_word' id='word_1_388' title='bbox 99 3554 171 3608; x_wconf 90' lang='lat' dir='ltr'><strong>tiam</strong></span> <span class='ocrx_word' id='word_1_389' title='bbox 185 3552 300 3607; x_wconf 76' lang='lat' dir='ltr'><strong>invidie</strong></span> <span class='ocrx_word' id='word_1_390' title='bbox 317 3552 480 3618; x_wconf 87' lang='lat' dir='ltr'><strong>dumuatns,</strong></span> <span class='ocrx_word' id='word_1_391' title='bbox 495 3552 563 3606; x_wconf 77' lang='lat' dir='ltr'><strong>Abel</strong></span> <span class='ocrx_word' id='word_1_392' title='bbox 575 3551 694 3621; x_wconf 72' lang='lat' dir='ltr'><strong>justitiae</strong></span> <span class='ocrx_word' id='word_1_393' title='bbox 709 3551 812 3607; x_wconf 88' lang='lat' dir='ltr'><strong>merito</strong></span> <span class='ocrx_word' id='word_1_394' title='bbox 828 3567 950 3606; x_wconf 88' lang='lat' dir='ltr'><strong>coronu-</strong></span> 
     </span>
     <span class='ocr_line' id='line_1_40' title="bbox 101 3639 947 3712; baseline -0.001 -16"><span class='ocrx_word' id='word_1_395' title='bbox 101 3646 159 3712; x_wconf 89' lang='lat' dir='ltr'><strong>tns,</strong></span> <span class='ocrx_word' id='word_1_396' title='bbox 177 3641 297 3696; x_wconf 82' lang='lat' dir='ltr'><strong>Lamech</strong></span> <span class='ocrx_word' id='word_1_397' title='bbox 324 3641 361 3695; x_wconf 92' lang='lat' dir='ltr'><strong>ob</strong></span> <span class='ocrx_word' id='word_1_398' title='bbox 380 3639 553 3696; x_wconf 84' lang='lat' dir='ltr'><strong>adulterium</strong></span> <span class='ocrx_word' id='word_1_399' title='bbox 568 3645 596 3694; x_wconf 91' lang='lat' dir='ltr'><strong>et</strong></span> <span class='ocrx_word' id='word_1_400' title='bbox 620 3639 808 3694; x_wconf 90' lang='lat' dir='ltr'><strong>homicidium</strong></span> <span class='ocrx_word' id='word_1_401' title='bbox 832 3640 947 3695; x_wconf 84' lang='lat' dir='ltr'><strong>maledi·</strong></span> 
     </span>
     <span class='ocr_line' id='line_1_41' title="bbox 101 3728 950 3801; baseline -0.002 -17"><span class='ocrx_word' id='word_1_402' title='bbox 101 3735 173 3798; x_wconf 84' lang='lat' dir='ltr'><strong>ctus,</strong></span> <span class='ocrx_word' id='word_1_403' title='bbox 189 3729 283 3784; x_wconf 85' lang='lat' dir='ltr'><strong>Enoch</strong></span> <span class='ocrx_word' id='word_1_404' title='bbox 298 3729 335 3784; x_wconf 90' lang='lat' dir='ltr'><strong>ob</strong></span> <span class='ocrx_word' id='word_1_405' title='bbox 358 3728 480 3801; x_wconf 82' lang='lat' dir='ltr'><strong>gratiam</strong></span> <span class='ocrx_word' id='word_1_406' title='bbox 500 3729 615 3800; x_wconf 87' lang='lat' dir='ltr'><strong>pietatis</strong></span> <span class='ocrx_word' id='word_1_407' title='bbox 636 3728 671 3783; x_wconf 88' lang='lat' dir='ltr'><strong>ad</strong></span> <span class='ocrx_word' id='word_1_408' title='bbox 686 3728 850 3799; x_wconf 88' lang='lat' dir='ltr'><strong>paradisum</strong></span> <span class='ocrx_word' id='word_1_409' title='bbox 866 3729 950 3783; x_wconf 90' lang='lat' dir='ltr'><strong>redu-</strong></span> 
     </span>
     <span class='ocr_line' id='line_1_42' title="bbox 101 3817 947 3891; baseline -0.002 -18"><span class='ocrx_word' id='word_1_410' title='bbox 101 3825 173 3887; x_wconf 87' lang='lat' dir='ltr'><strong>ctus,</strong></span> <span class='ocrx_word' id='word_1_411' title='bbox 190 3819 276 3874; x_wconf 74' lang='lat' dir='ltr'><strong>Chim</strong></span> <span class='ocrx_word' id='word_1_412' title='bbox 291 3823 355 3891; x_wconf 90' lang='lat' dir='ltr'><strong>post</strong></span> <span class='ocrx_word' id='word_1_413' title='bbox 369 3818 511 3873; x_wconf 88' lang='lat' dir='ltr'><strong>diluvium</strong></span> <span class='ocrx_word' id='word_1_414' title='bbox 530 3818 566 3872; x_wconf 91' lang='lat' dir='ltr'><strong>ob</strong></span> <span class='ocrx_word' id='word_1_415' title='bbox 588 3817 766 3888; x_wconf 88' lang='lat' dir='ltr'><strong>impietatem</strong></span> <span class='ocrx_word' id='word_1_416' title='bbox 782 3817 947 3884; x_wconf 87' lang='lat' dir='ltr'><strong>detestatus,</strong></span> 
     </span>
     <span class='ocr_line' id='line_1_43' title="bbox 100 3906 950 3979; baseline -0.006 -14"><span class='ocrx_word' id='word_1_417' title='bbox 100 3909 164 3965; x_wconf 90' lang='lat' dir='ltr'><strong>Sem</strong></span> <span class='ocrx_word' id='word_1_418' title='bbox 178 3914 207 3963; x_wconf 90' lang='lat' dir='ltr'><strong>et</strong></span> <span class='ocrx_word' id='word_1_419' title='bbox 219 3908 322 3978; x_wconf 83' lang='lat' dir='ltr'><strong>taphet</strong></span> <span class='ocrx_word' id='word_1_420' title='bbox 334 3923 387 3979; x_wconf 90' lang='lat' dir='ltr'><strong>pro</strong></span> <span class='ocrx_word' id='word_1_421' title='bbox 403 3907 541 3978; x_wconf 88' lang='lat' dir='ltr'><strong>obsequio</strong></span> <span class='ocrx_word' id='word_1_422' title='bbox 561 3906 728 3961; x_wconf 70' lang='lat' dir='ltr'><strong>rei&#39;ereutiae</strong></span> <span class='ocrx_word' id='word_1_423' title='bbox 744 3911 885 3978; x_wconf 89' lang='lat' dir='ltr'><strong>perpetua</strong></span> <span class='ocrx_word' id='word_1_424' title='bbox 902 3906 950 3961; x_wconf 90' lang='lat' dir='ltr'><strong>be·</strong></span> 
     </span>
     <span class='ocr_line' id='line_1_44' title="bbox 100 3992 949 4063; baseline -0.004 -11"><span class='ocrx_word' id='word_1_425' title='bbox 100 3997 260 4052; x_wconf 89' lang='lat' dir='ltr'><strong>nedictione</strong></span> <span class='ocrx_word' id='word_1_426' title='bbox 288 3995 395 4063; x_wconf 90' lang='lat' dir='ltr'><strong>donati,</strong></span> <span class='ocrx_word' id='word_1_427' title='bbox 413 3995 555 4050; x_wconf 88' lang='lat' dir='ltr'><strong>llhruham</strong></span> <span class='ocrx_word' id='word_1_428' title='bbox 581 3993 649 4049; x_wconf 89' lang='lat' dir='ltr'><strong>tidci</strong></span> <span class='ocrx_word' id='word_1_429' title='bbox 672 3992 775 4049; x_wconf 88' lang='lat' dir='ltr'><strong>merito</strong></span> <span class='ocrx_word' id='word_1_430' title='bbox 799 3995 889 4048; x_wconf 84' lang='lat' dir='ltr'><strong>hieres</strong></span> <span class='ocrx_word' id='word_1_431' title='bbox 904 3994 949 4049; x_wconf 89' lang='lat' dir='ltr'><strong>di·</strong></span> 
     </span>
     <span class='ocr_line' id='line_1_45' title="bbox 100 4082 947 4157; baseline 0.001 -19"><span class='ocrx_word' id='word_1_432' title='bbox 100 4087 174 4141; x_wconf 81' lang='lat' dir='ltr'><strong>vinas</strong></span> <span class='ocrx_word' id='word_1_433' title='bbox 185 4084 386 4157; x_wconf 88' lang='lat' dir='ltr'><strong>promissionis</strong></span> <span class='ocrx_word' id='word_1_434' title='bbox 402 4083 641 4150; x_wconf 62' lang='lat' dir='ltr'><strong>succrescerent</strong></span> <span class='ocrx_word' id='word_1_435' title='bbox 652 4083 781 4155; x_wconf 89' lang='lat' dir='ltr'><strong>gentium</strong></span> <span class='ocrx_word' id='word_1_436' title='bbox 796 4082 947 4139; x_wconf 90' lang='lat' dir='ltr'><strong>multitudo</strong></span> 
     </span>
     <span class='ocr_line' id='line_1_46' title="bbox 99 4171 946 4247; baseline -0.005 -17"><span class='ocrx_word' id='word_1_437' title='bbox 99 4192 153 4247; x_wconf 90' lang='lat' dir='ltr'><strong>pro</strong></span> <span class='ocrx_word' id='word_1_438' title='bbox 168 4174 337 4229; x_wconf 88' lang='lat' dir='ltr'><strong>inlidelitate</strong></span> <span class='ocrx_word' id='word_1_439' title='bbox 351 4172 458 4228; x_wconf 85' lang='lat' dir='ltr'><strong>relicte.</strong></span> <span class='ocrx_word' id='word_1_440' title='bbox 484 4171 658 4227; x_wconf 76' lang='lat' dir='ltr'><strong>Adveuieute</strong></span> <span class='ocrx_word' id='word_1_441' title='bbox 677 4187 794 4242; x_wconf 81' lang='lat' dir='ltr'><strong>quoquo</strong></span> <span class='ocrx_word' id='word_1_442' title='bbox 818 4171 847 4225; x_wconf 94' lang='lat' dir='ltr'><strong>iu</strong></span> <span class='ocrx_word' id='word_1_443' title='bbox 862 4186 946 4226; x_wconf 83' lang='lat' dir='ltr'><strong>cerne</strong></span> 
     </span>
     <span class='ocr_line' id='line_1_47' title="bbox 101 4258 947 4332; baseline -0.006 -14"><span class='ocrx_word' id='word_1_444' title='bbox 101 4262 233 4329; x_wconf 85' lang='lat' dir='ltr'><strong>Domino,</strong></span> <span class='ocrx_word' id='word_1_445' title='bbox 248 4262 349 4317; x_wconf 83' lang='lat' dir='ltr'><strong>Judaeu</strong></span> <span class='ocrx_word' id='word_1_446' title='bbox 362 4277 414 4332; x_wconf 90' lang='lat' dir='ltr'><strong>pro</strong></span> <span class='ocrx_word' id='word_1_447' title='bbox 428 4260 550 4331; x_wconf 84' lang='lat' dir='ltr'><strong>pertidia</strong></span> <span class='ocrx_word' id='word_1_448' title='bbox 565 4260 688 4332; x_wconf 85' lang='lat' dir='ltr'><strong>repulsa,</strong></span> <span class='ocrx_word' id='word_1_449' title='bbox 700 4258 844 4331; x_wconf 90' lang='lat' dir='ltr'><strong>gentilitas</strong></span> <span class='ocrx_word' id='word_1_450' title='bbox 857 4259 947 4332; x_wconf 90' lang='lat' dir='ltr'><strong>gratia</strong></span> 
     </span>
     <span class='ocr_line' id='line_1_48' title="bbox 100 4346 947 4419; baseline -0.004 -14"><span class='ocrx_word' id='word_1_451' title='bbox 100 4350 135 4405; x_wconf 94' lang='lat' dir='ltr'><strong>ad</strong></span> <span class='ocrx_word' id='word_1_452' title='bbox 155 4351 278 4405; x_wconf 88' lang='lat' dir='ltr'><strong>salutem</strong></span> <span class='ocrx_word' id='word_1_453' title='bbox 294 4349 420 4414; x_wconf 86' lang='lat' dir='ltr'><strong>reducta,</strong></span> <span class='ocrx_word' id='word_1_454' title='bbox 448 4353 477 4401; x_wconf 89' lang='lat' dir='ltr'><strong>et</strong></span> <span class='ocrx_word' id='word_1_455' title='bbox 495 4346 673 4418; x_wconf 82' lang='lat' dir='ltr'><strong>hujusmodi,</strong></span> <span class='ocrx_word' id='word_1_456' title='bbox 695 4363 759 4418; x_wconf 82' lang='lat' dir='ltr'><strong>quie</strong></span> <span class='ocrx_word' id='word_1_457' title='bbox 779 4347 810 4402; x_wconf 96' lang='lat' dir='ltr'><strong>iu</strong></span> <span class='ocrx_word' id='word_1_458' title='bbox 825 4350 947 4419; x_wconf 86' lang='lat' dir='ltr'><strong>utroque</strong></span> 
     </span>
     <span class='ocr_line' id='line_1_49' title="bbox 99 4436 945 4507; baseline -0.004 -13"><span class='ocrx_word' id='word_1_459' title='bbox 99 4443 270 4495; x_wconf 89' lang='lat' dir='ltr'><strong>testamento</strong></span> <span class='ocrx_word' id='word_1_460' title='bbox 300 4437 421 4492; x_wconf 90' lang='lat' dir='ltr'><strong>solerter</strong></span> <span class='ocrx_word' id='word_1_461' title='bbox 446 4436 624 4491; x_wconf 89' lang='lat' dir='ltr'><strong>considerata</strong></span> <span class='ocrx_word' id='word_1_462' title='bbox 650 4436 784 4491; x_wconf 88' lang='lat' dir='ltr'><strong>studiosis</strong></span> <span class='ocrx_word' id='word_1_463' title='bbox 814 4441 945 4507; x_wconf 85' lang='lat' dir='ltr'><strong>prosunt.</strong></span> 
     </span>
     <span class='ocr_line' id='line_1_50' title="bbox 101 4523 948 4594; baseline -0.005 -11"><span class='ocrx_word' id='word_1_464' title='bbox 101 4528 166 4583; x_wconf 87' lang='lat' dir='ltr'><strong>ideo</strong></span> <span class='ocrx_word' id='word_1_465' title='bbox 181 4526 302 4582; x_wconf 77' lang='lat' dir='ltr'><strong>forsitan</strong></span> <span class='ocrx_word' id='word_1_466' title='bbox 314 4525 370 4581; x_wconf 92' lang='lat' dir='ltr'><strong>duo</strong></span> <span class='ocrx_word' id='word_1_467' title='bbox 381 4528 448 4580; x_wconf 91' lang='lat' dir='ltr'><strong>sunt</strong></span> <span class='ocrx_word' id='word_1_468' title='bbox 458 4525 574 4580; x_wconf 89' lang='lat' dir='ltr'><strong>ordines</strong></span> <span class='ocrx_word' id='word_1_469' title='bbox 586 4524 798 4594; x_wconf 82' lang='lat' dir='ltr'><strong>sculpturarum</strong></span> <span class='ocrx_word' id='word_1_470' title='bbox 809 4523 948 4579; x_wconf 87' lang='lat' dir='ltr'><strong>histriata·</strong></span> 
     </span>
    </p>
   </div>
   <div class='ocr_carea' id='block_1_11' title="bbox 72 4613 1580 4712">
    <p class='ocr_par' dir='ltr' id='par_1_12' title="bbox 72 4613 1580 4712">
     <span class='ocr_line' id='line_1_51' title="bbox 72 4613 1580 4712; baseline -0.003 -41"><span class='ocrx_word' id='word_1_471' title='bbox 72 4659 76 4664; x_wconf 25' lang='lat' dir='ltr'>v</span> <span class='ocrx_word' id='word_1_472' title='bbox 99 4632 163 4671; x_wconf 91' lang='lat' dir='ltr'><strong>rum</strong></span> <span class='ocrx_word' id='word_1_473' title='bbox 185 4615 214 4670; x_wconf 90' lang='lat' dir='ltr'><strong>iii</strong></span> <span class='ocrx_word' id='word_1_474' title='bbox 232 4615 304 4669; x_wconf 89' lang='lat' dir='ltr'><strong>mari</strong></span> <span class='ocrx_word' id='word_1_475' title='bbox 318 4630 410 4682; x_wconf 75' lang='lat' dir='ltr'><strong>teneo,</strong></span> <span class='ocrx_word' id='word_1_476' title='bbox 425 4619 458 4672; x_wconf 91' lang='lat' dir='ltr'><strong>ut</strong></span> <span class='ocrx_word' id='word_1_477' title='bbox 478 4614 528 4686; x_wconf 89' lang='lat' dir='ltr'><strong>qui</strong></span> <span class='ocrx_word' id='word_1_478' title='bbox 542 4614 622 4669; x_wconf 86' lang='lat' dir='ltr'><strong>fonte</strong></span> <span class='ocrx_word' id='word_1_479' title='bbox 645 4613 823 4684; x_wconf 87' lang='lat' dir='ltr'><strong>baptismatis</strong></span> <span class='ocrx_word' id='word_1_480' title='bbox 841 4613 947 4675; x_wconf 80' lang='lat' dir='ltr'><strong>imbuti</strong></span> <span class='ocrx_word' id='word_1_481' title='bbox 1000 4645 1112 4709; x_wconf 49' lang='lat' dir='ltr'>nentes,</span> <span class='ocrx_word' id='word_1_482' title='bbox 1128 4639 1239 4697; x_wconf 54' lang='lat' dir='ltr'><strong>former</strong></span> <span class='ocrx_word' id='word_1_483' title='bbox 1252 4642 1371 4696; x_wconf 55' lang='lat' dir='ltr'><strong>advers,</strong></span> <span class='ocrx_word' id='word_1_484' title='bbox 1396 4643 1580 4712; x_wconf 50' lang='lat' dir='ltr'><strong>sustinentes,</strong></span> 
     </span>
    </p>
   </div>
   <div class='ocr_carea' id='block_1_12' title="bbox 98 4701 947 5131">
    <p class='ocr_par' dir='ltr' id='par_1_13' title="bbox 98 4701 947 5131">
     <span class='ocr_line' id='line_1_52' title="bbox 99 4701 946 4776; baseline -0.002 -17"><span class='ocrx_word' id='word_1_485' title='bbox 99 4709 176 4773; x_wconf 82' lang='lat' dir='ltr'><strong>iniit,</strong></span> <span class='ocrx_word' id='word_1_486' title='bbox 200 4703 348 4776; x_wconf 90' lang='lat' dir='ltr'><strong>utriusque</strong></span> <span class='ocrx_word' id='word_1_487' title='bbox 363 4703 527 4759; x_wconf 86' lang='lat' dir='ltr'><strong>testamenti</strong></span> <span class='ocrx_word' id='word_1_488' title='bbox 542 4703 703 4758; x_wconf 86' lang='lat' dir='ltr'><strong>auscultent</strong></span> <span class='ocrx_word' id='word_1_489' title='bbox 712 4701 845 4757; x_wconf 92' lang='lat' dir='ltr'><strong>historias</strong></span> <span class='ocrx_word' id='word_1_490' title='bbox 860 4702 946 4758; x_wconf 86' lang='lat' dir='ltr'><strong>:ideo</strong></span> 
     </span>
     <span class='ocr_line' id='line_1_53' title="bbox 100 4791 947 4864; baseline -0.002 -16"><span class='ocrx_word' id='word_1_491' title='bbox 100 4793 199 4848; x_wconf 89' lang='lat' dir='ltr'><strong>decem</strong></span> <span class='ocrx_word' id='word_1_492' title='bbox 214 4792 378 4848; x_wconf 90' lang='lat' dir='ltr'><strong>cubitorum</strong></span> <span class='ocrx_word' id='word_1_493' title='bbox 401 4797 482 4847; x_wconf 89' lang='lat' dir='ltr'><strong>eraut</strong></span> <span class='ocrx_word' id='word_1_494' title='bbox 505 4791 536 4846; x_wconf 94' lang='lat' dir='ltr'><strong>iu</strong></span> <span class='ocrx_word' id='word_1_495' title='bbox 560 4807 641 4864; x_wconf 83' lang='lat' dir='ltr'><strong>gyro,</strong></span> <span class='ocrx_word' id='word_1_496' title='bbox 664 4795 695 4846; x_wconf 90' lang='lat' dir='ltr'><strong>ut</strong></span> <span class='ocrx_word' id='word_1_497' title='bbox 713 4807 900 4864; x_wconf 88' lang='lat' dir='ltr'><strong>quoscunque</strong></span> <span class='ocrx_word' id='word_1_498' title='bbox 916 4792 947 4847; x_wconf 91' lang='lat' dir='ltr'><strong>in</strong></span> 
     </span>
     <span class='ocr_line' id='line_1_54' title="bbox 99 4880 946 4951; baseline -0.001 -15"><span class='ocrx_word' id='word_1_499' title='bbox 99 4880 208 4936; x_wconf 85' lang='lat' dir='ltr'><strong>eisdem</strong></span> <span class='ocrx_word' id='word_1_500' title='bbox 223 4881 351 4936; x_wconf 85' lang='lat' dir='ltr'><strong>historiis</strong></span> <span class='ocrx_word' id='word_1_501' title='bbox 375 4881 484 4937; x_wconf 87' lang='lat' dir='ltr'><strong>deditos</strong></span> <span class='ocrx_word' id='word_1_502' title='bbox 495 4881 582 4951; x_wconf 90' lang='lat' dir='ltr'><strong>jussis</strong></span> <span class='ocrx_word' id='word_1_503' title='bbox 600 4880 759 4936; x_wconf 85' lang='lat' dir='ltr'><strong>coelestibus</strong></span> <span class='ocrx_word' id='word_1_504' title='bbox 774 4880 900 4949; x_wconf 89' lang='lat' dir='ltr'><strong>obedire,</strong></span> <span class='ocrx_word' id='word_1_505' title='bbox 918 4886 946 4936; x_wconf 91' lang='lat' dir='ltr'><strong>et</strong></span> 
     </span>
     <span class='ocr_line' id='line_1_55' title="bbox 98 4968 946 5041; baseline -0.001 -17"><span class='ocrx_word' id='word_1_506' title='bbox 98 4973 158 5024; x_wconf 85' lang='lat' dir='ltr'><strong>tota</strong></span> <span class='ocrx_word' id='word_1_507' title='bbox 174 4970 334 5025; x_wconf 91' lang='lat' dir='ltr'><strong>intentione</strong></span> <span class='ocrx_word' id='word_1_508' title='bbox 358 4970 394 5026; x_wconf 93' lang='lat' dir='ltr'><strong>ad</strong></span> <span class='ocrx_word' id='word_1_509' title='bbox 418 4985 542 5041; x_wconf 86' lang='lat' dir='ltr'><strong>superna</strong></span> <span class='ocrx_word' id='word_1_510' title='bbox 565 4968 683 5040; x_wconf 84' lang='lat' dir='ltr'><strong>praemia</strong></span> <span class='ocrx_word' id='word_1_511' title='bbox 711 4984 864 5040; x_wconf 89' lang='lat' dir='ltr'><strong>suspensos</strong></span> <span class='ocrx_word' id='word_1_512' title='bbox 885 4985 946 5041; x_wconf 82' lang='lat' dir='ltr'><strong>pro</strong></span> 
     </span>
     <span class='ocr_line' id='line_1_56' title="bbox 98 5057 568 5131; baseline -0.004 -19"><span class='ocrx_word' id='word_1_513' title='bbox 98 5058 251 5131; x_wconf 85' lang='lat' dir='ltr'><strong>spexeriot,</strong></span> <span class='ocrx_word' id='word_1_514' title='bbox 267 5057 373 5113; x_wconf 90' lang='lat' dir='ltr'><strong>imitari</strong></span> <span class='ocrx_word' id='word_1_515' title='bbox 386 5058 568 5113; x_wconf 87' lang='lat' dir='ltr'><strong>contendant.</strong></span> 
     </span>
    </p>
   </div>
   <div class='ocr_carea' id='block_1_13' title="bbox 1002 2076 1853 2855">
    <p class='ocr_par' dir='ltr' id='par_1_14' title="bbox 1002 2076 1850 2310">
     <span class='ocr_line' id='line_1_57' title="bbox 1037 2076 1850 2149; baseline -0.004 -16"><span class='ocrx_word' id='word_1_516' title='bbox 1037 2079 1114 2134; x_wconf 79' lang='lat' dir='ltr'><strong>titii.</strong></span> <span class='ocrx_word' id='word_1_517' title='bbox 1141 2078 1206 2147; x_wconf 78' lang='lat' dir='ltr'><strong>(ln,</strong></span> <span class='ocrx_word' id='word_1_518' title='bbox 1225 2077 1307 2145; x_wconf 80' lang='lat' dir='ltr'><strong>ibid.)</strong></span> <span class='ocrx_word' id='word_1_519' title='bbox 1332 2077 1435 2132; x_wconf 90' lang='lat' dir='ltr'><strong>Litium</strong></span> <span class='ocrx_word' id='word_1_520' title='bbox 1458 2076 1731 2133; x_wconf 75' lang='lat' dir='ltr'><strong>comitante-odoris</strong></span> <span class='ocrx_word' id='word_1_521' title='bbox 1758 2076 1850 2149; x_wconf 83' lang='lat' dir='ltr'><strong>gratie</strong></span> 
     </span>
     <span class='ocr_line' id='line_1_58' title="bbox 1002 2163 1850 2234; baseline -0.004 -13"><span class='ocrx_word' id='word_1_522' title='bbox 1002 2166 1155 2221; x_wconf 90' lang='lat' dir='ltr'><strong>candidum</strong></span> <span class='ocrx_word' id='word_1_523' title='bbox 1170 2165 1296 2219; x_wconf 89' lang='lat' dir='ltr'><strong>colorem</strong></span> <span class='ocrx_word' id='word_1_524' title='bbox 1322 2164 1401 2234; x_wconf 89' lang='lat' dir='ltr'><strong>loris,</strong></span> <span class='ocrx_word' id='word_1_525' title='bbox 1424 2168 1489 2231; x_wconf 77' lang='lat' dir='ltr'><strong>etc,</strong></span> <span class='ocrx_word' id='word_1_526' title='bbox 1514 2179 1598 2234; x_wconf 84' lang='lat' dir='ltr'><strong>usque</strong></span> <span class='ocrx_word' id='word_1_527' title='bbox 1623 2164 1661 2219; x_wconf 83' lang='lat' dir='ltr'><strong>od</strong></span> <span class='ocrx_word' id='word_1_528' title='bbox 1684 2165 1761 2221; x_wconf 88' lang='lat' dir='ltr'><strong>undo</strong></span> <span class='ocrx_word' id='word_1_529' title='bbox 1784 2163 1850 2219; x_wconf 87' lang='lat' dir='ltr'><strong>sub·</strong></span> 
     </span>
     <span class='ocr_line' id='line_1_59' title="bbox 1002 2254 1099 2310; baseline -0.021 0"><span class='ocrx_word' id='word_1_530' title='bbox 1002 2254 1099 2310; x_wconf 91' lang='lat' dir='ltr'><strong>ditur:</strong></span> 
     </span>
    </p>

    <p class='ocr_par' dir='ltr' id='par_1_15' title="bbox 1002 2341 1853 2589">
     <span class='ocr_line' id='line_1_60' title="bbox 1037 2341 1850 2411; baseline -0.004 -12"><span class='ocrx_word' id='word_1_531' title='bbox 1037 2346 1094 2399; x_wconf 82' lang='lat' dir='ltr'><strong>Duo</strong></span> <span class='ocrx_word' id='word_1_532' title='bbox 1117 2343 1205 2397; x_wconf 81' lang='lat' dir='ltr'><strong>mittio</strong></span> <span class='ocrx_word' id='word_1_533' title='bbox 1221 2342 1296 2396; x_wconf 85' lang='lat' dir='ltr'><strong>hutos</strong></span> <span class='ocrx_word' id='word_1_534' title='bbox 1317 2341 1442 2411; x_wconf 83' lang='lat' dir='ltr'><strong>cupiebat</strong></span> <span class='ocrx_word' id='word_1_535' title='bbox 1463 2345 1488 2397; x_wconf 87' lang='lat' dir='ltr'><strong>et</strong></span> <span class='ocrx_word' id='word_1_536' title='bbox 1512 2343 1567 2397; x_wconf 84' lang='lat' dir='ltr'><strong>triu</strong></span> <span class='ocrx_word' id='word_1_537' title='bbox 1592 2343 1693 2410; x_wconf 81' lang='lat' dir='ltr'><strong>mittin,</strong></span> <span class='ocrx_word' id='word_1_538' title='bbox 1709 2346 1763 2397; x_wconf 87' lang='lat' dir='ltr'><strong>stc.</strong></span> <span class='ocrx_word' id='word_1_539' title='bbox 1790 2343 1850 2411; x_wconf 79' lang='lat' dir='ltr'><strong>(ln,</strong></span> 
     </span>
     <span class='ocr_line' id='line_1_61' title="bbox 1002 2429 1853 2500; baseline -0.005 -12"><span class='ocrx_word' id='word_1_540' title='bbox 1002 2432 1081 2499; x_wconf 82' lang='lat' dir='ltr'><strong>thid.)</strong></span> <span class='ocrx_word' id='word_1_541' title='bbox 1104 2432 1188 2485; x_wconf 83' lang='lat' dir='ltr'><strong>Bntus</strong></span> <span class='ocrx_word' id='word_1_542' title='bbox 1202 2429 1387 2485; x_wconf 86' lang='lat' dir='ltr'><strong>ltebrreorum</strong></span> <span class='ocrx_word' id='word_1_543' title='bbox 1407 2445 1541 2485; x_wconf 87' lang='lat' dir='ltr'><strong>mensura</strong></span> <span class='ocrx_word' id='word_1_544' title='bbox 1557 2432 1608 2496; x_wconf 88' lang='lat' dir='ltr'><strong>ast,</strong></span> <span class='ocrx_word' id='word_1_545' title='bbox 1634 2433 1699 2496; x_wconf 77' lang='lat' dir='ltr'><strong>stc,</strong></span> <span class='ocrx_word' id='word_1_546' title='bbox 1714 2444 1801 2500; x_wconf 80' lang='lat' dir='ltr'><strong>usque</strong></span> <span class='ocrx_word' id='word_1_547' title='bbox 1815 2429 1853 2484; x_wconf 87' lang='lat' dir='ltr'><strong>ud</strong></span> 
     </span>
     <span class='ocr_line' id='line_1_62' title="bbox 1002 2517 1563 2589; baseline -0.002 -16"><span class='ocrx_word' id='word_1_548' title='bbox 1002 2518 1131 2589; x_wconf 89' lang='lat' dir='ltr'><strong>ejusdem</strong></span> <span class='ocrx_word' id='word_1_549' title='bbox 1146 2517 1228 2588; x_wconf 91' lang='lat' dir='ltr'><strong>regui</strong></span> <span class='ocrx_word' id='word_1_550' title='bbox 1246 2517 1314 2572; x_wconf 80' lang='lat' dir='ltr'><strong>facit</strong></span> <span class='ocrx_word' id='word_1_551' title='bbox 1328 2533 1388 2572; x_wconf 89' lang='lat' dir='ltr'><strong>esse</strong></span> <span class='ocrx_word' id='word_1_552' title='bbox 1402 2517 1563 2588; x_wconf 76' lang='lat' dir='ltr'><strong>participes.</strong></span> 
     </span>
    </p>

    <p class='ocr_par' dir='ltr' id='par_1_16' title="bbox 1002 2603 1852 2855">
     <span class='ocr_line' id='line_1_63' title="bbox 1038 2603 1852 2676; baseline -0.001 -17"><span class='ocrx_word' id='word_1_553' title='bbox 1038 2606 1121 2660; x_wconf 81' lang='lat' dir='ltr'><strong>Vens.</strong></span> <span class='ocrx_word' id='word_1_554' title='bbox 1142 2607 1185 2659; x_wconf 77' lang='lat' dir='ltr'><strong>ni.</strong></span> <span class='ocrx_word' id='word_1_555' title='bbox 1211 2633 1245 2646; x_wconf 86' lang='lat'><em>-</em></span> <span class='ocrx_word' id='word_1_556' title='bbox 1264 2605 1324 2675; x_wconf 82' lang='lat' dir='ltr'><strong>(ln,</strong></span> <span class='ocrx_word' id='word_1_557' title='bbox 1348 2604 1518 2676; x_wconf 73' lang='lat' dir='ltr'><strong>struthinio</strong></span> <span class='ocrx_word' id='word_1_558' title='bbox 1538 2604 1745 2676; x_wconf 85' lang='lat' dir='ltr'><strong>perlectionem</strong></span> <span class='ocrx_word' id='word_1_559' title='bbox 1759 2603 1852 2675; x_wconf 89' lang='lat' dir='ltr'><strong>sigui·</strong></span> 
     </span>
     <span class='ocr_line' id='line_1_64' title="bbox 1002 2693 1852 2766; baseline -0.002 -17"><span class='ocrx_word' id='word_1_560' title='bbox 1002 2694 1078 2762; x_wconf 87' lang='lat' dir='ltr'><strong>licat,</strong></span> <span class='ocrx_word' id='word_1_561' title='bbox 1093 2693 1162 2766; x_wconf 84' lang='lat' dir='ltr'><strong>quia</strong></span> <span class='ocrx_word' id='word_1_562' title='bbox 1185 2693 1334 2748; x_wconf 81' lang='lat' dir='ltr'><strong>denarium</strong></span> <span class='ocrx_word' id='word_1_563' title='bbox 1359 2694 1531 2765; x_wconf 81' lang='lat' dir='ltr'><strong>quadratum</strong></span> <span class='ocrx_word' id='word_1_564' title='bbox 1555 2693 1678 2749; x_wconf 90' lang='lat' dir='ltr'><strong>solidum</strong></span> <span class='ocrx_word' id='word_1_565' title='bbox 1700 2693 1777 2748; x_wconf 83' lang='lat' dir='ltr'><strong>lucit.</strong></span> <span class='ocrx_word' id='word_1_566' title='bbox 1800 2694 1852 2748; x_wconf 77' lang='lat' dir='ltr'><strong>lle</strong></span> 
     </span>
     <span class='ocr_line' id='line_1_65' title="bbox 1002 2782 1850 2855; baseline -0.002 -17"><span class='ocrx_word' id='word_1_567' title='bbox 1002 2783 1059 2838; x_wconf 88' lang='lat' dir='ltr'><strong>cies</strong></span> <span class='ocrx_word' id='word_1_568' title='bbox 1082 2782 1159 2838; x_wconf 89' lang='lat' dir='ltr'><strong>enim</strong></span> <span class='ocrx_word' id='word_1_569' title='bbox 1177 2783 1286 2845; x_wconf 88' lang='lat' dir='ltr'><strong>decem,</strong></span> <span class='ocrx_word' id='word_1_570' title='bbox 1310 2787 1426 2838; x_wconf 91' lang='lat' dir='ltr'><strong>centum</strong></span> <span class='ocrx_word' id='word_1_571' title='bbox 1449 2782 1566 2851; x_wconf 87' lang='lat' dir='ltr'><strong>faciunt,</strong></span> <span class='ocrx_word' id='word_1_572' title='bbox 1591 2799 1656 2855; x_wconf 85' lang='lat' dir='ltr'><strong>quse</strong></span> <span class='ocrx_word' id='word_1_573' title='bbox 1684 2782 1777 2853; x_wconf 86' lang='lat' dir='ltr'><strong>figura</strong></span> <span class='ocrx_word' id='word_1_574' title='bbox 1789 2782 1850 2852; x_wconf 85' lang='lat' dir='ltr'><strong>jum</strong></span> 
     </span>
    </p>
   </div>
   <div class='ocr_carea' id='block_1_14' title="bbox 963 2870 1850 2956">
    <p class='ocr_par' dir='ltr' id='par_1_17' title="bbox 963 2870 1850 2956">
     <span class='ocr_line' id='line_1_66' title="bbox 963 2870 1850 2956; baseline 0 -32"><span class='ocrx_word' id='word_1_575' title='bbox 963 2899 984 2956; x_wconf 70' lang='lat' dir='ltr'>c</span> <span class='ocrx_word' id='word_1_576' title='bbox 1002 2872 1150 2944; x_wconf 85' lang='lat' dir='ltr'><strong>quadrato,</strong></span> <span class='ocrx_word' id='word_1_577' title='bbox 1166 2872 1214 2928; x_wconf 91' lang='lat' dir='ltr'><strong>sed</strong></span> <span class='ocrx_word' id='word_1_578' title='bbox 1231 2871 1324 2926; x_wconf 89' lang='lat' dir='ltr'><strong>adhuc</strong></span> <span class='ocrx_word' id='word_1_579' title='bbox 1339 2872 1433 2943; x_wconf 82' lang='lat' dir='ltr'><strong>plena.</strong></span> <span class='ocrx_word' id='word_1_580' title='bbox 1450 2873 1554 2926; x_wconf 88' lang='lat' dir='ltr'><strong>Verum</strong></span> <span class='ocrx_word' id='word_1_581' title='bbox 1575 2876 1606 2927; x_wconf 90' lang='lat' dir='ltr'><strong>iit</strong></span> <span class='ocrx_word' id='word_1_582' title='bbox 1621 2871 1651 2926; x_wconf 93' lang='lat' dir='ltr'><strong>iu</strong></span> <span class='ocrx_word' id='word_1_583' title='bbox 1665 2870 1850 2926; x_wconf 72' lang='lat' dir='ltr'><strong>altitudinem</strong></span> 
     </span>
    </p>
   </div>
   <div class='ocr_carea' id='block_1_15' title="bbox 1002 2959 1851 4183">
    <p class='ocr_par' dir='ltr' id='par_1_18' title="bbox 1002 2959 1851 3369">
     <span class='ocr_line' id='line_1_67' title="bbox 1003 2959 1850 3033; baseline -0.002 -17"><span class='ocrx_word' id='word_1_584' title='bbox 1003 2965 1102 3032; x_wconf 81' lang='lat' dir='ltr'><strong>surgat</strong></span> <span class='ocrx_word' id='word_1_585' title='bbox 1116 2965 1146 3016; x_wconf 89' lang='lat' dir='ltr'><strong>et</strong></span> <span class='ocrx_word' id='word_1_586' title='bbox 1158 2961 1248 3015; x_wconf 88' lang='lat' dir='ltr'><strong>solida</strong></span> <span class='ocrx_word' id='word_1_587' title='bbox 1263 2960 1412 3029; x_wconf 83' lang='lat' dir='ltr'><strong>efficiatur,</strong></span> <span class='ocrx_word' id='word_1_588' title='bbox 1431 2959 1590 3033; x_wconf 88' lang='lat' dir='ltr'><strong>multiplica</strong></span> <span class='ocrx_word' id='word_1_589' title='bbox 1604 2965 1722 3014; x_wconf 88' lang='lat' dir='ltr'><strong>centum</strong></span> <span class='ocrx_word' id='word_1_590' title='bbox 1738 2974 1790 3030; x_wconf 90' lang='lat' dir='ltr'><strong>per</strong></span> <span class='ocrx_word' id='word_1_591' title='bbox 1804 2960 1850 3014; x_wconf 89' lang='lat' dir='ltr'><strong>de·</strong></span> 
     </span>
     <span class='ocr_line' id='line_1_68' title="bbox 1002 3047 1851 3114; baseline -0.004 -10"><span class='ocrx_word' id='word_1_592' title='bbox 1002 3064 1073 3114; x_wconf 85' lang='lat' dir='ltr'><strong>cem,</strong></span> <span class='ocrx_word' id='word_1_593' title='bbox 1091 3047 1208 3103; x_wconf 87' lang='lat' dir='ltr'><strong>attinnt</strong></span> <span class='ocrx_word' id='word_1_594' title='bbox 1233 3047 1320 3102; x_wconf 88' lang='lat' dir='ltr'><strong>mille.</strong></span> <span class='ocrx_word' id='word_1_595' title='bbox 1343 3048 1405 3114; x_wconf 79' lang='lat' dir='ltr'><strong>Quo</strong></span> <span class='ocrx_word' id='word_1_596' title='bbox 1432 3064 1552 3104; x_wconf 90' lang='lat' dir='ltr'><strong>numero</strong></span> <span class='ocrx_word' id='word_1_597' title='bbox 1580 3047 1689 3103; x_wconf 85' lang='lat' dir='ltr'><strong>stabilis</strong></span> <span class='ocrx_word' id='word_1_598' title='bbox 1717 3054 1747 3102; x_wconf 90' lang='lat' dir='ltr'><strong>et</strong></span> <span class='ocrx_word' id='word_1_599' title='bbox 1772 3047 1851 3103; x_wconf 81' lang='lat' dir='ltr'><strong>velut</strong></span> 
     </span>
     <span class='ocr_line' id='line_1_69' title="bbox 1002 3136 1850 3209; baseline -0.001 -19"><span class='ocrx_word' id='word_1_600' title='bbox 1002 3137 1141 3209; x_wconf 89' lang='lat' dir='ltr'><strong>quadrata</strong></span> <span class='ocrx_word' id='word_1_601' title='bbox 1164 3137 1308 3208; x_wconf 90' lang='lat' dir='ltr'><strong>justorum</strong></span> <span class='ocrx_word' id='word_1_602' title='bbox 1323 3137 1496 3191; x_wconf 87' lang='lat' dir='ltr'><strong>conscientia</strong></span> <span class='ocrx_word' id='word_1_603' title='bbox 1510 3137 1649 3209; x_wconf 80' lang='lat' dir='ltr'><strong>signetur.</strong></span> <span class='ocrx_word' id='word_1_604' title='bbox 1663 3136 1850 3207; x_wconf 86' lang='lat' dir='ltr'><strong>Quocumque</strong></span> 
     </span>
     <span class='ocr_line' id='line_1_70' title="bbox 1003 3225 1850 3296; baseline -0.001 -16"><span class='ocrx_word' id='word_1_605' title='bbox 1003 3226 1080 3280; x_wconf 88' lang='lat' dir='ltr'><strong>anim</strong></span> <span class='ocrx_word' id='word_1_606' title='bbox 1094 3225 1207 3280; x_wconf 86' lang='lat' dir='ltr'><strong>intertis</strong></span> <span class='ocrx_word' id='word_1_607' title='bbox 1231 3225 1415 3296; x_wconf 83' lang='lat' dir='ltr'><strong>quadratum,</strong></span> <span class='ocrx_word' id='word_1_608' title='bbox 1440 3225 1536 3295; x_wconf 89' lang='lat' dir='ltr'><strong>stabit,</strong></span> <span class='ocrx_word' id='word_1_609' title='bbox 1557 3225 1597 3281; x_wconf 91' lang='lat' dir='ltr'><strong>sic</strong></span> <span class='ocrx_word' id='word_1_610' title='bbox 1619 3225 1733 3280; x_wconf 86' lang='lat' dir='ltr'><strong>animus</strong></span> <span class='ocrx_word' id='word_1_611' title='bbox 1748 3225 1850 3280; x_wconf 86' lang='lat' dir='ltr'><strong>electo-</strong></span> 
     </span>
     <span class='ocr_line' id='line_1_71' title="bbox 1003 3311 1848 3369; baseline -0.001 -2"><span class='ocrx_word' id='word_1_612' title='bbox 1003 3328 1067 3369; x_wconf 91' lang='lat' dir='ltr'><strong>rum</strong></span> <span class='ocrx_word' id='word_1_613' title='bbox 1082 3313 1162 3367; x_wconf 92' lang='lat' dir='ltr'><strong>uulla</strong></span> <span class='ocrx_word' id='word_1_614' title='bbox 1178 3311 1368 3367; x_wconf 83' lang='lat' dir='ltr'><strong>tentationes</strong></span> <span class='ocrx_word' id='word_1_615' title='bbox 1390 3316 1463 3366; x_wconf 90' lang='lat' dir='ltr'><strong>statii</strong></span> <span class='ocrx_word' id='word_1_616' title='bbox 1486 3312 1664 3367; x_wconf 89' lang='lat' dir='ltr'><strong>rectitudinis</strong></span> <span class='ocrx_word' id='word_1_617' title='bbox 1686 3312 1848 3367; x_wconf 91' lang='lat' dir='ltr'><strong>inclinatur.</strong></span> 
     </span>
    </p>

    <p class='ocr_par' dir='ltr' id='par_1_19' title="bbox 1002 3399 1849 3647">
     <span class='ocr_line' id='line_1_72' title="bbox 1037 3399 1849 3472; baseline 0 -16"><span class='ocrx_word' id='word_1_618' title='bbox 1037 3399 1336 3471; x_wconf 79' lang='lat' dir='ltr'><strong>ursecir.(1s.‚ioict.,</strong></span> <span class='ocrx_word' id='word_1_619' title='bbox 1358 3416 1420 3471; x_wconf 80' lang='lat' dir='ltr'><strong>rap.</strong></span> <span class='ocrx_word' id='word_1_620' title='bbox 1443 3401 1500 3472; x_wconf 77' lang='lat'><strong>20.)</strong></span> <span class='ocrx_word' id='word_1_621' title='bbox 1519 3400 1669 3455; x_wconf 82' lang='lat' dir='ltr'><strong>llultilerie</strong></span> <span class='ocrx_word' id='word_1_622' title='bbox 1692 3401 1849 3472; x_wconf 87' lang='lat' dir='ltr'><strong>multisque</strong></span> 
     </span>
     <span class='ocr_line' id='line_1_73' title="bbox 1002 3488 1849 3561; baseline -0.001 -16"><span class='ocrx_word' id='word_1_623' title='bbox 1002 3490 1095 3545; x_wconf 91' lang='lat' dir='ltr'><strong>modis</strong></span> <span class='ocrx_word' id='word_1_624' title='bbox 1124 3489 1225 3544; x_wconf 90' lang='lat' dir='ltr'><strong>eadem</strong></span> <span class='ocrx_word' id='word_1_625' title='bbox 1248 3495 1354 3543; x_wconf 85' lang='lat' dir='ltr'><strong>uostrae</strong></span> <span class='ocrx_word' id='word_1_626' title='bbox 1383 3488 1483 3544; x_wconf 90' lang='lat' dir='ltr'><strong>salutis</strong></span> <span class='ocrx_word' id='word_1_627' title='bbox 1512 3494 1690 3544; x_wconf 89' lang='lat' dir='ltr'><strong>sacramenta</strong></span> <span class='ocrx_word' id='word_1_628' title='bbox 1718 3488 1849 3561; x_wconf 84' lang='lat' dir='ltr'><strong>figuran-</strong></span> 
     </span>
     <span class='ocr_line' id='line_1_74' title="bbox 1003 3577 1767 3647; baseline -0.001 -13"><span class='ocrx_word' id='word_1_629' title='bbox 1003 3584 1059 3644; x_wconf 91' lang='lat' dir='ltr'><strong>tur,</strong></span> <span class='ocrx_word' id='word_1_630' title='bbox 1074 3584 1139 3645; x_wconf 82' lang='lat' dir='ltr'><strong>etc,</strong></span> <span class='ocrx_word' id='word_1_631' title='bbox 1153 3593 1238 3647; x_wconf 80' lang='lat' dir='ltr'><strong>usque</strong></span> <span class='ocrx_word' id='word_1_632' title='bbox 1249 3579 1286 3632; x_wconf 84' lang='lat' dir='ltr'><strong>ad</strong></span> <span class='ocrx_word' id='word_1_633' title='bbox 1298 3577 1393 3632; x_wconf 87' lang='lat' dir='ltr'><strong>divino</strong></span> <span class='ocrx_word' id='word_1_634' title='bbox 1409 3578 1477 3632; x_wconf 90' lang='lat' dir='ltr'><strong>lecit</strong></span> <span class='ocrx_word' id='word_1_635' title='bbox 1489 3594 1585 3633; x_wconf 87' lang='lat' dir='ltr'><strong>amore</strong></span> <span class='ocrx_word' id='word_1_636' title='bbox 1600 3578 1767 3633; x_wconf 82' lang='lat' dir='ltr'><strong>torrescere.</strong></span> 
     </span>
    </p>

    <p class='ocr_par' dir='ltr' id='par_1_20' title="bbox 1002 3665 1849 3989">
     <span class='ocr_line' id='line_1_75' title="bbox 1038 3665 1849 3737; baseline -0.002 -16"><span class='ocrx_word' id='word_1_637' title='bbox 1038 3668 1103 3737; x_wconf 75' lang='lat' dir='ltr'><strong>(lit,</strong></span> <span class='ocrx_word' id='word_1_638' title='bbox 1118 3666 1198 3736; x_wconf 79' lang='lat' dir='ltr'><strong>ittd.)</strong></span> <span class='ocrx_word' id='word_1_639' title='bbox 1214 3666 1295 3732; x_wconf 83' lang='lat' dir='ltr'><strong>Quod</strong></span> <span class='ocrx_word' id='word_1_640' title='bbox 1311 3665 1347 3720; x_wconf 91' lang='lat' dir='ltr'><strong>ad</strong></span> <span class='ocrx_word' id='word_1_641' title='bbox 1362 3666 1520 3737; x_wconf 91' lang='lat' dir='ltr'><strong>portandos</strong></span> <span class='ocrx_word' id='word_1_642' title='bbox 1535 3667 1639 3721; x_wconf 87' lang='lat' dir='ltr'><strong>luteres</strong></span> <span class='ocrx_word' id='word_1_643' title='bbox 1654 3667 1753 3722; x_wconf 89' lang='lat' dir='ltr'><strong>decem</strong></span> <span class='ocrx_word' id='word_1_644' title='bbox 1770 3666 1849 3722; x_wconf 89' lang='lat' dir='ltr'><strong>bases</strong></span> 
     </span>
     <span class='ocr_line' id='line_1_76' title="bbox 1002 3757 1849 3831; baseline 0.001 -20"><span class='ocrx_word' id='word_1_645' title='bbox 1002 3762 1069 3811; x_wconf 88' lang='lat' dir='ltr'><strong>suut</strong></span> <span class='ocrx_word' id='word_1_646' title='bbox 1092 3757 1183 3822; x_wconf 79' lang='lat' dir='ltr'><strong>lecte,</strong></span> <span class='ocrx_word' id='word_1_647' title='bbox 1208 3761 1273 3823; x_wconf 85' lang='lat' dir='ltr'><strong>etc,</strong></span> <span class='ocrx_word' id='word_1_648' title='bbox 1294 3758 1435 3826; x_wconf 85' lang='lat' dir='ltr'><strong>usquead</strong></span> <span class='ocrx_word' id='word_1_649' title='bbox 1459 3758 1507 3812; x_wconf 88' lang='lat' dir='ltr'><strong>sed</strong></span> <span class='ocrx_word' id='word_1_650' title='bbox 1528 3774 1586 3812; x_wconf 91' lang='lat' dir='ltr'><strong>uno</strong></span> <span class='ocrx_word' id='word_1_651' title='bbox 1607 3757 1770 3831; x_wconf 87' lang='lat' dir='ltr'><strong>eodemque</strong></span> <span class='ocrx_word' id='word_1_652' title='bbox 1794 3774 1849 3813; x_wconf 90' lang='lat' dir='ltr'><strong>no·</strong></span> 
     </span>
     <span class='ocr_line' id='line_1_77' title="bbox 1002 3845 1848 3920; baseline -0.001 -20"><span class='ocrx_word' id='word_1_653' title='bbox 1002 3845 1080 3901; x_wconf 88' lang='lat' dir='ltr'><strong>mine</strong></span> <span class='ocrx_word' id='word_1_654' title='bbox 1107 3845 1198 3900; x_wconf 85' lang='lat' dir='ltr'><strong>Deum</strong></span> <span class='ocrx_word' id='word_1_655' title='bbox 1214 3847 1325 3900; x_wconf 87' lang='lat' dir='ltr'><strong>Putrem</strong></span> <span class='ocrx_word' id='word_1_656' title='bbox 1344 3850 1463 3917; x_wconf 89' lang='lat' dir='ltr'><strong>propter</strong></span> <span class='ocrx_word' id='word_1_657' title='bbox 1486 3845 1572 3901; x_wconf 87' lang='lat' dir='ltr'><strong>unius</strong></span> <span class='ocrx_word' id='word_1_658' title='bbox 1594 3846 1705 3902; x_wconf 88' lang='lat' dir='ltr'><strong>donum</strong></span> <span class='ocrx_word' id='word_1_659' title='bbox 1728 3846 1848 3920; x_wconf 87' lang='lat' dir='ltr'><strong>Spiritus</strong></span> 
     </span>
     <span class='ocr_line' id='line_1_78' title="bbox 1002 3933 1176 3989; baseline -0.006 0"><span class='ocrx_word' id='word_1_660' title='bbox 1002 3933 1176 3989; x_wconf 86' lang='lat' dir='ltr'><strong>invocantes.</strong></span> 
     </span>
    </p>

    <p class='ocr_par' dir='ltr' id='par_1_21' title="bbox 1002 4023 1846 4183">
     <span class='ocr_line' id='line_1_79' title="bbox 1038 4023 1845 4094; baseline 0.002 -16"><span class='ocrx_word' id='word_1_661' title='bbox 1038 4027 1159 4093; x_wconf 83' lang='lat' dir='ltr'><strong>Quotuor</strong></span> <span class='ocrx_word' id='word_1_662' title='bbox 1186 4023 1338 4078; x_wconf 81' lang='lat' dir='ltr'><strong>cubitorum</strong></span> <span class='ocrx_word' id='word_1_663' title='bbox 1359 4024 1549 4092; x_wconf 81' lang='lat' dir='ltr'><strong>loupitudi&#39;uis.</strong></span> <span class='ocrx_word' id='word_1_664' title='bbox 1576 4025 1640 4094; x_wconf 79' lang='lat' dir='ltr'><strong>(ln,</strong></span> <span class='ocrx_word' id='word_1_665' title='bbox 1669 4024 1750 4090; x_wconf 81' lang='lat' dir='ltr'><strong>ibid.)</strong></span> <span class='ocrx_word' id='word_1_666' title='bbox 1772 4026 1845 4091; x_wconf 84' lang='lat' dir='ltr'><strong>Qua·</strong></span> 
     </span>
     <span class='ocr_line' id='line_1_80' title="bbox 1002 4110 1846 4183; baseline 0.007 -20"><span class='ocrx_word' id='word_1_667' title='bbox 1002 4112 1151 4165; x_wconf 87' lang='lat' dir='ltr'><strong>ternorum</strong></span> <span class='ocrx_word' id='word_1_668' title='bbox 1165 4110 1327 4166; x_wconf 90' lang='lat' dir='ltr'><strong>cubitorum</strong></span> <span class='ocrx_word' id='word_1_669' title='bbox 1350 4117 1411 4166; x_wconf 88' lang='lat' dir='ltr'><strong>erut</strong></span> <span class='ocrx_word' id='word_1_670' title='bbox 1435 4111 1587 4183; x_wconf 76' lang='lat' dir='ltr'><strong>longitudo</strong></span> <span class='ocrx_word' id='word_1_671' title='bbox 1611 4117 1639 4168; x_wconf 90' lang='lat' dir='ltr'><strong>et</strong></span> <span class='ocrx_word' id='word_1_672' title='bbox 1657 4113 1781 4168; x_wconf 92' lang='lat' dir='ltr'><strong>latitudo</strong></span> <span class='ocrx_word' id='word_1_673' title='bbox 1795 4114 1846 4170; x_wconf 87' lang='lat' dir='ltr'><strong>ha·</strong></span> 
     </span>
    </p>
   </div>
   <div class='ocr_carea' id='block_1_16' title="bbox 961 4198 1848 4271">
    <p class='ocr_par' dir='ltr' id='par_1_22' title="bbox 961 4198 1848 4271">
     <span class='ocr_line' id='line_1_81' title="bbox 961 4198 1848 4271; baseline 0.006 -19"><span class='ocrx_word' id='word_1_674' title='bbox 961 4198 1087 4269; x_wconf 84' lang='lat' dir='ltr'><strong>psium,</strong></span> <span class='ocrx_word' id='word_1_675' title='bbox 1114 4199 1182 4270; x_wconf 89' lang='lat' dir='ltr'><strong>quia</strong></span> <span class='ocrx_word' id='word_1_676' title='bbox 1207 4199 1423 4271; x_wconf 76' lang='lat' dir='ltr'><strong>predicatores,</strong></span> <span class='ocrx_word' id='word_1_677' title='bbox 1447 4200 1505 4256; x_wconf 87' lang='lat' dir='ltr'><strong>sive</strong></span> <span class='ocrx_word' id='word_1_678' title='bbox 1537 4201 1656 4256; x_wconf 87' lang='lat' dir='ltr'><strong>adversa</strong></span> <span class='ocrx_word' id='word_1_679' title='bbox 1683 4203 1795 4270; x_wconf 90' lang='lat' dir='ltr'><strong>mundi,</strong></span> <span class='ocrx_word' id='word_1_680' title='bbox 1821 4207 1848 4257; x_wconf 91' lang='lat' dir='ltr'><strong>et</strong></span> 
     </span>
    </p>
   </div>
   <div class='ocr_carea' id='block_1_17' title="bbox 1001 4286 1849 4626">
    <p class='ocr_par' dir='ltr' id='par_1_23' title="bbox 1001 4286 1849 4626">
     <span class='ocr_line' id='line_1_82' title="bbox 1002 4286 1848 4360; baseline 0.001 -18"><span class='ocrx_word' id='word_1_681' title='bbox 1002 4286 1215 4359; x_wconf 87' lang='lat' dir='ltr'><strong>longitudinem</strong></span> <span class='ocrx_word' id='word_1_682' title='bbox 1237 4288 1337 4354; x_wconf 87' lang='lat' dir='ltr'><strong>exsilii,</strong></span> <span class='ocrx_word' id='word_1_683' title='bbox 1363 4293 1392 4342; x_wconf 90' lang='lat' dir='ltr'><strong>et</strong></span> <span class='ocrx_word' id='word_1_684' title='bbox 1416 4288 1546 4343; x_wconf 89' lang='lat' dir='ltr'><strong>laborum</strong></span> <span class='ocrx_word' id='word_1_685' title='bbox 1573 4290 1762 4360; x_wconf 75' lang='lat' dir='ltr'><strong>presentium</strong></span> <span class='ocrx_word' id='word_1_686' title='bbox 1782 4289 1848 4345; x_wconf 85' lang='lat' dir='ltr'><strong>loris</strong></span> 
     </span>
     <span class='ocr_line' id='line_1_83' title="bbox 1002 4375 1849 4452; baseline 0.004 -22"><span class='ocrx_word' id='word_1_687' title='bbox 1002 4376 1136 4443; x_wconf 88' lang='lat' dir='ltr'><strong>tolerent,</strong></span> <span class='ocrx_word' id='word_1_688' title='bbox 1157 4376 1215 4431; x_wconf 88' lang='lat' dir='ltr'><strong>sive</strong></span> <span class='ocrx_word' id='word_1_689' title='bbox 1238 4392 1288 4430; x_wconf 92' lang='lat' dir='ltr'><strong>cor</strong></span> <span class='ocrx_word' id='word_1_690' title='bbox 1311 4376 1340 4430; x_wconf 94' lang='lat' dir='ltr'><strong>iii</strong></span> <span class='ocrx_word' id='word_1_691' title='bbox 1363 4375 1515 4431; x_wconf 87' lang='lat' dir='ltr'><strong>dilectione</strong></span> <span class='ocrx_word' id='word_1_692' title='bbox 1540 4377 1591 4432; x_wconf 82' lang='lat' dir='ltr'><strong>hei</strong></span> <span class='ocrx_word' id='word_1_693' title='bbox 1619 4383 1647 4433; x_wconf 88' lang='lat' dir='ltr'><strong>et</strong></span> <span class='ocrx_word' id='word_1_694' title='bbox 1661 4378 1787 4452; x_wconf 80' lang='lat' dir='ltr'><strong>proximi</strong></span> <span class='ocrx_word' id='word_1_695' title='bbox 1811 4378 1849 4432; x_wconf 90' lang='lat' dir='ltr'><strong>iii·</strong></span> 
     </span>
     <span class='ocr_line' id='line_1_84' title="bbox 1001 4464 1848 4538; baseline 0.004 -19"><span class='ocrx_word' id='word_1_696' title='bbox 1001 4470 1082 4520; x_wconf 89' lang='lat' dir='ltr'><strong>terna</strong></span> <span class='ocrx_word' id='word_1_697' title='bbox 1111 4464 1299 4519; x_wconf 86' lang='lat' dir='ltr'><strong>exsultatione</strong></span> <span class='ocrx_word' id='word_1_698' title='bbox 1322 4465 1451 4534; x_wconf 78' lang='lat' dir='ltr'><strong>dilatent,</strong></span> <span class='ocrx_word' id='word_1_699' title='bbox 1482 4482 1596 4538; x_wconf 85' lang='lat' dir='ltr'><strong>semper</strong></span> <span class='ocrx_word' id='word_1_700' title='bbox 1618 4466 1773 4522; x_wconf 82' lang='lat' dir='ltr'><strong>virtutibus</strong></span> <span class='ocrx_word' id='word_1_701' title='bbox 1794 4471 1848 4522; x_wconf 86' lang='lat' dir='ltr'><strong>stii-</strong></span> 
     </span>
     <span class='ocr_line' id='line_1_85' title="bbox 1001 4552 1849 4626; baseline 0.001 -18"><span class='ocrx_word' id='word_1_702' title='bbox 1001 4552 1079 4622; x_wconf 89' lang='lat' dir='ltr'><strong>dant,</strong></span> <span class='ocrx_word' id='word_1_703' title='bbox 1101 4555 1258 4626; x_wconf 90' lang='lat' dir='ltr'><strong>prudenter</strong></span> <span class='ocrx_word' id='word_1_704' title='bbox 1282 4553 1389 4608; x_wconf 90' lang='lat' dir='ltr'><strong>scilicet</strong></span> <span class='ocrx_word' id='word_1_705' title='bbox 1411 4553 1488 4608; x_wconf 91' lang='lat' dir='ltr'><strong>inter</strong></span> <span class='ocrx_word' id='word_1_706' title='bbox 1513 4554 1590 4610; x_wconf 87' lang='lat' dir='ltr'><strong>hone</strong></span> <span class='ocrx_word' id='word_1_707' title='bbox 1609 4558 1637 4610; x_wconf 89' lang='lat' dir='ltr'><strong>et</strong></span> <span class='ocrx_word' id='word_1_708' title='bbox 1652 4557 1728 4611; x_wconf 82' lang='lat' dir='ltr'><strong>male</strong></span> <span class='ocrx_word' id='word_1_709' title='bbox 1747 4556 1849 4611; x_wconf 86' lang='lat' dir='ltr'><strong>discer-</strong></span> 
     </span>
    </p>
   </div>
   <div class='ocr_carea' id='block_1_18' title="bbox 1604 4644 1847 4717">
    <p class='ocr_par' dir='ltr' id='par_1_24' title="bbox 1604 4644 1847 4717">
     <span class='ocr_line' id='line_1_86' title="bbox 1604 4644 1847 4717; baseline 0 -19"><span class='ocrx_word' id='word_1_710' title='bbox 1604 4644 1704 4699; x_wconf 87' lang='lat' dir='ltr'><strong>coreb</strong></span> <span class='ocrx_word' id='word_1_711' title='bbox 1719 4645 1847 4717; x_wconf 82' lang='lat' dir='ltr'><strong>appetitu</strong></span> 
     </span>
    </p>
   </div>
   <div class='ocr_carea' id='block_1_19' title="bbox 998 4730 1846 4877">
    <p class='ocr_par' dir='ltr' id='par_1_25' title="bbox 998 4730 1846 4877">
     <span class='ocr_line' id='line_1_87' title="bbox 1000 4730 1846 4804; baseline 0.006 -19"><span class='ocrx_word' id='word_1_712' title='bbox 1000 4732 1180 4802; x_wconf 84' lang='lat' dir='ltr'><strong>voluptatum</strong></span> <span class='ocrx_word' id='word_1_713' title='bbox 1195 4736 1398 4802; x_wconf 88' lang='lat' dir='ltr'><strong>temperantes,</strong></span> <span class='ocrx_word' id='word_1_714' title='bbox 1413 4730 1557 4802; x_wconf 83' lang='lat' dir='ltr'><strong>justitiam</strong></span> <span class='ocrx_word' id='word_1_715' title='bbox 1572 4732 1603 4787; x_wconf 91' lang='lat' dir='ltr'><strong>in</strong></span> <span class='ocrx_word' id='word_1_716' title='bbox 1625 4733 1794 4804; x_wconf 84' lang='lat' dir='ltr'><strong>operatione</strong></span> <span class='ocrx_word' id='word_1_717' title='bbox 1807 4739 1846 4789; x_wconf 82' lang='lat' dir='ltr'><strong>ts-</strong></span> 
     </span>
     <span class='ocr_line' id='line_1_88' title="bbox 998 4825 1110 4877; baseline -0.027 0"><span class='ocrx_word' id='word_1_718' title='bbox 998 4825 1110 4877; x_wconf 86' lang='lat' dir='ltr'><strong>nentes.</strong></span> 
     </span>
    </p>
   </div>
   <div class='ocr_carea' id='block_1_20' title="bbox 1034 4909 1846 4979">
    <p class='ocr_par' dir='ltr' id='par_1_26' title="bbox 1034 4909 1846 4979">
     <span class='ocr_line' id='line_1_89' title="bbox 1034 4909 1846 4979; baseline 0.006 -17"><span class='ocrx_word' id='word_1_719' title='bbox 1034 4910 1118 4963; x_wconf 83' lang='lat' dir='ltr'><strong>Viiiis.</strong></span> <span class='ocrx_word' id='word_1_720' title='bbox 1146 4910 1191 4964; x_wconf 79' lang='lat' dir='ltr'><strong>is.</strong></span> <span class='ocrx_word' id='word_1_721' title='bbox 1217 4937 1252 4949; x_wconf 89' lang='lat'>-</span> <span class='ocrx_word' id='word_1_722' title='bbox 1279 4911 1315 4963; x_wconf 80' lang='lat' dir='ltr'><strong>Et</strong></span> <span class='ocrx_word' id='word_1_723' title='bbox 1333 4910 1423 4978; x_wconf 81' lang='lat' dir='ltr'><strong>ipsum</strong></span> <span class='ocrx_word' id='word_1_724' title='bbox 1436 4923 1503 4979; x_wconf 81' lang='lat' dir='ltr'><strong>opus</strong></span> <span class='ocrx_word' id='word_1_725' title='bbox 1532 4909 1647 4965; x_wconf 82' lang='lat' dir='ltr'><strong>hosium.</strong></span> <span class='ocrx_word' id='word_1_726' title='bbox 1675 4910 1792 4967; x_wconf 79' lang='lat' dir='ltr'><strong>Tabulas</strong></span> <span class='ocrx_word' id='word_1_727' title='bbox 1815 4927 1846 4966; x_wconf 84' lang='lat' dir='ltr'><strong>ex</strong></span> 
     </span>
    </p>
   </div>
   <div class='ocr_carea' id='block_1_21' title="bbox 998 4997 1847 5164">
    <p class='ocr_par' dir='ltr' id='par_1_27' title="bbox 998 4997 1847 5164">
     <span class='ocr_line' id='line_1_90' title="bbox 998 4997 1847 5074; baseline 0.004 -22"><span class='ocrx_word' id='word_1_728' title='bbox 998 4997 1104 5070; x_wconf 88' lang='lat' dir='ltr'><strong>quibus</strong></span> <span class='ocrx_word' id='word_1_729' title='bbox 1118 4997 1200 5053; x_wconf 90' lang='lat' dir='ltr'><strong>bases</strong></span> <span class='ocrx_word' id='word_1_730' title='bbox 1223 4998 1305 5053; x_wconf 76' lang='lat' dir='ltr'><strong>lacte</strong></span> <span class='ocrx_word' id='word_1_731' title='bbox 1325 5002 1402 5068; x_wconf 87' lang='lat' dir='ltr'><strong>suut,</strong></span> <span class='ocrx_word' id='word_1_732' title='bbox 1419 4999 1568 5071; x_wconf 78' lang='lat' dir='ltr'><strong>quadretae</strong></span> <span class='ocrx_word' id='word_1_733' title='bbox 1587 4999 1714 5070; x_wconf 88' lang='lat' dir='ltr'><strong>luerunt,</strong></span> <span class='ocrx_word' id='word_1_734' title='bbox 1735 5000 1766 5057; x_wconf 90' lang='lat' dir='ltr'><strong>iii</strong></span> <span class='ocrx_word' id='word_1_735' title='bbox 1781 5001 1847 5074; x_wconf 82' lang='lat' dir='ltr'><strong>qiii·</strong></span> 
     </span>
     <span class='ocr_line' id='line_1_91' title="bbox 998 5086 1847 5164; baseline 0.004 -22"><span class='ocrx_word' id='word_1_736' title='bbox 998 5087 1051 5142; x_wconf 91' lang='lat' dir='ltr'><strong>hus</strong></span> <span class='ocrx_word' id='word_1_737' title='bbox 1065 5086 1198 5142; x_wconf 81' lang='lat' dir='ltr'><strong>lormulas</strong></span> <span class='ocrx_word' id='word_1_738' title='bbox 1214 5086 1345 5142; x_wconf 77' lang='lat' dir='ltr'><strong>rotundus</strong></span> <span class='ocrx_word' id='word_1_739' title='bbox 1358 5091 1448 5156; x_wconf 88' lang='lat' dir='ltr'><strong>eraut,</strong></span> <span class='ocrx_word' id='word_1_740' title='bbox 1467 5103 1532 5160; x_wconf 83' lang='lat' dir='ltr'><strong>quie</strong></span> <span class='ocrx_word' id='word_1_741' title='bbox 1547 5088 1694 5144; x_wconf 73' lang='lat' dir='ltr'><strong>coronulae</strong></span> <span class='ocrx_word' id='word_1_742' title='bbox 1716 5089 1774 5145; x_wconf 82' lang='lat' dir='ltr'><strong>sive</strong></span> <span class='ocrx_word' id='word_1_743' title='bbox 1789 5091 1847 5164; x_wconf 92' lang='lat' dir='ltr'><strong>ple·</strong></span> 
     </span>
    </p>
   </div>
   <div class='ocr_carea' id='block_1_22' title="bbox 98 5172 1844 5333">
    <p class='ocr_par' dir='ltr' id='par_1_28' title="bbox 98 5172 1844 5333">
     <span class='ocr_line' id='line_1_92' title="bbox 135 5172 1844 5247; baseline 0.004 -20"><span class='ocrx_word' id='word_1_744' title='bbox 135 5175 215 5228; x_wconf 82' lang='lat' dir='ltr'><strong>Vana.</strong></span> <span class='ocrx_word' id='word_1_745' title='bbox 232 5176 277 5228; x_wconf 75' lang='lat'><strong>25.</strong></span> <span class='ocrx_word' id='word_1_746' title='bbox 302 5203 336 5213; x_wconf 91' lang='lat'>-</span> <span class='ocrx_word' id='word_1_747' title='bbox 354 5173 510 5228; x_wconf 82' lang='lat' dir='ltr'><strong>Duodecim.</strong></span> <span class='ocrx_word' id='word_1_748' title='bbox 535 5172 612 5245; x_wconf 85' lang='lat' dir='ltr'><strong>(Bao.</strong></span> <span class='ocrx_word' id='word_1_749' title='bbox 628 5172 676 5226; x_wconf 83' lang='lat' dir='ltr'><strong>ubi&#39;</strong></span> <span class='ocrx_word' id='word_1_750' title='bbox 693 5173 798 5243; x_wconf 85' lang='lat' dir='ltr'><strong>supra).</strong></span> <span class='ocrx_word' id='word_1_751' title='bbox 824 5173 943 5244; x_wconf 76' lang='lat' dir='ltr'><strong>Aposto·</strong></span> <span class='ocrx_word' id='word_1_752' title='bbox 998 5179 1050 5229; x_wconf 84' lang='lat' dir='ltr'><strong>ctae</strong></span> <span class='ocrx_word' id='word_1_753' title='bbox 1065 5176 1255 5246; x_wconf 83' lang='lat' dir='ltr'><strong>appellentur,</strong></span> <span class='ocrx_word' id='word_1_754' title='bbox 1270 5175 1300 5229; x_wconf 92' lang='lat' dir='ltr'><strong>in</strong></span> <span class='ocrx_word' id='word_1_755' title='bbox 1315 5190 1437 5247; x_wconf 88' lang='lat' dir='ltr'><strong>quarum</strong></span> <span class='ocrx_word' id='word_1_756' title='bbox 1451 5176 1545 5232; x_wconf 88' lang='lat' dir='ltr'><strong>medio</strong></span> <span class='ocrx_word' id='word_1_757' title='bbox 1558 5176 1702 5232; x_wconf 77' lang='lat' dir='ltr'><strong>coelaturae</strong></span> <span class='ocrx_word' id='word_1_758' title='bbox 1718 5178 1844 5247; x_wconf 91' lang='lat' dir='ltr'><strong>leonum,</strong></span> 
     </span>
     <span class='ocr_line' id='line_1_93' title="bbox 98 5261 1050 5333; baseline 0.001 -16"><span class='ocrx_word' id='word_1_759' title='bbox 98 5263 143 5317; x_wconf 90' lang='lat' dir='ltr'><strong>liis</strong></span> <span class='ocrx_word' id='word_1_760' title='bbox 163 5261 362 5333; x_wconf 79' lang='lat' dir='ltr'><strong>evangelistas,</strong></span> <span class='ocrx_word' id='word_1_761' title='bbox 388 5261 445 5317; x_wconf 90' lang='lat' dir='ltr'><strong>imo</strong></span> <span class='ocrx_word' id='word_1_762' title='bbox 461 5277 560 5316; x_wconf 86' lang='lat' dir='ltr'><strong>omnes</strong></span> <span class='ocrx_word' id='word_1_763' title='bbox 574 5261 653 5316; x_wconf 82' lang='lat' dir='ltr'><strong>verbi</strong></span> <span class='ocrx_word' id='word_1_764' title='bbox 669 5261 829 5327; x_wconf 88' lang='lat' dir='ltr'><strong>ministros;</strong></span> <span class='ocrx_word' id='word_1_765' title='bbox 843 5261 918 5315; x_wconf 90' lang='lat' dir='ltr'><strong>unde</strong></span> <span class='ocrx_word' id='word_1_766' title='bbox 934 5279 940 5317; x_wconf 91' lang='lat'>:</span> <span class='ocrx_word' id='word_1_767' title='bbox 998 5266 1050 5318; x_wconf 86' lang='lat' dir='ltr'><strong>etc.</strong></span> 
     </span>
    </p>
   </div>
   <div class='ocr_carea' id='block_1_23' title="bbox 99 5349 943 5420">
    <p class='ocr_par' dir='ltr' id='par_1_29' title="bbox 99 5349 943 5420">
     <span class='ocr_line' id='line_1_94' title="bbox 99 5349 943 5420; baseline -0.002 -14"><span class='ocrx_word' id='word_1_768' title='bbox 99 5352 159 5406; x_wconf 83' lang='lat' dir='ltr'><strong>Nori</strong></span> <span class='ocrx_word' id='word_1_769' title='bbox 174 5350 302 5417; x_wconf 68' lang='lat' dir='ltr'><strong>attractis</strong></span> <span class='ocrx_word' id='word_1_770' title='bbox 320 5365 349 5405; x_wconf 87' lang='lat' dir='ltr'><strong>os</strong></span> <span class='ocrx_word' id='word_1_771' title='bbox 371 5350 432 5404; x_wconf 80' lang='lat' dir='ltr'><strong>boui</strong></span> <span class='ocrx_word' id='word_1_772' title='bbox 445 5353 605 5415; x_wconf 72' lang='lat' dir='ltr'><strong>trituranti,</strong></span> <span class='ocrx_word' id='word_1_773' title='bbox 632 5353 684 5404; x_wconf 87' lang='lat' dir='ltr'><strong>etc.</strong></span> <span class='ocrx_word' id='word_1_774' title='bbox 709 5352 734 5420; x_wconf 87' lang='lat' dir='ltr'><strong>(l</strong></span> <span class='ocrx_word' id='word_1_775' title='bbox 755 5350 815 5406; x_wconf 84' lang='lat' dir='ltr'><strong>Cor.</strong></span> <span class='ocrx_word' id='word_1_776' title='bbox 834 5349 882 5414; x_wconf 82' lang='lat' dir='ltr'><strong>iil.</strong></span> <span class='ocrx_word' id='word_1_777' title='bbox 910 5349 943 5404; x_wconf 87' lang='lat' dir='ltr'><strong>lli</strong></span> 
     </span>
    </p>
   </div>
   <div class='ocr_carea' id='block_1_24' title="bbox 1032 5351 1844 5421">
    <p class='ocr_par' dir='ltr' id='par_1_30' title="bbox 1032 5351 1844 5421">
     <span class='ocr_line' id='line_1_95' title="bbox 1032 5351 1844 5421; baseline 0.006 -18"><span class='ocrx_word' id='word_1_778' title='bbox 1032 5351 1113 5405; x_wconf 79' lang='lat' dir='ltr'><strong>Vsus.</strong></span> <span class='ocrx_word' id='word_1_779' title='bbox 1130 5354 1224 5418; x_wconf 73' lang='grc'><strong>29.-1</strong></span> <span class='ocrx_word' id='word_1_780' title='bbox 1247 5353 1321 5407; x_wconf 82' lang='lat' dir='ltr'><strong>Inter</strong></span> <span class='ocrx_word' id='word_1_781' title='bbox 1341 5355 1367 5405; x_wconf 88' lang='lat' dir='ltr'><strong>et</strong></span> <span class='ocrx_word' id='word_1_782' title='bbox 1381 5354 1522 5409; x_wconf 82' lang='lat' dir='ltr'><strong>coronulas</strong></span> <span class='ocrx_word' id='word_1_783' title='bbox 1546 5358 1570 5407; x_wconf 83' lang='lat' dir='ltr'><strong>et</strong></span> <span class='ocrx_word' id='word_1_784' title='bbox 1591 5355 1704 5421; x_wconf 75' lang='lat' dir='ltr'><strong>tilectus,</strong></span> <span class='ocrx_word' id='word_1_785' title='bbox 1721 5356 1807 5411; x_wconf 71' lang='lat' dir='ltr'><strong>hones</strong></span> <span class='ocrx_word' id='word_1_786' title='bbox 1821 5361 1844 5409; x_wconf 86' lang='lat' dir='ltr'><strong>et</strong></span> 
     </span>
    </p>
   </div>
   <div class='ocr_carea' id='block_1_25' title="bbox 100 5437 1843 5513">
    <p class='ocr_par' dir='ltr' id='par_1_31' title="bbox 100 5437 1843 5513">
     <span class='ocr_line' id='line_1_96' title="bbox 100 5437 1843 5513; baseline 0.001 -18"><span class='ocrx_word' id='word_1_787' title='bbox 100 5454 179 5495; x_wconf 84' lang='lat' dir='ltr'><strong>mere</strong></span> <span class='ocrx_word' id='word_1_788' title='bbox 207 5437 261 5492; x_wconf 87' lang='lat' dir='ltr'><strong>sibi</strong></span> <span class='ocrx_word' id='word_1_789' title='bbox 289 5437 545 5509; x_wconf 87' lang='lat' dir='ltr'><strong>superimpositum</strong></span> <span class='ocrx_word' id='word_1_790' title='bbox 571 5441 700 5509; x_wconf 85' lang='lat' dir='ltr'><strong>portant,</strong></span> <span class='ocrx_word' id='word_1_791' title='bbox 729 5453 793 5492; x_wconf 91' lang='lat' dir='ltr'><strong>cum</strong></span> <span class='ocrx_word' id='word_1_792' title='bbox 823 5438 942 5508; x_wconf 89' lang='lat' dir='ltr'><strong>apostoli</strong></span> <span class='ocrx_word' id='word_1_793' title='bbox 998 5439 1077 5495; x_wconf 84' lang='lat' dir='ltr'><strong>hones</strong></span> <span class='ocrx_word' id='word_1_794' title='bbox 1092 5445 1118 5494; x_wconf 87' lang='lat' dir='ltr'><strong>et</strong></span> <span class='ocrx_word' id='word_1_795' title='bbox 1131 5441 1279 5495; x_wconf 70' lang='lat' dir='ltr'><strong>cherethim.</strong></span> <span class='ocrx_word' id='word_1_796' title='bbox 1293 5441 1356 5509; x_wconf 80' lang='lat' dir='ltr'><strong>(ln,</strong></span> <span class='ocrx_word' id='word_1_797' title='bbox 1375 5442 1453 5507; x_wconf 78' lang='lat' dir='ltr'><strong>thid.)</strong></span> <span class='ocrx_word' id='word_1_798' title='bbox 1479 5442 1617 5496; x_wconf 77' lang='lat' dir='ltr'><strong>Nouoret</strong></span> <span class='ocrx_word' id='word_1_799' title='bbox 1638 5442 1843 5513; x_wconf 85' lang='lat' dir='ltr'><strong>plnuaullaei</strong></span> 
     </span>
    </p>
   </div>
   <div class='ocr_carea' id='block_1_26' title="bbox 0 0 1957 6100">
    <p class='ocr_par' dir='ltr' id='par_1_32' title="bbox 0 0 1957 6100">
     <span class='ocr_line' id='line_1_97' title="bbox 0 0 1957 6100; baseline 0 0"><span class='ocrx_word' id='word_1_800' title='bbox 0 0 1957 6100; x_wconf 95' lang='lat' dir='ltr'><strong> </strong></span> 
     </span>
    </p>
   </div>
  </div>
 </body>
</html>
