3892 6106
91 242 158 297 triu
392 234 590 292 dediltlbi
610 232 735 290 sallust
755 231 858 289 FULD.
884 232 967 289 ΜΟΝ.
989 231 1065 289 ΟΡΡ.
1087 233 1173 289 PARS
1191 232 1215 287 1.
1240 262 1271 272 -
1292 230 1523 288 Timochares.
1589 199 1591 203 y
1781 232 1840 286 libb

90 361 194 418 merito
210 377 273 427 sno,
289 359 339 415 sed
362 357 411 414 Dei
427 358 577 413 elementia
591 360 806 423 conservantur,
829 356 888 410 imo
912 360 978 411 etit
995 356 1153 412 dolosinon
1168 356 1361 413 dimidiabunt
1383 356 1444 410 dies
1458 371 1535 421 suos,
1551 354 1620 427 quia
1644 371 1705 411 non
1730 356 1840 428 implent

91 450 182 522 patris
197 466 296 504 eorum
320 449 406 503 David
432 447 581 501 memoria.
607 446 637 499 ln
667 461 725 515 quo
746 445 939 500 admonentur
994 461 1081 517 opera
1098 445 1245 513 virtulum,
1257 460 1310 500 nee
1325 443 1492 516 paenitendo
1508 444 1668 498 emendant
1682 444 1791 500 delicta.

91 535 825 610 suanegtigenrie,etdesitutus,atqusjusriuae,
851 549 938 606 quam
1027 534 1078 589 Aa
1103 539 1198 604 portas
1226 535 1319 601 inseri.
1361 534 1490 599 Quaesivi.
1523 531 1574 588 Ubi
1607 532 1764 588 constituta
1801 541 1834 592 est

88 632 203 681 tautum
225 625 320 697 diligit
345 627 477 679 Danant
503 626 810 695 posterossanctorum
837 623 939 676 merito
993 623 1095 678 domus
1111 621 1310 677 omniviventi
1325 626 1391 675 ante
1408 621 1563 675 adventurn
1579 619 1698 675 Christi⁴

91 719 330 770 eorumtueatur.
1028 713 1109 767 Vsus.
1142 716 1185 767 lt.
1220 741 1254 752 -
1284 712 1396 778 Quietis.
1423 709 1546 775 Quidam
1575 709 1693 764 codices
1717 710 1830 766 habent:

128 805 207 858 vaus.
226 806 269 856 37.
286 833 319 841 -
337 802 377 856 Et
391 816 523 856 resersus.
540 802 604 856 ldco
619 806 789 854 reservatus.
811 804 843 854 ut
871 799 940 854 sciat
994 800 1108 865 Quies-it
1131 799 1278 871 generatio
1308 815 1383 864 inea,
1411 799 1487 870 qnod
1515 803 1544 852 et
1577 797 1768 870 Hieronymus
1790 799 1829 854 ali·

90 889 251 962 potentiani
274 891 322 945 Dei
338 895 367 944 et
381 889 609 961 blasphemantia
635 889 805 960 comprimat
824 903 885 954 ora,
912 891 940 941 et
994 889 1109 959 quando
1142 887 1298 954 transtulit,
1326 887 1461 958 deceptus
1481 886 1673 958 ambiguitate
1701 886 1786 952 rerhi,
1810 892 1829 941 et

93 978 232 1050 praedicet
250 978 426 1049 majestatem
444 977 521 1032 illius
532 994 617 1049 quem
628 983 693 1031 aute
708 977 884 1048 despexerat.
994 977 1235 1050 posteacorrexil.

131 1070 216 1122 vaus,
235 1068 405 1122 38.-l22·tlt
428 1068 496 1134 ejus.
515 1067 676 1120 invidentes
699 1066 941 1133 (secuudumlra
1031 1067 1113 1121 Vsus.
1132 1065 1425 1135 l5.—Respoadebil
1452 1064 1615 1134 militiis.)
1643 1064 1725 1128 Quod
1752 1063 1827 1117 errari

93 1156 233 1210 ditionem
248 1154 423 1224 ludaeorum)
453 1155 812 1223 Asaraddou,etc.,usque
844 1154 939 1208 adre—
995 1155 1285 1222 enrendubo,tuest0
1308 1153 1501 1223 lidcjussuret
1526 1156 1695 1224 protector:
1725 1154 1782 1208 Nau
1802 1159 1828 1205 erl

92 1242 375 1298 servatusatiliisiu
391 1243 498 1313 templo
514 1241 564 1296 Dei
577 1243 621 1295 sui
637 1242 818 1296 occidendus.
994 1243 1195 1299 enimuoleutis
1223 1258 1309 1312 aeque
1337 1243 1481 1309 currentis,
1525 1240 1574 1296 sed
1609 1241 1666 1294 Dei
1694 1243 1828 1295 miserentis

127 1335 245 1387 Ararat.
267 1332 370 1401 (Dran.)
392 1331 480 1401 Regio
506 1330 651 1385 Armeniae
680 1330 857 1399 campestris,
888 1344 940 1400 per
994 1333 1144 1402 (Romu).

92 1436 180 1491 quam
200 1419 264 1474 tluit
281 1423 395 1487 Araxes,
407 1419 581 1473 incredibilis
596 1419 743 1485 ubertatis,
765 1419 799 1473 ad
816 1418 939 1472 radicem
1030 1422 1096 1477 Cum
1123 1422 1190 1488 ipse.
1208 1419 1272 1474 lianc
1289 1418 1361 1473 mihi
1372 1419 1460 1489 juste,
1491 1416 1575 1489 qnasi
1601 1416 1747 1472 disceret:
1773 1417 1829 1471 nihil

91 1508 176 1563 Tauri
205 1508 320 1574 montis,
338 1507 470 1579 quiillue
491 1523 581 1578 usque
610 1507 750 1561 tenditur.
775 1510 847 1561 Area
873 1521 939 1560 vero
994 1512 1083 1562 restat
1097 1506 1152 1560 nisi
1166 1506 1310 1576 patienter
1323 1505 1465 1561 sustinere
1491 1512 1520 1560 ct
1546 1505 1647 1578 ipsum
1668 1505 1770 1560 fortem
1792 1521 1830 1559 er-

93 1600 151 1653 Noe
175 1597 208 1650 ad
239 1602 350 1651 montes
389 1596 562 1668 generaliter
594 1594 737 1649 Armeniae
772 1594 864 1648 delata
886 1599 938 1659 est,
955 1638 974 1691 Β
995 1594 1222 1666 orarequiseeit
1241 1595 1432 1665 quodroluit.

93 1702 160 1758 quae
173 1686 316 1757 appellata
333 1690 373 1739 est
388 1686 500 1750 Araiai,
515 1685 563 1738 sed
577 1684 612 1738 ad
630 1689 739 1737 mentes
759 1683 842 1737 Tauri
860 1683 939 1737 allis·
1030 1683 1199 1752 mussitabo.
1216 1682 1296 1747 Quod
1307 1681 1486 1753 praeteritum
1501 1685 1545 1737 est
1558 1698 1619 1737 non
1644 1682 1761 1752 adjurat
1783 1698 1829 1736 sus-

9 1772 20 1783 ’
93 1774 193 1841 simos,
214 1774 264 1845 qui
280 1773 435 1828 imminent
448 1772 556 1842 eampis
572 1774 682 1825 Ararat.
995 1773 1149 1838 tinentem;
1176 1773 1253 1826 unde
1280 1773 1366 1826 stulta
1391 1777 1433 1827 est
1462 1771 1577 1843 Epicuri
1612 1773 1768 1837 sententie,
1792 1771 1842 1851 qui*

382 1861 495 1916 CAPUT
513 1860 651 1914 lllllilllll.
995 1861 1095 1915 asserit
1133 1859 1325 1914 recordatione
1350 1859 1567 1932 preteritorum
1596 1861 1743 1915 bonorum
1772 1862 1830 1914 mata

130 1954 213 2008 Vsus.
241 1955 265 2006 l.
308 1981 341 1991 -
370 1952 402 2004 ln
430 1950 524 2004 diebus
548 1949 604 2003 illis
643 1949 795 2015 agrotavit.
835 1947 939 2019 (lirae.)
996 1948 1298 2020 praesentiamitigari.

95 2040 167 2107 Quia
180 2040 215 2094 de
230 2038 349 2093 victoria
359 2038 460 2106 dignas
475 2039 531 2091 Dco
542 2043 636 2107 grates
652 2052 710 2090 non
724 2036 830 2102 retulit,
846 2037 941 2092 sedin
1032 2038 1067 2092 Iu
1082 2038 1267 2092 amaritudine
1275 2039 1383 2101 animae,
1400 2037 1483 2108 quasi
1501 2037 1611 2093 diceret
1628 2054 1635 2092 :
1652 2042 1681 2092 et
1708 2036 1739 2091 hi
1760 2036 1830 2091 eh'an

94 2120 627 2198 superbiaevanuit,sieutllegunict
656 2125 941 2194 Paralipomenorum
996 2125 1025 2179 in
1048 2124 1252 2193 amaritudine,
1267 2124 1334 2196 quia
1357 2141 1483 2196 praesens
1498 2125 1648 2180 tribulatio
1678 2125 1749 2179 nihil
1776 2125 1831 2178 boni

95 2214 595 2286 liberaperit;unde:0ueu1Dcus
619 2213 723 2284 diligit,
750 2213 878 2284 corripit,
904 2230 941 2269 ne
995 2213 1132 2286 praeteriti
1152 2213 1247 2280 sentit,
1273 2218 1301 2267 et
1320 2229 1433 2285 semper
1447 2214 1575 2269 humana
1596 2212 1719 2268 felicitas
1747 2211 1832 2282 aliqui·

95 2307 221 2362 elevetur
234 2304 263 2359 in
278 2303 441 2374 superbiam
458 2306 521 2374 post
535 2301 715 2357 incredibiles
732 2301 903 2372 triumphos.
996 2303 1049 2356 bus
1064 2302 1226 2372 aspergitur
1240 2301 1354 2357 aversis.

130 2394 254 2448 Mortuis
293 2397 331 2447 tu.
355 2392 407 2448 Cui
430 2392 544 2446 simile:
571 2393 668 2447 Niniue
696 2390 884 2446 subvertetur:
913 2395 942 2446 et
1032 2392 1112 2446 Vsus.
1137 2394 1178 2445 ts.
1207 2419 1241 2431 —
1270 2392 1343 2457 Quia
1359 2405 1412 2445 uon
1427 2393 1552 2457 infernus
1572 2391 1755 2454 confitebitur.
1776 2389 1831 2445 Sine

96 2482 186 2536 multa
201 2480 487 2535 subcommiuatione
502 2480 648 2550 praedicta,
664 2495 716 2534 nee
730 2479 861 2551 impleta;
883 2496 940 2534 non
996 2480 1051 2534 lius
1066 2478 1194 2534 damuati
1223 2494 1315 2550 neque
1335 2479 1491 2533 ininferna
1514 2478 1718 2549 paenitentiam
1745 2483 1832 2549 agunt,

98 2571 155 2625 Deo
170 2573 299 2623 mutante
323 2569 506 2634 senteutiam,
529 2569 757 2639 sedprorocanle
777 2584 828 2623 nos
847 2569 941 2623 adsui
997 2582 1091 2637 neque
1107 2566 1206 2621 laudes
1218 2567 1275 2621 Dea
1295 2566 1433 2621 referunt.

96 2655 241 2711 notitiam.
270 2655 409 2711 Dominus
436 2655 514 2710 euim
529 2656 640 2727 patiens
654 2663 696 2712 est
710 2671 796 2726 super
821 2656 939 2711 malitie.
1033 2655 1832 2722 tiarati).-Vioeusuioeus,etc.Noninlernusrelmors.

131 2746 216 2800 Vnus.
241 2748 268 2799 2.
295 2775 329 2784 -
359 2745 403 2799 dd
431 2747 562 2813 parietem
589 2741 651 2814 (ln.)
679 2744 801 2815 Templi,
826 2744 940 2809 seilicet,
1031 2746 1112 2800 Pater
1140 2746 1216 2813 tiliis.
1243 2744 1342 2799 Unde:
1380 2744 1525 2816 interroga
1553 2750 1666 2817 patrem
1697 2749 1786 2810 tunm,
1813 2748 1836 2797 at

93 2833 176 2904 Juxta
192 2833 268 2906 quod
283 2833 417 2888 Salomon
433 2832 570 2887 exstruxit
579 2831 727 2904 palatium.
997 2833 1190 2898 annuntiabit,
1207 2838 1259 2886 etc.

133 2923 217 2977 Vens.
232 2925 258 2977 3.
282 2922 454 2988 -Obseero,
467 2924 584 2976 Domine.
604 2921 698 2975 iturus
713 2921 747 2976 ad
776 2917 977 2987 Dominum,C
1034 2923 1114 2976 ilaus.
1141 2925 1185 2976 tt.
1215 2950 1249 2961 -
1278 2922 1364 2990 Super·
1391 2922 1490 2976 uulnus
1523 2921 1591 2991 ejus.
1608 2921 1698 2976 Aiunt
1737 2917 1837 2976 Hebrai

97 3015 195 3064 narrat
210 3026 295 3081 opera
307 3026 368 3064 sua.
384 3009 459 3064 Felix
475 3009 659 3077 conscientia,
677 3025 742 3082 quae
760 3009 790 3063 iu
814 3013 943 3081 tempore
997 3010 1083 3065 Sehin
1099 3009 1195 3097 (pith-⁴)
1211 3011 1291 3063 uicus
1306 3025 1418 3078 sonare,
1434 3012 1615 3077 consulum,
1633 3015 1702 3080 ete,
1715 3007 1839 3079 usquead

98 3096 240 3150 malarum
255 3101 349 3167 potest
363 3095 508 3150 recordari
523 3096 676 3151 bonorum.
998 3115 1063 3153 cum
1075 3100 1149 3153 Deus
1163 3097 1263 3153 iecerit
1273 3114 1346 3152 eam.

134 3185 256 3253 Obsecro,
291 3187 409 3239 Domine.
436 3183 626 3239 Audiensse
658 3183 843 3251 moriturum,
884 3199 944 3238 nau
1299 3186 1409 3242 CAPUT
1428 3186 1537 3241 xxxix.

101 3289 191 3328 annos
203 3273 342 3343 plurimos
357 3273 438 3344 petit,
459 3272 506 3328 sed
523 3272 574 3327 Dei
596 3272 705 3343 judicio
732 3271 852 3326 dimittit
876 3271 944 3342 quid
1034 3275 1123 3330 Vsus.
1137 3276 1161 3328 t.
1176 3303 1212 3314 -
1228 3275 1259 3329 lu
1272 3275 1454 3344 temporeillo.
1470 3274 1572 3346 (Dran.)
1587 3274 1727 3346 Superius
1743 3275 1842 3330 dietum

99 3366 235 3432 praestare
251 3361 318 3415 relit
333 3378 340 3414 ε
358 3365 477 3415 noverat
504 3361 685 3416 Salomonem
714 3361 772 3415 Deo
792 3359 944 3431 placuisse,
999 3367 1050 3430 est,
1063 3361 1304 3434 quiadsaraddon
1316 3362 1510 3418 Sennacherib
1521 3362 1667 3431 successit,
1684 3367 1752 3430 etc,
1767 3376 1843 3431 usare

98 3447 235 3519 quianon
249 3447 371 3517 petierat
384 3448 539 3517 ampliores
551 3464 640 3502 annos
655 3448 730 3502 ritae.
999 3452 1036 3506 ad
1049 3451 1187 3506 etamisso
1198 3451 1392 3518 virilirobore,
1405 3450 1434 3505 in
1445 3450 1616 3505 muliebrem
1626 3449 1843 3522 redigiturrnol-

134 3538 169 3590 Et
184 3535 256 3604 quod
284 3535 390 3590 bouum.
416 3536 495 3590 Idola
515 3535 604 3605 patris
632 3536 673 3590 sui
701 3535 851 3601 destruxit,
874 3535 947 3591 ostia
1000 3540 1101 3595 litiem.

101 3623 482 3694 domusbomini,quoeille
506 3624 655 3690 clauserat,
679 3624 801 3694 apernit,
829 3639 945 3696 serpen·
1018 3630 1113 3686 ,Vsus
1145 3631 1172 3682 2.
1199 3656 1236 3669 -
1261 3631 1296 3683 Et
1324 3630 1352 3682 iu
1376 3631 1450 3684 erarii
1476 3633 1610 3699 potestate
1634 3643 1697 3682 sua.
1729 3628 1793 3699 (lo.)
1818 3629 1845 3681 tn

99 3716 157 3765 tem
177 3727 289 3765 aeneum
305 3727 391 3783 quern
407 3711 436 3766 in
452 3711 669 3768 Gabaonludaei
684 3712 839 3768 adorabant
865 3731 946 3768 coui-
999 3717 1139 3772 thesauris
1153 3717 1256 3772 domus
1277 3716 1402 3779 Domini,
1418 3717 1447 3772 in
1463 3733 1519 3788 quo
1547 3717 1697 3788 precipue
1722 3717 1843 3772 offendit

100 3799 298 3862 minuit.etin
315 3806 434 3855 ventum
450 3803 562 3872 sparsit.
1001 3808 1057 3862 lloe
1084 3805 1161 3860 enim
1193 3822 1251 3859 uon
1279 3811 1340 3860 erat
1353 3806 1500 3876 potestatis
1515 3806 1587 3876 ejus.
1612 3806 1677 3861 iam
1693 3810 1795 3861 tamen
1817 3805 1845 3859 ds

135 3892 170 3945 Et
182 3892 264 3958 lleuit.
281 3889 447 3961 Flevitquia
462 3891 638 3946 moriebatur
652 3890 711 3945 sine
728 3890 805 3957 tiliis,
822 3896 887 3959 ete,
903 3907 946 3946 us·
999 3893 1088 3948 valvis
1099 3893 1156 3948 illis
1170 3893 1269 3965 templi
1280 3893 1343 3949 auri
1354 3893 1474 3948 laminas
1488 3893 1603 3948 tulerat.
1871 3886 1876 3894 '

100 3976 233 4044 queadet
247 3983 444 4048 postmortem
458 3978 791 4048 plurimosresuseitutos
805 3979 945 4049 legamus.
1036 3983 1068 4035 lu
1104 3982 1239 4036 thesauris
1269 3997 1337 4051 epus.
1368 3982 1453 4037 Tacet
1486 3982 1521 4036 de
1551 3981 1696 4037 thesauris
1729 3981 1843 4047 Domini,

137 4065 217 4119 Vens.
234 4065 260 4120 b.
281 4066 364 4120 —Et
382 4068 541 4133 factumest
572 4067 687 4122 Verbum
717 4068 838 4122 Domini.
868 4070 946 4123 Prae·
1000 4074 1131 4123 metuens
1147 4068 1328 4139 reprehendi,
1344 4069 1539 4141 qnodscilieet
1554 4071 1741 4126 ostenditeis
1761 4072 1845 4144 quod·

100 4153 328 4222 posteroordine
347 4153 671 4221 hiereierturhistoria,
697 4172 761 4227 quae
790 4155 820 4210 in
835 4157 945 4226 Regum
961 4201 982 4254 D
1001 4171 1114 4227 cunque
1128 4156 1248 4211 haberet
1274 4157 1304 4211 iu
1319 4160 1471 4227 potestate,
1484 4158 1597 4228 templi,
1625 4159 1737 4214 seilicet
1760 4159 1844 4231 supel-

102 4241 248 4295 volumine
260 4242 480 4313 consequentius
491 4243 604 4312 legitur.
1001 4245 1140 4310 lectitem;
1156 4245 1232 4299 unde
1248 4261 1254 4298 :

136 4330 217 4384 rans.
234 4331 259 4384 5.
276 4332 448 4398 -Eeceepo
461 4329 594 4398 adjiciam
607 4344 689 4400 super
700 4330 766 4386 dies.
783 4331 944 4388 Secundum
1036 4334 1115 4388 Vsus.
1132 4338 1158 4389 7.
1189 4336 1280 4388 —Et
1307 4338 1385 4388 eruut
1407 4335 1530 4388 euuuelri.
1554 4333 1618 4405 (lo.)
1641 4335 1779 4391 Tradunt
1806 4337 1846 4391 De·

102 4417 178 4488 quod
190 4416 282 4472 risum
296 4422 348 4486 eet,
365 4423 429 4483 etc,
442 4433 526 4486 usque
542 4418 580 4472 ad
599 4423 627 4472 et
650 4418 685 4473 de
704 4421 790 4474 annis
819 4421 946 4476 Ezecliiae
1000 4421 1070 4476 braei
1082 4422 1135 4476 hoe
1154 4421 1304 4492 impletum
1320 4438 1381 4476 esse
1397 4422 1427 4476 in
1444 4421 1540 4476 Daniel
1556 4426 1583 4476 et
1598 4423 1663 4494 ejus
1677 4424 1778 4489 sociis,
1793 4425 1845 4495 qui,

101 4505 214 4560 additis.
1001 4514 1084 4582 capto
1098 4509 1225 4564 laaehinr
1249 4510 1309 4564 titio
1329 4511 1424 4580 iosue,
1438 4526 1501 4564 eum
1519 4526 1570 4565 suo
1585 4511 1699 4581 populo
1715 4520 1786 4567 sunt
1808 4529 1845 4566 ca·

137 4595 217 4649 Vnus.
239 4594 613 4649 7.—llaaautemtibierit
638 4597 746 4665 siphum
775 4613 792 4651 a
822 4600 946 4666 Damius,
1003 4598 1043 4669 pti
1054 4598 1123 4653 etin
1140 4598 1313 4675 babylonem
1329 4598 1405 4653 direti
1421 4603 1449 4652 et
1463 4598 1659 4664 erruuchizati,
1674 4601 1724 4655 vel
1738 4602 1845 4661 evirata

101 4684 248 4752 puiasecit
272 4685 401 4738 Dominis
423 4682 534 4737 uerbum
560 4685 608 4737 bec
637 4684 710 4752 quod
738 4687 851 4740 loeutus.
882 4688 947 4756 (lo.)
1002 4694 1172 4741 nontamen
1189 4687 1439 4759 putandumquod
1456 4687 1846 4762 eunuebirueriuteorpore.

102 4770 371 4826 Praesentisscilieet
385 4771 524 4843 temporis
535 4775 562 4825 et
581 4772 680 4831 laturi.
697 4779 728 4826 ut
745 4776 889 4844 quomodo
905 4777 948 4831 sol
1002 4775 1050 4829 sed
1078 4780 1183 4838 mente,
1213 4776 1285 4829 sicut
1308 4778 1847 4847 quisecastraseruutpropterreauuu

101 4861 254 4914 revertitur
265 4859 300 4914 ad
316 4859 465 4914 exordium
492 4860 537 4914 sui
555 4860 592 4914 ita
607 4861 734 4915 Ezechiae
747 4862 803 4916 vita
828 4865 862 4919 ad
879 4881 947 4918 evo·
1001 4864 1245 4932 eaturumfflattlr.
1262 4864 1335 4930 rua).v

100 4946 176 5003 lutus
191 4949 288 5003 redeat
303 4964 403 5002 anuos.
435 4948 521 5003 Nubis
543 4965 658 5020 quoque
687 4948 717 5004 in
746 4950 891 5006 hebdoade
920 4955 949 5005 et
1037 4954 1116 5006 Vsus.
1142 4956 1168 5007 8.
1197 4954 1308 5007 —Fiat
1336 4957 1441 5006 teritum
1466 4968 1534 5022 poe.
1561 4951 1667 5008 Debuit
1699 4959 1846 5024 peecatum

101 5036 231 5108 ogdoade
243 5037 405 5092 viventibus
418 5042 484 5108 post
498 5037 738 5092 resurrectionem
752 5039 855 5093 Christi
883 5040 949 5094 vitre
1002 5057 1086 5094 suum
1105 5056 1169 5094 eum
1194 5041 1280 5095 David
1304 5041 1443 5107 cantitari,
1468 5045 1497 5095 et
1522 5040 1596 5096 iram
1619 5041 1671 5096 Dei
1707 5059 1849 5098 removere

99 5126 190 5197 spatia
204 5126 394 5197 protelentur.
1003 5129 1168 5200 apostema,
1184 5135 1234 5183 aut
1254 5130 1380 5199 compati
1395 5146 1460 5184 eum
1482 5131 1583 5200 bluyse,
1601 5129 1653 5201 qui
1682 5131 1780 5188 dicit:
1809 5135 1849 5188 Di·

137 5215 217 5270 Vens.
242 5216 274 5270 {0
301 5244 336 5257 -
363 5215 425 5283 Epo
453 5214 524 5269 diei.
556 5216 619 5284 (lo.)
644 5216 713 5269 Cum
732 5217 805 5270 Deus
823 5216 948 5271 Ezechiae
1001 5220 1078 5272 mitte
1101 5220 1139 5273 eis
1168 5217 1237 5273 hauc
1261 5234 1371 5285 ueram,
1398 5224 1446 5274 aut
1468 5219 1526 5274 dele
1549 5233 1591 5272 rue
1619 5218 1652 5273 de
1680 5221 1754 5277 libro
1782 5237 1851 5293 quea

102 5302 163 5357 sine
177 5302 275 5357 labore
291 5302 438 5357 victoriam
454 5303 588 5369 dedisset,
618 5307 681 5369 etc..
699 5303 834 5373 usquead
852 5320 949 5375 pecea-
1003 5308 1140 5376 sara'psisti
1153 5306 1257 5375 (Eeod.
1274 5316 1367 5376 arari).
1384 5307 1464 5371 Quod
1477 5306 1544 5379 quia
1558 5322 1616 5361 non
1632 5306 1716 5376 iecit,
1730 5317 1851 5382 propter

102 5392 178 5444 tores
193 5389 222 5444 in
238 5391 358 5445 dimidio
373 5391 485 5446 dierum
502 5391 676 5447 moriuntur.
1003 5412 1104 5450 eanou
1129 5395 1281 5467 respondet
1303 5396 1343 5455 ei:
1367 5396 1425 5459 sed,
1456 5411 1609 5450 conversus
1635 5397 1671 5451 ad
1704 5400 1852 5469 populum.

139 5477 296 5533 ludimidia
315 5481 421 5533 duram
444 5497 572 5535 meorum.
599 5481 702 5537 Unde:
724 5482 782 5536 Viri
809 5482 892 5553 impii
921 5485 950 5537 et
1004 5483 1383 5551 dicit:Cousolarnini,ete.
