3892 6106
91 231 119 281 tii
840 228 1106 286 uuunuuoullrtt.
1808 232 1844 287 ii!

93 349 264 418 burgensem
293 344 428 417 allegato,
458 346 589 402 videlicet
603 346 718 403 Genesis
739 346 845 417 primo.
861 347 979 404 CircaA
998 355 1059 405 tum
1093 349 1296 420 Augustinum,
1330 348 1544 421 Hieronymum,
1561 350 1740 421 Gregorium,
1758 351 1844 409 laido-

94 416 259 486 sccundum,
274 418 437 472 nomadum
463 417 539 490 quod
564 423 726 473 sanctorum
745 419 899 474 auctoritas
911 424 940 475 et
995 435 1058 475 rum
1077 457 1086 487 ,
1102 425 1131 475 et
1152 425 1282 475 sanetum
1303 420 1442 475 Tbomam
1460 419 1609 491 postponit
1627 421 1689 476 sine
1708 422 1841 480 ratione:

95 488 259 566 reverentia,
287 488 337 543 ubi
362 491 394 542 ιιι
416 488 507 544 sancti
529 488 616 543 locuti
638 494 716 555 sunt,
731 505 844 560 semper
857 489 941 545 debet
994 491 1071 563 quod
1085 491 1115 545 in
1131 490 1309 546 postillatore
1329 507 1388 545 non
1405 491 1559 562 reperitur,
1575 491 1626 562 qui
1644 491 1751 547 nullius
1779 510 1842 550 san·

95 559 263 615 alidellbus
290 558 433 627 reuereri,
463 568 494 613 ut
522 563 599 629 patet
629 561 660 614 tt
689 559 753 614 dist.
771 559 876 614 decreti
889 562 940 616 Per
994 561 1032 616 eti
1047 561 1155 617 dictum
1167 562 1310 632 reprobat,
1326 561 1380 616 nisi
1402 577 1435 616 ex
1456 561 1557 633 majori
1571 562 1683 617 ratione
1698 568 1727 617 at
1740 569 1842 619 aucto-

98 637 183 686 nnn.
208 629 264 685 Ubi
285 636 384 684 aulem
404 635 437 684 ιιι
457 630 589 685 homines
611 636 639 684 at
653 646 687 684 ex
701 629 836 700 opinione
852 630 939 686 locuti
994 631 1079 687 ritate
1116 631 1316 687 declinandum
1354 632 1497 688 ostendat.
1532 633 1563 687 lit
1589 632 1750 703 specialiter
1774 634 1843 690 huic

98 706 166 768 sunt,
187 717 240 755 nec
265 701 358 755 saneti
378 700 408 754 iu
432 700 598 772 hujusmodi
615 699 669 755 sibi
681 703 781 755 voluat
799 703 939 757 bonorem
995 702 1133 773 Bnrgensi
1160 703 1272 758 videtur
1283 702 1392 758 crimen
1413 704 1487 758 laesae
1501 703 1656 774 majestatis
1667 719 1839 776 repugnare,

98 770 203 836 deterri,
228 777 262 826 ut
283 774 363 843 patet
385 787 410 826 ιι
435 787 521 842 super
535 771 656 827 Genesin
672 771 706 826 ad
723 773 859 838 litteram,
876 789 938 843 cap.
994 789 1060 827 eum
1092 774 1167 827 dicta
1189 773 1279 828 sancti
1307 772 1424 829 Thumae
1456 775 1592 844 praelerre
1622 774 1735 829 videtur
1759 775 1842 830 dictis

100 846 137 898 ιι.
154 843 304 897 Sciremut
328 842 406 897 enim
426 840 516 897 sancti
538 842 614 913 quod
629 857 663 897 ex
674 842 810 912 opinione
825 843 938 914 sapien·
994 843 1156 915 Augustini,
1189 844 1329 914 Gregorii,
1354 845 1529 915 Hieronymi,
1551 844 1728 913 stallorum,
1760 847 1842 918 quasi

101 916 141 968 tice
154 913 362 968 contradicitur
373 913 434 967 sine
445 912 514 967 vitio
526 929 554 966 sn
578 913 659 977 ienti,
675 913 735 967 imo
748 928 779 967 ax
819 914 879 968 dire
895 913 939 968 ιι-
993 915 1042 969 illa
1057 930 1116 968 non
1131 915 1205 970 sieut
1219 917 1274 969 ista
1296 915 1353 969 sint
1367 919 1433 986 igue
1458 915 1605 970 charitatis
1626 915 1796 982 examinata,
1812 922 1842 973 οι

101 984 354 1040 dcturinmataria
368 983 506 1055 opinabili
525 930 611 1039 dubia
637 984 756 1038 moveri.
806 983 940 1039 amsicut
994 985 1138 1057 quasiille
1158 985 1370 1040 sicutistanen
1387 991 1489 1055 egeant
1506 987 1717 1041 retractatione.
1738 987 1840 1043 Beatus

102 1057 191 1110 baalin
208 1055 388 1125 Augustinus
406 1055 499 1126 primo
519 1071 605 1126 super
626 1055 748 1109 Genesin
767 1060 867 1109 contra
882 1056 938 1109 llo·
994 1057 1072 1110 enim
1088 1055 1309 1127 Augustinusin
1325 1057 1441 1111 exordio
1458 1073 1518 1112 suoe
1538 1056 1757 1112 Retractatienis
1771 1058 1840 1115 dicit

102 1126 236 1180 nicbaeos:
259 1124 390 1180 Ecclesiae
413 1124 567 1197 proliciunt
599 1125 780 1195 insurgentes
803 1126 937 1191 haereses,
994 1127 1070 1198 quod
1098 1127 1156 1182 cin
1183 1127 1365 1198 multiloquio
1392 1136 1540 1198 peccatum
1570 1144 1629 1182 nou
1652 1127 1763 1183 deerit:
1792 1128 1841 1198 qui

103 1197 132 1250 nl
152 1197 350 1252 excutiendum
376 1196 543 1268 pigritiam
560 1195 602 1250 ita
627 1195 741 1266 expedit
764 1196 794 1250 in
818 1197 940 1251 Ecclesia
994 1198 1152 1252 nonhabet
1168 1197 1553 1268 primesparlessapiantioe,
1569 1197 1765 1254 scilicatrecte
1788 1200 1842 1254 do-

104 1267 250 1323 cuntrarias
272 1284 334 1322 esse
354 1267 519 1339 opiniones,
543 1267 642 1321 eadem
666 1266 940 1338 ratieua;etquam
994 1268 1093 1334 cando,
1122 1267 1225 1322 babeat
1254 1269 1354 1322 saltem
1381 1269 1528 1334 secundas,
1555 1268 1663 1323 scilicet
1682 1269 1841 1335 modestia,

104 1338 233 1393 contrarie
258 1338 350 1393 sancti
374 1338 506 1392 doctores
529 1337 683 1408 opinentur
703 1337 734 1392 in
749 1337 879 1409 pluribus
891 1355 940 1391 sa·
994 1338 1024 1392 in
1040 1340 1199 1394 revocando
1214 1343 1349 1395 errata.»
1380 1340 1412 1393 l't
1435 1337 1597 1395 concludit:
1616 1359 1630 1390 a
1654 1340 1708 1404 Qui
1724 1339 1779 1394 ista
1792 1341 1843 1395 sci·

103 1425 149 1463 erae
166 1408 322 1480 Scripturas
345 1409 487 1481 passibus,
509 1424 565 1463 non
587 1406 642 1462 nisi
666 1407 741 1463 dicta
775 1414 939 1463 sanctorum
993 1409 1051 1464 turi
1066 1413 1132 1464 sunt
1144 1425 1201 1463 nen
1216 1409 1366 1463 imitentur
1376 1425 1421 1463 me
1443 1415 1598 1476 errantem,
1625 1412 1673 1465 sed
1693 1410 1723 1465 in
1740 1411 1842 1466 melius

103 1482 228 1547 ignorans
249 1481 373 1550 ignorat.
401 1480 458 1535 Nec
481 1478 939 1550 putoiuconveniensdictainli-
993 1479 1229 1550 proficientem.»
1254 1481 1411 1535 Modestum
1434 1480 1534 1535 suisset
1562 1480 1699 1552 burgensi
1713 1486 1843 1537 sanctum

104 1551 200 1605 delium
216 1550 323 1606 assumi
335 1551 365 1605 in
380 1549 588 1621 expositionem
612 1564 757 1603 sacrarum
779 1548 938 1619 Scriptura·
994 1552 1132 1605 Thomam
1149 1550 1232 1605 beato
1242 1551 1401 1621 Augustino
1416 1565 1473 1605 non
1484 1553 1630 1622 praelerre,
1648 1551 1729 1622 quasi
1744 1551 1842 1606 omniu

103 1638 166 1684 mm,
194 1627 223 1675 et
248 1621 498 1676 confirmationem
522 1620 675 1674 dubiorum
716 1620 936 1674 occurrentium.
959 1621 1071 1687 Bdicta
1085 1627 1175 1676 sancta
1188 1622 1304 1677 Thomae
1318 1621 1377 1675 sint
1391 1621 1582 1692 primavere;
1605 1637 1670 1676 cum
1690 1623 1840 1678 multudi-

105 1693 164 1745 ,ιἰιιι
191 1693 293 1746 baetin
322 1690 500 1761 Augustinus
528 1690 594 1745 iacit
617 1689 657 1744 sic
671 1706 701 1744 ιιι
721 1689 939 1745 Conlessionum
994 1695 1038 1745 cta
1054 1692 1129 1746 beati
1144 1692 1297 1763 Augustini
1307 1691 1365 1746 sint
1381 1692 1467 1746 bodie
1488 1691 1665 1764 opinabilia:
1690 1691 1841 1764 quintium

103 1761 614 1889 lltltttllulltlnlitui
630 1760 818 1887 ”tntilli
837 1762 940 1887 llil
994 1761 1267 1904 titinnius:
1281 1762 1843 1904 iililllllltiu‘inutilla?

104 1904 169 1957 enim
186 1921 252 1976 quia
273 1909 372 1958 contra
390 1902 478 1958 iidem
496 1918 556 1957 non
578 1873 654 1969 stant,
669 1901 938 1957 lieetassumerein
994 1903 1117 1974 ctaejus
1150 1903 1236 1958 etiam
1268 1920 1326 1958 non
1352 1908 1513 1969 retractata,
1543 1904 1722 1960 amoderua
1747 1903 1843 1960 schola
1943 1912 1945 1917 ’

104 1975 281 2055 adjutorium.
304 1976 396 2031 Οιιιιιο
420 1974 497 2029 οιιιιιι
523 1988 623 2028 aarum
651 1989 719 2027 vero
740 1978 878 2028 consonat
905 1989 939 2028 ex
994 1974 1187 2029 communiter
1213 1990 1269 2029 non
1293 1974 1482 2044 recipiuntur,
1505 1978 1536 2030 ut
1551 1975 1585 2029 de
1607 1974 1716 2029 ratione
1733 1973 1841 2029 intelli·

102 2062 185 2116 pnmo
212 2046 303 2100 Etbic.
334 2047 367 2101 ut
391 2044 518 2100 fortassis
539 2043 642 2099 veritas
659 2043 728 2099 fidei
742 2044 881 2114 positueb
895 2043 939 2097 in·
994 2045 1080 2114 gandi
1103 2060 1192 2126 opera
1212 2045 1395 2112 serdicrum,
1420 2050 1473 2100 etc.
1495 2047 1557 2100 Non
1573 2045 1662 2117 igitur
1676 2061 1751 2116 agre
1766 2044 1842 2099 ferat

105 2116 171 2170 ιιοιι
194 2132 228 2171 aa
246 2133 313 2188 quae
337 2121 406 2170 sunt
427 2115 495 2170 lldei
518 2113 677 2181 confirmat,
700 2114 890 2170 ntdiciturxr
905 2113 940 2169 de
995 2116 1148 2185 Burgensrs
1170 2114 1194 2170 si
1217 2116 1291 2171 dicta
1315 2116 1390 2170 beati
1413 2117 1531 2171 Tbomae
1554 2131 1612 2171 non
1634 2131 1841 2188 usquequaque

105 2187 210 2241 [inmte
232 2187 295 2252 net,
322 2203 384 2258 cap.
409 2189 462 2254 ι1;
482 2192 512 2241 οι
531 2203 549 2240 ιι
572 2185 607 2240 (ιο
631 2185 764 2240 Doctrina
780 2185 941 2242 Christiana
994 2185 1177 2256 recipiantur.

102 2257 190 2311 natus
204 2258 385 2328 Augustinus
400 2257 435 2312 ad
471 2255 631 2328 repositum
645 2255 730 2312 dicit:
752 2256 782 2311 Si
796 2272 853 2327 qua
868 2256 941 2311 lorte
1030 2257 1161 2312 Secundo
1190 2261 1287 2312 antem
1334 2256 1487 2328 Bnrgensis
1520 2261 1599 2312 notat
1631 2256 1840 2312 Postillatorcru

102 2327 158 2381 lidei
170 2334 279 2384 nostrae
298 2273 485 2383 accommoda
504 2326 639 2389 dixerint,
661 2342 718 2381 non
738 2326 831 2382 solum
846 2326 940 2381 lormi-
995 2327 1077 2400 quasi
1092 2343 1151 2383 non
1166 2327 1253 2383 luerit
1268 2328 1410 2399 perlectus
1422 2327 1452 2383 in
1479 2326 1616 2383 idiomate
1642 2326 1788 2390 Hebraico,
1805 2343 1839 2381 eo

102 2399 185 2452 landa
198 2414 258 2453 uon
275 2404 355 2466 sunt,
371 2399 420 2453 sad
430 2398 466 2453 ab
480 2397 533 2465 eis,
546 2401 685 2478 tanquam
704 2397 819 2468 injustis
833 2412 942 2469 posses·
995 2398 1070 2471 quod
1088 2415 1104 2453 a
1119 2397 1242 2469 pueritia
1257 2415 1314 2453 uon
1330 2398 1439 2454 didicit.
1454 2398 1507 2454 Sed
1522 2398 1571 2453 illa
1587 2397 1659 2452 ratio
1685 2414 1745 2453 non
1757 2398 1840 2463 valet,

102 2469 212 2532 soribus,
243 2470 276 2523 in
304 2485 389 2524 nsum
417 2472 546 2524 nostrum
584 2467 762 2523 vindicanda.
787 2469 821 2523 Et
847 2467 941 2539 posito
995 2470 1063 2541 quia
1080 2474 1248 2524 statsencm
1265 2469 1412 2525 addiscere
1433 2469 1540 2524 idioma
1568 2468 1760 2541 quodcunque
1775 2484 1841 2539 per-

102 2541 221 2610 ucmplo
244 2541 281 2595 de
303 2540 410 2595 iudaeis
440 2539 629 2611 spoliantibus
644 2538 800 2618 AEgyptios,
821 2539 939 2593 subdit:
995 2542 1076 2596 lecte.
1104 2540 1160 2595 Nec
1176 2540 1328 2612 burgensis
1350 2540 1449 2595 debuit
1469 2555 1503 2594 ex
1519 2555 1552 2594 eo
1568 2539 1841 2595 notarePostiilato·

102 2610 287 2665 ·sictecerat
305 2610 465 2683 Cyprianus
481 2611 581 2666 doctor
605 2609 798 2675 suavissimus,
823 2615 851 2663 οι
865 2625 940 2663 mer·
995 2626 1067 2675 rem,
1083 2611 1132 2665 sed
1148 2611 1175 2664 ei
1189 2611 1296 2682 gratias
1307 2626 1400 2681 agere,
1421 2609 1490 2681 quia
1513 2611 1548 2664 ad
1573 2609 1774 2665 exaltationem
1795 2625 1840 2664 ca-

101 2687 136 2750 tpr
152 2681 348 2746 beatissimus,
376 2681 548 2748 Lactantius,
577 2679 744 2746 Victorinus,
772 2679 891 2751 Optatus
915 2685 943 2734 et
996 2681 1109 2736 tholicoe
1124 2681 1191 2736 lidci
1207 2688 1235 2736 οι
1250 2697 1337 2736 sacrae
1358 2681 1512 2752 Scriptura
1535 2681 1715 2736 dilectionem
1730 2684 1841 2734 tantum

101 2752 225 2806 Hilarius.
244 2753 387 2808 »Frustra
401 2768 470 2822 ergo
492 2749 642 2822 Burgensis
655 2750 881 2804 Postillatorenr:
898 2749 941 2804 in·
996 2750 1139 2822 impendit
1158 2751 1294 2817 studium,
1320 2755 1353 2806 ut
1376 2751 1551 2807 intellectum
1576 2750 1616 2805 lin
1639 2765 1682 2805 ιιιο
1697 2749 1841 2805 Hebraico

100 2839 126 2875 ro
149 2823 311 2895 redarguit,
339 2839 405 2878 cum
427 2828 456 2878 et
479 2822 600 2894 ipsemet
623 2820 783 2875 Aristotelis
796 2821 871 2876 dicta
889 2821 941 2876 aii·
997 2824 1083 2876 etiam
1101 2822 1213 2877 adultus
1240 2822 1355 2893 assequi
1370 2766 1637 2886 mereretur.0uod
1647 2821 1669 2874 si
1685 2819 1842 2891 repreben-

98 2894 204 2964 qnoties
220 2894 348 2949 adducit.
962 2913 982 2970 c
1000 2892 1081 2947 sibile
1097 2897 1148 2960 est,
1165 2892 1242 2947 veuit
1256 2893 1355 2947 beatus
1371 2894 1560 2964 Hieronymus
1578 2890 1710 2946 similiter
1727 2892 1842 2963 culpan·

127 2965 156 3019 ln
176 2964 302 3020 articulo
317 2967 378 3034 ejus
392 2961 557 3036 questionis
571 2965 741 3032 postreram
759 2962 941 3017 commenda·
999 2963 1061 3027 dus,
1077 2963 1153 3034 quod
1165 2962 1247 3027 absit.

100 3034 214 3104 tionem,
231 3035 444 3090 postillatorem
470 3033 480 3087 i
515 3049 531 3089 e
562 3031 713 3114 burgensis
740 3032 884 3102 vituperat
907 3033 942 3087 in
1031 3034 1126 3089 Tertio
1139 3031 1293 3103 Rurgensis
1314 3034 1410 3105 culpat
1431 3032 1651 3099 postillatorem,
1676 3031 1743 3104 quia
1758 3047 1840 3087 seeu-

97 3106 193 3161 tribus.
219 3106 320 3162 Primo
343 3105 412 3162 dicit
434 3104 464 3160 in
508 3104 601 3159 ostilla
622 3101 942 3174 irrationabilitarpost·
997 3107 1095 3158 tusest
1110 3103 1500 3175 ltabbiSalomonempotius
1516 3119 1603 3176 quam
1627 3101 1697 3157 alios
1713 3102 1842 3158 llebraeos

95 3178 157 3245 poni
183 3177 261 3232 dicta
289 3181 465 3243 sanctorum,
479 3178 509 3230 et
534 3173 695 3245 specialiter
714 3173 802 3228 sancti
816 3174 940 3236 lbomae.
996 3193 1031 3231 co
1045 3175 1363 3246 potioresltespondeo
1380 3174 1457 3247 quod
1479 3172 1641 3229 Postillator
1665 3188 1723 3228 non
1743 3173 1842 3243 saqui-

95 3263 171 3315 cuyus
194 3248 272 3304 dicta
296 3247 368 3303 dicit
388 3247 456 3318 igne
468 3244 614 3302 charitatis
639 3245 801 3299 examinata
814 3249 842 3299 οι
855 3250 939 3300 natu·
995 3251 1043 3300 tur
1058 3261 1110 3300 nec
1134 3246 1216 3300 illum
1236 3261 1288 3300 nee
1312 3247 1394 3313 alios,
1409 3244 1467 3300 nisi
1480 3252 1623 3315 quantum
1639 3243 1710 3299 ratio
1726 3249 1755 3298 et
1770 3242 1840 3299 fldes

96 3318 159 3372 ralis
188 3320 311 3374 rationis
339 3317 493 3374 dictamine
516 3315 712 3387 multipliciter
737 3320 870 3386 purgata.
898 3316 939 3371 Ad
996 3316 1171 3382 admittunt;
1197 3317 1257 3371 imo
1278 3316 1309 3372 hi
1332 3333 1404 3388 quos
1434 3314 1586 3386 burgensis
1608 3315 1725 3387 praefert
1751 3313 1842 3371 Rabbi

96 3389 142 3443 boe
161 3389 227 3444 dieo
249 3389 327 3462 quod
353 3387 506 3460 burgensis
528 3387 747 3442 inl'ostillatore
770 3401 846 3457 aegra
866 3386 940 3441 ferre
996 3386 1142 3443 Salomoni
1166 3403 1225 3441 non
1247 3388 1431 3458 reperiuntur
1458 3387 1525 3442 fidei
1545 3387 1609 3457 plus
1632 3385 1734 3440 lavisse
1751 3389 1779 3439 et
1794 3400 1839 3438 ra·

95 3475 147 3514 noa
163 3460 276 3526 debuit,
291 3460 371 3532 quod
385 3460 530 3530 ipscmsnt
543 3458 720 3539 soepelecere
738 3455 896 3523 consuerit,
909 3456 940 3511 in
995 3458 1076 3520 tioni,
1092 3474 1142 3513 nec
1156 3457 1331 3528 scripturam
1346 3458 1450 3513 clarius
1464 3456 1626 3529 exposuisse
1639 3471 1727 3528 quam
1750 3454 1841 3511 ltabbi

93 3531 234 3603 plerisque
250 3531 330 3587 enirn
346 3530 415 3586 locis
428 3529 473 3601 (nt
496 3529 605 3600 patebit
622 3528 653 3583 iu
667 3526 813 3598 processu)
831 3532 859 3580 et
873 3527 940 3582 bea·
994 3528 1126 3582 Salomon
1142 3529 1292 3599 ntpatebit
1302 3529 1332 3583 in
1347 3529 1417 3584 locis
1431 3527 1500 3583 suis.

581 3711 834 3784 ΗΙΕΒΟΝΥΜΙ
864 3711 1096 3785 PROLOGUS
1122 3711 1356 3785 GALEATUS

657 3857 756 3943 (Vide
771 3859 856 3925 inter
872 3861 982 3948 Opera
995 3863 1033 3927 B.
1052 3860 1277 3951 Hieronymi.)

702 4055 871 4142 ΒΕΑΤΙ
899 4055 1230 4143 HIERONYMI

608 4203 841 4261 epistularu
860 4205 1041 4260 PAULINUM
1061 4204 1325 4273 enuselrsnuu,

637 4321 682 4386 De
703 4321 862 4386 omnibus
878 4322 1001 4386 divinae
1015 4321 1166 4386 historiae
1181 4322 1288 4387 libris.

579 4449 684 4535 (Vide
711 4451 797 4518 inter
825 4451 979 4541 epistolas
1006 4453 1102 4519 Beati
1126 4453 1355 4544 Hieronymi.)

682 4656 887 4744 SANCTI
916 4655 1247 4745 HIERONYMI

634 4804 819 4864 rnocouus
834 4803 869 4859 m
889 4802 1170 4862 ranrtraucuuu
1192 4805 1295 4862 norst

832 4930 871 4976 Ab
896 4931 1094 4978 ultstblttttull.

617 5034 735 5120 (Vide
762 5035 848 5101 inter
877 5036 987 5125 Opera
1014 5038 1050 5101 B.
1079 5035 1318 5126 Hieronymi.)

556 5239 859 5314 PROTHEMATA
886 5239 1068 5312 GLOSSAE
1094 5241 1369 5313 oltolrlAltlAE.

48 5496 50 5513 ι
118 5470 192 5535 {Aua
211 5466 248 5522 de
268 5467 342 5522 Gerr.
364 5463 404 5520 ud
430 5464 497 5529 un,
522 5466 592 5518 tom.
610 5463 661 5529 lll,
684 5461 735 5518 lib.
760 5478 778 5516 ι.
804 5463 937 5531 ctist)
1028 5463 1129 5532 (liii,
1155 5478 1180 5518 c.
1212 5464 1265 5532 l8)
1295 5464 1326 5519 ln
1352 5463 1437 5519 rebus
1463 5463 1592 5520 obscuris
1605 5461 1841 5536 etqueanostris

93 5536 152 5593 tan
173 5551 284 5595 omnes
301 5534 419 5592 divinoe
439 5533 529 5590 libros
550 5533 685 5605 legimus,
708 5537 780 5601 etc,
804 5532 937 5602 usquead
990 5534 1080 5590 oculis
1094 5532 1303 5597 remotissimis.
1321 5539 1387 5602 stc,
1404 5534 1540 5605 usquead
1564 5549 1628 5590 cum
1653 5533 1839 5605 poliuseam,
1922 5585 1927 5595 ,

48 5660 50 5701 Ι
94 5621 243 5680 menam
256 5623 320 5663 non
334 5605 442 5663 inutile
459 5605 618 5662 catemissa
629 5602 810 5661 sententiam.
991 5620 1056 5677 qua
1070 5603 1282 5676 Scripturarum
1297 5611 1350 5671 est,
1363 5610 1493 5661 nostram
1505 5621 1567 5660 essa
1581 5605 1653 5660 velle
1669 5603 1836 5661 ιιοιιοοιιιιιι.

48 5710 50 5767 Ϊ
119 5730 302 5787 ⁸lleuneatnt·
327 5729 420 5787 lector
442 5726 479 5784 ad
502 5731 594 5784 totum
614 5726 786 5799 Patrologiaa
818 5730 932 5783 nostra.
952 5728 1024 5783 lien.
