3892 6106
91 235 145 292 343
399 231 597 289 wesselum
618 195 744 289 suaset
764 230 862 288 ruia.
884 231 964 286 uolt.
984 228 1062 287 OPP.
1085 231 1172 286 PARS
1189 231 1211 285 1.
1231 259 1266 269 -
1285 219 1518 289 ufluouosstclj
1800 196 1854 292 dli

90 357 255 415 commuuio
271 357 303 413 in
319 357 399 412 hirco
422 361 547 428 aguntur
565 360 594 410 et
612 355 711 411 ritulo.
741 353 838 411 Cernis
859 354 974 411 enims
994 359 1046 411 etc.
1064 356 1142 426 (lsai.
1163 359 1197 410 at.
1217 354 1346 410 Christus
1365 371 1433 427 ergo
1449 357 1575 429 seipsum
1595 375 1648 431 per
1670 363 1787 419 hedum
1809 367 1851 420 vi·

91 448 160 521 quia
173 447 270 502 hircus
288 446 426 502 occiditur
445 450 511 499 ante
527 446 628 512 Deum,
643 443 672 499 id
695 448 737 497 ost
751 447 864 499 Patrem
881 460 887 498 :
913 448 941 500 et
993 461 1061 500 vum
1076 444 1238 512 immolans,
1255 444 1316 516 ipse
1329 462 1359 500 se
1371 462 1424 519 per
1438 446 1586 503 homiaem
1601 453 1748 521 paratum,
1763 452 1850 510 idest

92 536 209 609 sanguis
230 535 354 590 infertur
376 535 407 588 iu
432 533 570 588 interiora
589 531 749 593 velaminis.
770 532 799 587 id
822 537 874 602 est,
905 533 940 588 ad
993 533 1142 603 propriam
1156 533 1302 600 virtutem,
1318 533 1406 589 mittit
1415 534 1528 590 hircum
1541 536 1686 593 virentem
1699 538 1732 592 in
1747 541 1848 596 solitu-

92 625 224 682 eumdem
254 625 378 679 Patrem.
397 624 427 677 Et
452 621 583 694 expiatur
605 620 814 688 sanctuarium;
836 638 939 685 massa,
993 620 1101 690 dinem,
1116 621 1308 676 immortalem
1330 622 1448 689 scilicet,
1463 623 1731 698 impassibilemque
1742 628 1851 684 diviui-

92 713 199 769 scilicet
216 711 338 767 humani
364 710 488 781 generis,
513 725 578 781 quae
598 709 632 763 ab
650 708 732 764 initio
755 714 853 766 sancta
874 710 939 778 tuit,
994 714 1083 764 tatem
1098 710 1134 765 ad
1152 709 1228 764 invia
1253 709 1333 765 nobis
1349 711 1422 777 loca,
1438 715 1468 767 et
1492 713 1573 768 omni
1592 714 1702 770 malitia
1720 716 1845 774 deserta.

93 809 122 859 et
137 801 352 858 tabernaculum
368 800 489 873 Spiritus
505 798 603 852 sancti.
996 799 1094 855 Unde:
1110 800 1287 856 Sciendum<
1298 803 1462 866 rpotuemus
1475 801 1552 856 dedit
1562 804 1588 856 et
1598 804 1687 858 Peter
1696 805 1727 860 ia
1737 822 1847 875 monus,

128 892 209 945 Vaas.
240 892 283 945 so.
321 919 352 929 -
382 888 563 944 Todouuculo
591 887 746 951 testimonii,
776 889 829 939 etc.
859 884 940 949 Orrod
995 889 1189 957 etquioatleo
1204 889 1329 942 extoilet
1347 888 1385 940 od
1399 887 1485 944 Deum
1499 891 1691 962 ooditwoon.
1707 894 1777 964 1111).

93 979 225 1051 superius
248 976 450 1039 sanctuarium,
474 975 521 1030 hic
546 974 762 1030 tabernaculum
786 973 943 1028 testimonii
1031 976 1111 1030 Ome.
1127 977 1157 1029 iu
1171 975 1263 1030 uomit.
1278 989 1361 1046 super
1370 977 1520 1032 Leuitieum
1533 978 1646 1035 hircum
1660 981 1844 1052 quillomino

92 1071 182 1121 vocat.
200 1066 305 1120 Eadem
318 1064 396 1119 euim
409 1063 519 1119 ratione
532 1068 561 1118 et
574 1067 671 1118 sancta
685 1067 714 1117 et
726 1061 941 1117 tabernaculum
996 1064 1171 1124 immolatur,
1201 1063 1270 1119 dicit
1311 1064 1473 1137 significare
1508 1071 1552 1121 ost
1593 1068 1644 1139 qui
1678 1069 1715 1125 ad
1745 1070 1845 1128 fortem

93 1153 262 1219 testimonii,
278 1152 382 1208 dicitur
401 1167 492 1206 massa
508 1151 628 1205 humaui
651 1150 774 1222 generis.
791 1149 836 1206 Sic
864 1150 942 1203 enim
997 1152 1114 1208 Domini
1141 1151 1329 1219 destinantur,
1359 1152 1432 1207 sicut
1460 1154 1582 1210 Lazarus
1601 1157 1660 1222 ille,
1679 1158 1730 1230 qui
1752 1160 1781 1214 in
1803 1161 1843 1215 si·

94 1242 310 1297 tabernaculum
338 1240 495 1295 testimonii
528 1240 631 1295 coelom
661 1244 713 1306 est,
736 1244 812 1294 recte
847 1244 944 1293 sancta
997 1257 1067 1296 num
1080 1240 1200 1296 aurahae
1221 1241 1389 1311 deportatur
1403 1242 1514 1312 augelis
1527 1243 1617 1312 (Luc.
1641 1246 1710 1315 xvi).
1731 1247 1846 1303 tlircum

94 1329 278 1385 nominatur:
296 1328 417 1384 coelestis
437 1328 579 1383 esthamo
597 1332 695 1382 noster
710 1328 745 1382 do
765 1343 822 1400 quo
839 1329 944 1382 Paulus
996 1346 1063 1384 vero
1077 1328 1127 1400 qui
1142 1328 1298 1384 dimittitur
1317 1329 1348 1383 iu
1364 1345 1503 1397 eremum,
1515 1331 1652 1402 reprobos
1671 1332 1846 1403 significare,

94 1420 158 1474 ait:
179 1420 256 1475 Sicut
280 1421 452 1489 portavimus
477 1419 624 1486 imaoiacm
647 1421 736 1484 terrae,
759 1421 811 1472 etc.
837 1418 860 1486 (l
881 1417 942 1473 Cor.
998 1419 1041 1472 vel
1070 1418 1221 1473 ludoicum
1249 1418 1401 1489 populum,
1428 1418 1480 1490 qui
1502 1435 1519 1473 a
1542 1419 1613 1474 iacis
1648 1421 1766 1476 Domini
1796 1438 1849 1493 pro

96 1508 150 1579 xv).
178 1507 228 1562 llic
250 1512 325 1562 recte
345 1511 443 1561 sancta
465 1506 631 1560 nominatur
654 1505 705 1578 qui
732 1509 775 1559 est
795 1505 825 1559 in
849 1504 944 1559 medio
999 1507 1136 1578 pecccatis
1158 1505 1217 1561 suis
1233 1506 1418 1579 abjiciuntur,
1439 1508 1511 1562 sicut
1526 1508 1604 1563 dives
1625 1515 1804 1580 purpuratus
1819 1510 1850 1566 in

96 1595 359 1661 immunditiarum,
374 1593 443 1666 quia
456 1593 638 1666 passionibus
654 1593 747 1648 carnis
760 1598 945 1666 oppugnatur
999 1594 1112 1649 interno
1127 1595 1265 1667 sepultus.
1278 1595 1432 1651 Hominem
1452 1613 1519 1652 voro
1542 1603 1687 1669 paratum,
1704 1598 1852 1655 Christum

99 1683 239 1739 Christus.
964 1641 1047 1738 Bvel
1073 1685 1190 1756 angelos
1217 1684 1288 1756 ejus,
1322 1684 1401 1740 unde
1420 1684 1525 1759 recipit
1549 1686 1749 1759 unusquisque
1772 1687 1851 1760 quod

134 1773 340 1828 Sanctuorium.
380 1771 470 1828 Genus
500 1771 672 1839 homanum,
714 1786 830 1825 carnem
867 1786 949 1826 assu·
1004 1775 1141 1825 meretur.

99 1860 217 1926 mendo,
232 1860 310 1915 ntia
332 1859 449 1932 proprio
468 1859 629 1915 sanctuario
648 1859 741 1914 carnis
756 1862 873 1931 rogaret
898 1875 950 1931 per
1041 1859 1123 1915 Veas.
1160 1861 1205 1914 td.
1235 1888 1270 1900 -
1296 1858 1346 1914 Illi
1376 1874 1438 1915 vero
1469 1862 1518 1930 qui
1544 1860 1708 1918 dimiserint.
1743 1861 1850 1933 (Oura,

101 1964 225 2004 crucem.
1005 1949 1074 2003 tom.
1090 1950 1107 2004 t
1122 1950 1151 2002 iu
1166 1947 1241 2018 Leo.)
1257 1948 1389 2003 Ascendit
1416 1948 1447 2003 in
1471 1953 1619 2004 cortuum
1642 1951 1853 2023 coucupiscen-

136 2038 219 2093 Vaas.
244 2040 285 2092 ll.
306 2066 341 2078 -
371 2038 460 2092 Doraec
487 2036 653 2106 eprediutur.
688 2037 819 2093 llumauo
844 2036 951 2093 seilicet
1004 2034 1065 2090 tia?
1080 2039 1146 2101 eto,
1161 2035 1297 2104 usquead
1311 2035 1401 2091 ethic
1415 2036 1445 2091 in
1461 2037 1589 2093 lavandis
1603 2038 1730 2094 vestibus
1755 2045 1854 2111 potest

101 2140 180 2180 more
197 2124 329 2197 spiritum
351 2125 494 2193 emittens,
520 2130 549 2181 et
562 2140 678 2181 caruem
705 2125 736 2180 iu
759 2127 890 2199 sepulcro
905 2143 950 2182 re·
1005 2122 1105 2178 eadem
1121 2122 1214 2194 ligura
1226 2124 1343 2180 servari.

101 2213 243 2287 linquens.
587 2220 589 2224 ’
1041 2212 1126 2267 vaus.
1140 2214 1185 2267 29.
1203 2241 1238 2252 —
1262 2203 1351 2268 ilaue
1365 2218 1454 2269 cutem
1469 2217 1592 2285 septimo.
1614 2214 1718 2285 (Oura,
1741 2216 1791 2271 udi
1809 2232 1855 2273 su·

138 2303 220 2357 Vnus,
240 2304 281 2358 l8.
296 2332 333 2344 -
343 2304 380 2358 Et
392 2305 530 2374 sumptum
543 2304 712 2372 sanquinem,
728 2303 801 2368 Quill
818 2303 952 2376 passione
1003 2299 1077 2369 pra.)
1092 2299 1125 2353 lu
1141 2316 1197 2370 qua
1220 2300 1387 2356 solemnitas
1401 2302 1656 2373 repropitiationiS,
1679 2309 1747 2369 etc„
1769 2321 1857 2378 ltaque

103 2407 155 2446 sua
174 2406 279 2446 cornua
305 2391 413 2458 altaris,
430 2389 515 2447 idest
527 2395 651 2464 quatuor
676 2391 849 2465 principales
863 2391 953 2447 rirtu·
1007 2385 1083 2442 adid
1101 2393 1145 2443 ast
1158 2388 1285 2460 abjectus
1296 2393 1324 2444 el
1342 2389 1494 2445 relutatus.

104 2479 349 2536 tessauctilicavit.

144 2570 227 2624 Vens.
249 2571 281 2624 ro
299 2599 334 2609 —
355 2571 466 2639 sapiet.
491 2567 595 2625 Christi
623 2567 760 2624 sacrificio
788 2568 950 2636 expiantur.
1327 2522 1439 2579 CAPUT
1458 2523 1537 2578 Μ’

109 2658 201 2727 Unde,
216 2660 279 2729 ipsa
289 2662 378 2714 autem
397 2659 514 2715 onustae
528 2658 677 2728 majmbac
690 2660 786 2714 tostin
805 2660 953 2730 expiantur
1043 2654 1124 2708 Vens.
1137 2656 1161 2708 l.
1173 2684 1207 2693 -
1220 2654 1260 2708 Et
1270 2655 1373 2709 diculus
1387 2660 1434 2720 est,
1450 2660 1502 2711 etc.
1512 2656 1648 2711 Praesenti
1661 2656 1725 2729 lege
1734 2656 1857 2713 demon-

106 2747 183 2816 (uel.
197 2747 238 2817 ιι),
255 2762 342 2818 quam
356 2746 428 2802 istis.
1008 2745 1113 2797 stratur
1132 2741 1200 2814 quia
1220 2758 1279 2796 non
1302 2746 1414 2798 tautum
1430 2744 1529 2815 Moysi,
1552 2744 1601 2799 sed
1626 2745 1761 2801 omnibus
1777 2763 1857 2802 com·

141 2834 185 2890 Ad
213 2837 403 2891 immunditiis.
432 2835 575 2901 Quantum
602 2836 638 2891 ad
668 2837 805 2891 coelorum
835 2837 953 2892 virtutes
1007 2831 1274 2903 muniterloquitur
1293 2831 1438 2886 Dominus.
1465 2832 1571 2887 Omnes
1586 2832 1658 2888 scire
1681 2835 1761 2905 cupit
1778 2835 1858 2906 quod

105 2940 163 2978 nou
190 2923 323 2995 indigent
347 2924 466 2996 expiari,
488 2941 553 2997 quas
579 2928 646 2980 suut
676 2925 706 2980 in
730 2925 953 2981 sanctificatione
969 2923 989 2979 C
1007 2919 1140 2975 omnibus
1165 2919 1289 2992 expedit,
1305 2921 1397 2991 legem
1413 2920 1520 2977 scilicet
1535 2921 1723 2992 temporalem
1743 2939 1813 2988 esse,
1827 2928 1858 2979 et

104 3012 235 3084 pereuni.
251 3013 304 3068 Sed
323 3013 391 3084 quia
406 3013 571 3085 frequenter
584 3019 764 3086 peccatorum
788 3019 952 3069 nestrorum
1007 3011 1119 3081 expleto
1136 3025 1187 3062 suo
1198 3014 1338 3078 tempore,
1354 3007 1497 3063 observari
1519 3025 1703 3079 supervacue.
1725 3011 1856 3082 Expletio

105 3103 202 3155 fumus
217 3102 354 3168 ascendit,
374 3101 409 3156 da
429 3118 487 3173 quo
512 3102 615 3158 dicitur
634 3117 642 3156 ς
666 3103 799 3158 Ascendit
815 3105 908 3170 sumus
922 3106 952 3158 in
1006 3113 1074 3152 vero
1090 3096 1228 3168 temporis
1239 3096 1375 3166 perlecta,
1392 3096 1546 3151 destructio
1563 3097 1619 3152 loci
1632 3098 1663 3152 in
1676 3115 1734 3170 quo
1745 3101 1858 3156 sacriti-

105 3193 150 3244 iro
177 3190 236 3258 ejus
260 3191 341 3258 (Psoi.
366 3189 453 3259 xr11);
484 3195 513 3243 et
539 3190 574 3245 de
607 3189 717 3256 Ninive,
750 3193 859 3247 Malitio
893 3192 952 3262 ejus
1007 3186 1052 3241 cia
1078 3184 1336 3258 praecepilolferri‚
1363 3184 1524 3240 intimando
1544 3202 1611 3240 eum
1631 3187 1682 3259 qui
1702 3193 1783 3243 extra
1810 3207 1858 3245 ca-

106 3279 228 3333 ascendit
252 3293 342 3332 coram
368 3294 410 3333 mc
433 3279 521 3344 (Jouae
543 3279 572 3346 tl,
602 3282 677 3332 recte
704 3278 739 3333 ab
763 3278 953 3334 immunditiis
1007 3280 1076 3343 stra,
1097 3272 1155 3328 sire
1171 3273 1250 3340 loris,
1272 3278 1385 3329 tantum
1402 3275 1710 3329 cntratabernaculam
1727 3277 1860 3333 testimo·

107 3365 211 3420 nostris
234 3364 330 3435 expiat
354 3380 493 3435 supernos
520 3364 633 3430 choros,
667 3369 699 3419 ut
730 3365 952 3421 abominabilem
1008 3361 1049 3415 nii
1064 3360 1272 3427 sacrificaverit,
1286 3361 1404 3416 interire
1424 3362 1459 3417 de
1479 3361 1592 3433 populis
1607 3363 1675 3432 suis,
1691 3367 1724 3418 ut
1739 3365 1860 3437 scilicet,

107 3451 360 3506 auferatodorem.
376 3451 444 3505 ldeo
460 3467 518 3506 uon
543 3451 712 3522 simpliciter
737 3453 874 3525 aspergit,
904 3453 953 3508 sed
1008 3451 1152 3507 destructo
1175 3451 1358 3506 tabernaculo
1382 3457 1410 3506 et
1425 3452 1498 3518 loco,
1528 3451 1667 3506 sacrificia
1694 3453 1782 3509 finem
1804 3455 1860 3511 ha-

106 3539 220 3609 seplies‚
253 3539 615 3612 quiavariapeccatorum
637 3546 803 3597 nostrorum
829 3542 955 3597 coelestia
1007 3540 1103 3595 heaut.
1123 3539 1238 3594 Sanctus
1253 3555 1319 3594 vero
1332 3540 1457 3595 actiones
1471 3545 1498 3595 ct
1512 3557 1576 3613 quae
1591 3540 1734 3597 edillcant
1751 3543 1860 3599 huma-

109 3627 297 3682 muudautur.
1008 3633 1232 3695 perimentem,
1257 3633 1289 3682 ut
1310 3633 1423 3700 patrem
1449 3633 1478 3684 et
1506 3634 1628 3683 matrem
1652 3630 1807 3693 honorare.
1832 3637 1860 3687 et

144 3715 227 3771 Vens.
243 3719 287 3771 20.
304 3719 513 3787 -Postquums
534 3717 632 3788 (Aaau.
644 3720 714 3787 epist
728 3716 775 3772 ud
795 3718 954 3788 Simplicio·
1008 3717 1153 3789 proximos
1172 3716 1303 3788 diligere,
1333 3722 1362 3772 et
1384 3718 1500 3783 similia,
1518 3717 1581 3772 loco
1608 3735 1666 3773 non
1690 3719 1860 3775 circonscri-

108 3803 193 3876 uum.)
411 3852 413 3856 .
1009 3806 1075 3878 psit,
1092 3805 1158 3878 quia
1175 3822 1289 3877 semper
1301 3810 1432 3877 prosunt,
1457 3810 1485 3860 el
1504 3821 1569 3860 cum
1586 3807 1743 3878 Evangelio
1759 3824 1859 3864 conve·

144 3893 289 3949 Sicutduo
300 3893 494 3966 suntiuagro‚
505 3894 956 3966 etc.‚usqueadqualacitenimi
1009 3895 1103 3949 aiunt.
1121 3894 1289 3966 Quicunque
1304 3911 1371 3966 ergo
1393 3911 1470 3949 nunc
1483 3894 1591 3966 figuras
1612 3900 1702 3967 agunt
1720 3897 1858 3953 destructi

107 3981 354 4054 tranquillitatem.
1009 3980 1076 4049 loci,
1092 3983 1262 4053 sauguinem
1282 3982 1442 4041 effundunt.
1459 3987 1487 4037 et
1515 3999 1696 4039 communem
1713 4000 1858 4042 conversa-

144 4072 225 4126 vaus.
254 4075 283 4126 tl
304 4071 394 4126 -Et
414 4075 505 4143 positu
531 4075 647 4141 utroque
668 4087 759 4138 mauu,
788 4075 841 4127 otc.
858 4073 955 4127 Manus
1009 4067 1117 4123 tionem
1143 4070 1295 4135 maculant,
1325 4069 1354 4122 in
1376 4071 1523 4124 communi
1547 4077 1681 4142 peccaut:
1707 4073 1781 4127 sicut
1808 4073 1859 4144 qui

109 4158 256 4230 impositio
275 4159 504 4215 benedictionem
523 4159 667 4214 ministrat
684 4159 714 4214 iu
738 4159 884 4228 sacrificio,
905 4164 956 4215 aut
1011 4159 1180 4230 sanguinem
1195 4158 1330 4225 fundunt,
1346 4175 1446 4214 eorum
1462 4176 1498 4231 qu
1506 4175 1581 4231 oque
1606 4160 1777 4231 sanguinem
1792 4161 1857 4216 lun-

109 4247 306 4304 remissioncm
342 4252 536 4321 peccatorum⁴
559 4252 609 4301 aot
642 4247 779 4319 Spiritum
805 4251 952 4316 sauctum;
1011 4248 1092 4318 dunt,
1106 4264 1178 4319 quos
1189 4248 1317 4319 exemplo
1335 4264 1386 4301 suo
1402 4247 1433 4302 in
1448 4264 1574 4302 errorem
1590 4249 1716 4303 mittunt.

109 4351 173 4407 quae
186 4351 247 4390 esse
261 4350 316 4388 nou
342 4339 461 4405 possunt
482 4334 512 4387 in
536 4350 569 4388 eo
588 4351 674 4405 super
689 4350 774 4405 quem
797 4334 871 4390 cadit
899 4336 956 4390 fors
1046 4337 1128 4390 Vsus.
1146 4338 1172 4390 3.
1187 4365 1222 4377 -
1246 4338 1328 4390 llomo
1341 4337 1466 4405 quilibet,
1483 4342 1538 4391 cte.
1561 4337 1646 4402 Quasi
1666 4337 1768 4408 ligures
1788 4339 1858 4410 legis

109 4422 225 4479 diaboli.
246 4422 340 4476 llultae
360 4438 474 4493 quoque
497 4422 718 4477 circumstantias
737 4425 803 4476 sunt
822 4439 887 4494 quae
913 4422 955 4479 illi
1009 4424 1183 4495 temporales
1205 4429 1281 4492 sunt,
1306 4438 1334 4478 et
1348 4424 1379 4477 iu
1401 4424 1464 4480 loco
1479 4431 1556 4480 certo
1572 4429 1649 4492 sunt,
1675 4442 1732 4498 quo
1746 4426 1857 4482 destru-

109 4510 256 4567 senteutiae
272 4510 479 4565 contradicunt.
1009 4517 1053 4567 cto
1067 4528 1126 4566 nou
1137 4517 1254 4585 possunt
1265 4529 1392 4569 manera.

144 4601 180 4655 ut
191 4601 292 4670 positu.
319 4599 533 4654 Ulostendatur
556 4597 624 4670 quia
648 4599 768 4653 verbum
784 4597 834 4653 Dei
848 4598 954 4671 impas·
1045 4602 1075 4657 Si
1094 4602 1221 4657 occiderit
1233 4618 1316 4656 ouon.
1342 4603 1436 4671 (dua,
1452 4606 1546 4672 quaest.
1569 4605 1602 4657 56
1626 4605 1655 4657 iu
1673 4603 1769 4672 levit.)
1794 4604 1858 4659 Non

109 4687 201 4756 sibile,
235 4686 406 4755 immortale,
443 4687 474 4742 in
500 4703 585 4741 carne
615 4703 668 4758 pro
697 4686 781 4743 nobis
811 4688 955 4743 sufficiens
1009 4689 1044 4745 de
1059 4689 1104 4746 his
1119 4689 1198 4758 dicit,
1211 4695 1283 4759 eto,
1303 4706 1387 4760 usque
1401 4691 1439 4745 od
1454 4690 1594 4763 quidquid
1608 4691 1639 4746 in
1661 4692 1756 4746 haere
1778 4691 1856 4761 fecit,

109 4775 277 4831 sacrificium
309 4776 456 4849 suscepit:
492 4776 560 4830 huic
595 4781 671 4830 recte
710 4777 809 4833 omnia
838 4782 955 4848 peccata
1009 4779 1212 4848 contralegem
1235 4795 1373 4833 essenon
1393 4779 1495 4851 potuit,
1518 4779 1688 4851 quiadalor
1711 4780 1854 4853 astiagis.

108 4864 307 4935 imponuntur,
330 4863 399 4937 quia
413 4869 528 4934 peecata
544 4865 772 4934 nostrapertulit
789 4864 819 4919 iu
836 4880 954 4936 corpore
1044 4869 1123 4923 Vens.
1158 4873 1184 4922 7.
1205 4870 1293 4923 -Et
1317 4869 1583 4939 aequoquomultru
1604 4869 1785 4925 immolabunt
1807 4871 1855 4925 lto·

110 4968 173 5007 suo.
190 4952 413 5024 LXX:lmpouct
436 4957 657 5024 eosupercaput
681 4952 832 5008 indivisi.
850 4954 954 5024 laquo
1007 4959 1075 5012 alios
1093 4971 1158 5012 suos
1178 4956 1351 5016 daemonibus.
1377 4965 1429 5012 etc.
1453 4958 1561 5012 Cuma
1594 4957 1716 5012 Domino
1746 4958 1857 5013 dictum

109 5040 289 5112 significatur
317 5042 415 5114 spinea
434 5058 538 5097 corona
558 5042 644 5114 capiti
672 5043 734 5113 ejus
752 5041 901 5110 impressa,
923 5040 954 5096 in
1008 5046 1046 5100 sit
1060 5046 1158 5112 (Eeod.
1175 5048 1222 5116 xx)
1240 5063 1246 5101 :
1273 5049 1332 5105 Nou
1343 5049 1427 5116 socies
1444 5047 1495 5102 tide·
1510 5046 1613 5103 idolam
1627 5062 1673 5102 uec
1693 5063 1800 5102 omnem
1815 5049 1857 5102 si·

108 5129 198 5201 spinis
213 5130 289 5185 onim
301 5122 498 5202 significantur
511 5136 633 5204 peccata.
1006 5134 1188 5190 militudinem
1206 5151 1296 5191 eorum
1312 5151 1371 5206 qua
1384 5138 1412 5192 ia
1430 5136 1492 5191 costo
1507 5141 1572 5192 sunt
1585 5152 1703 5204 sursum,
1720 5141 1746 5190 et
1761 5138 1793 5190 iu
1806 5141 1860 5192 ter·

144 5222 196 5274 Per
219 5220 360 5287 homiuem,
386 5225 439 5275 etc.
469 5221 613 5276 Christum
637 5219 687 5292 qui
712 5223 755 5275 est
781 5219 888 5289 omnia,
909 5218 954 5275 sui
1007 5239 1041 5277 ra
1065 5223 1189 5279 deorsum
1217 5228 1242 5278 et
1269 5239 1432 5292 quacunque
1454 5225 1549 5279 sutus
1586 5229 1701 5289 terram;
1732 5223 1861 5282 conflati-

109 5306 241 5362 sacrificii
276 5308 415 5368 sacerdos.
453 5308 634 5379 sacrificium,
660 5308 763 5376 cultus,
797 5314 826 5363 ct
853 5311 951 5364 altare.
1008 5312 1065 5367 lem
1085 5313 1206 5367 vitulum
1230 5310 1367 5375 fecerunt.
1389 5316 1417 5366 et
1441 5312 1467 5367 ei
1487 5312 1659 5367 sacrificium
1687 5312 1858 5369 obtulerunt

110 5398 230 5452 Paratus
248 5396 406 5452 secuudum
425 5396 496 5452 illud
511 5414 518 5451 :
540 5400 596 5466 Eoo
611 5402 701 5453 autem
719 5413 773 5453 uon
787 5398 951 5466 contradico,
1008 5399 1164 5470 abligurire
1178 5398 1326 5470 cupientes
1340 5399 1519 5455 sacrificium.
1537 5402 1592 5456 Lex
1608 5417 1686 5472 crgo.
1703 5402 1786 5473 quasi
1801 5391 1859 5474 pas·

108 5476 257 5541 retrorsum
275 5500 328 5540 uou
342 5485 419 5540 cdii:
439 5500 539 5555 corpus
554 5501 640 5541 meum
666 5485 730 5541 dedi
740 5487 953 5556 percutientibus
1007 5486 1137 5558 dagogus
1147 5487 1401 5559 eorum‚prascipil
1411 5488 1469 5542 Deo
1478 5488 1637 5544 sacrificare
1645 5490 1751 5559 (and.
1759 5491 1857 5560 mu),
