3892 6106
491 273 618 332 GLOSSA
636 277 837 353 uuuluaula.
853 305 888 321 ·-
908 277 974 335 tle.
995 274 1202 335 stultum.
1662 278 1732 335 tias

74 393 154 451 theo
168 394 276 451 iactum
292 398 343 462 est,
373 394 451 467 qood
466 395 598 468 opificem
616 398 834 469 manifestaret,
849 403 873 457 Α
891 416 971 456 crum
987 399 1132 474 baptismi.
1151 400 1186 456 Ut
1210 398 1283 455 sicut
1309 399 1371 472 ipse
1400 400 1588 457 resurrexito
1617 401 1736 457 mortuis

74 499 104 539 os
116 484 246 540 omnium
272 483 494 557 intelligeretur,
515 487 567 557 qui
590 487 644 542 hoc
662 488 738 556 fecit,
755 489 834 561 quod
888 503 941 559 per
953 488 1075 560 gloriam
1091 488 1192 556 Patris,
1209 488 1250 542 ita
1268 492 1296 544 et
1320 504 1373 543 uos
1385 488 1416 544 in
1443 488 1571 544 novitate
1590 489 1656 545 ritae
1671 479 1747 546 am-'

75 578 176 628 ossum
209 573 269 629 alii.
301 573 354 629 Sed
383 589 443 629 cum
470 577 666 644 cognovissent,-
685 592 739 633 aon
765 581 835 634 sicut
888 577 1022 633 bolemns
1038 593 1114 650 equa
1129 577 1353 649 regenerationis
1371 576 1472 634 abluti.
1491 578 1561 632 llinc
1575 578 1713 633 ieremias
1729 571 1746 632 τ’

86 662 317 731 glorificaverunt,
340 663 389 718 scd
401 670 568 720 evanuerunt
581 666 612 720 iu
625 668 834 734 capitationibus
888 667 996 722 Stultus
1023 668 1162 734 lactescat
1189 668 1275 722 omnis
1302 665 1379 721 bomo
1392 681 1410 720 a
1422 665 1537 721 sciemia
1556 682 1618 735 aua,
1640 669 1736 736 conns·

74 749 150 821 beo.)
887 770 934 810 rue
948 759 988 810 est
1000 757 1092 824 sector
1103 757 1133 810 ia
1147 756 1268 825 sculptili
1282 773 1290 811 ι
1305 755 1372 825 quia
1390 754 1509 809 mendac
1523 757 1652 824 conflator
1665 756 1736 826 ejus,

74 854 103 893 cs.
121 839 163 892 lb.
189 866 224 880 -
238 839 376 908 Infelices,
398 844 451 896 etc.
485 841 538 906 Qui
568 842 675 899 scilicet
690 845 763 900 ileos
779 846 835 901 ho·
887 845 1214 914 necmtspirituaiucia.
1242 845 1318 899 Vasta
1343 844 1412 898 etaim
1427 845 1596 913 auretopcra,
1611 848 1637 899 ct
1651 842 1738 912 duria

77 930 99 993 t,
115 931 263 982 uteorum
279 928 523 996 oculishauriant,
553 935 583 986 et
609 932 732 987 nitorem
762 934 834 991 leri·
887 935 946 989 risu
959 936 1024 989 ctin
1038 939 1154 1002 tempore
1171 933 1338 988 visitationis
1351 932 1479 1002 peribunt
1502 930 1608 1000 (ierem
1625 932 1662 1000 ιι.

74 1015 211 1070 narmoris
235 1015 281 1071 rel
303 1016 408 1084 eboris,
432 1022 481 1073 aut
502 1018 632 1092 insignes
658 1022 780 1092 gemmis
805 1028 836 1080 et
923 1023 1004 1078 Vens.
1020 1023 1046 1077 8.
1063 1050 1097 1062 -
1111 1022 1147 1076 Et
1160 1022 1208 1090 qui
1228 1022 1295 1089 [ecit
1309 1019 1389 1076 illud.
1408 1019 1600 1075 Simulacrum
1627 1025 1656 1074 et
1670 1019 1733 1075 cul·

75 1104 129 1160 hus
140 1109 250 1159 restes:
267 1111 296 1159 et
310 1105 426 1176 quando
455 1108 602 1163 ornatiora
621 1113 689 1163 sont
713 1110 832 1180 temple,
887 1114 952 1165 tura
966 1109 1104 1166 falsorum
1117 1109 1245 1164 deonrm.
1264 1108 1396 1163 Diabolus
1411 1107 1488 1162 enim
1504 1105 1570 1161 inde
1587 1106 1735 1176 punietur,

74 1192 188 1249 clariora
200 1193 364 1263 simulacra,
378 1198 458 1249 tanto
474 1194 539 1264 plus
554 1196 712 1267 majestatis
727 1196 835 1251 habant
888 1197 966 1270 quod
978 1197 1032 1253 eibi
1046 1197 1176 1252 divinum
1192 1196 1331 1251 honorem
1356 1199 1476 1266 usurpat
1492 1214 1501 1263 3
1528 1199 1557 1250 et
1570 1194 1668 1261 homo,
1686 1193 1737 1266 qui

74 1282 147 1338 ibere
162 1282 306 1337 dicuntur.
323 1282 435 1353 Religio
463 1299 533 1354 ergo
551 1289 604 1352 est,
634 1286 678 1340 vel
697 1285 832 1353 creditor,
887 1287 1086 1359 procreatore
1110 1292 1271 1340 creaturam
1287 1284 1417 1339 honorat.
1436 1283 1558 1355 Lignum
1573 1298 1640 1338 vero
1659 1297 1736 1354 saepe

80 1370 223 1443 cupiditas
239 1371 367 1425 humana
382 1371 513 1426 miratur.
888 1376 1033 1430 hominem
1048 1373 1200 1446 significat.
1220 1372 1465 1441 Benedictuscrgo
1481 1372 1579 1441 homo,
1595 1371 1644 1443 qui
1661 1371 1722 1426 veri

74 1475 102 1513 ιι.
130 1462 172 1513 ll.
189 1488 223 1500 -
252 1461 309 1514 Aut
328 1462 429 1529 siquis
450 1462 565 1529 artifex.
597 1461 687 1533 (Rae.)
715 1463 835 1518 lnsraltat
888 1466 975 1520 tatem
988 1463 1055 1519 dicit
1070 1471 1098 1519 et
1114 1463 1190 1517 tecit.
1213 1462 1366 1518 lloereticus
1390 1468 1496 1525 autem.
1525 1460 1575 1533 qui
1598 1460 1738 1531 figmenta

74 1545 192 1610 itiehis,
210 1550 376 1616 eto.‚uspue
400 1547 570 1616 odoacrum
597 1552 832 1620 Dausoenterest,
888 1553 1031 1619 soacolit,
1060 1552 1229 1607 maledictos
1255 1558 1307 1618 est,
1336 1553 1365 1605 et
1390 1549 1545 1623 perditioni
1567 1548 1736 1619 deditus‚et

74 1633 113 1687 ria
124 1634 321 1700 inconfusione
332 1649 423 1689 corum
438 1636 555 1705 (Philip.
575 1639 626 1703 in).
853 1684 874 1741 B
888 1656 971 1714 opus,
986 1641 1016 1697 id
1029 1646 1079 1706 est,
1093 1641 1224 1695 doctrina
1238 1640 1310 1712 ejus.

998 1772 1005 1786 .
1059 1759 1121 1785 .-
1333 1773 1340 1785 .
1598 1744 1611 1780 s
1647 1742 1735 1781 oum

305 1778 417 1834 CAPUT
448 1779 515 1834 xlv·
889 1732 1049 1886 mcxxviii:
1060 1730 1433 1881 eorunlr’rirfltghigtooriffl:
1459 1732 1502 1871 ξιῖι
1515 1727 1736 1884 ιιιῗῗοιιῖιιιῗιιιί·

74 1917 105 1957 ιι.
122 1905 146 1957 ι.
164 1932 196 1943 -
211 1905 399 1959 lterumalius
423 1906 567 1974 nuaiigore,
597 1910 649 1961 etc.
678 1908 743 1962 ilaec
762 1923 835 1980 quo·
890 1909 953 1975 hus,
966 1906 1035 1980 quie
1049 1908 1180 1962 homines
1191 1906 1228 1962 ad
1254 1906 1409 1976 imaginem
1439 1904 1490 1960 ilci
1509 1904 1598 1960 tactos
1623 1902 1737 1973 abipso

74 1995 151 2046 ontra
175 1991 365 2046 idololatriam
389 1991 534 2050 dicuntur.
559 1995 680 2050 blasima
694 1996 771 2051 enim
788 2013 837 2051 re·
889 1995 1050 2064 retrahunt,
1065 1994 1138 2049 etin
1166 1993 1272 2048 erroris
1297 1993 1456 2064 muscipula
1482 1992 1659 2046 subvertunt.
1676 1990 1738 2043 liee-

74 2096 81 2133 ι
95 2083 147 2144 est,
161 2085 193 2134 nt
208 2080 292 2134 homo
320 2081 354 2135 ad
370 2081 527 2152 imaginem
544 2083 594 2138 Dei
618 2083 722 2152 editus,
749 2086 836 2140 ratio·
889 2083 969 2139 retici
985 2098 1112 2155 quoque,
1133 2082 1184 2153 qoi
1198 2082 1329 2137 homines
1342 2082 1489 2149 seducunt,
1506 2078 1665 2134 districtum
1680 2091 1738 2131 non

74 2182 111 2223 ιιι
134 2166 171 2222 ab
200 2168 262 2239 ipso
289 2168 398 2224 habens
420 2170 562 2239 animum,
588 2188 645 2243 quo
667 2173 838 2245 excogitavit
890 2171 1173 2242 euadeutjodicinm.

74 2256 134 2311 ,odo
161 2256 298 2312 transiret
333 2256 446 2327 fluctus,
482 2274 583 2313 narem
623 2259 764 2316 fabricans
792 2276 837 2316 se·
924 2261 1005 2315 Vena.
1024 2262 1065 2315 la.
1083 2288 1117 2300 -
1140 2261 1263 2314 initium.
1291 2257 1451 2314 Pessimum
1477 2256 1557 2312 enim
1586 2257 1737 2327 genusest

74 2359 114 2400 rm
128 2344 198 2399 artis
223 2360 282 2401 suae
311 2345 456 2415 peritiam,
472 2362 530 2401 non
555 2347 677 2404 honoret
690 2349 773 2404 illum
787 2350 837 2423 qni
888 2347 1095 2416 fornicationis,
1112 2364 1170 2419 quo
1185 2348 1281 2402 animo
1292 2346 1429 2402 recedita
1447 2347 1514 2413 Deo,
1540 2350 1570 2400 et
1583 2344 1741 2399 fornicatur

74 2431 224 2489 sibidcdit
251 2433 411 2504 scientiam,
440 2440 468 2489 et
485 2434 597 2491 invocet
622 2435 743 2506 idolum,
758 2437 836 2509 quod
889 2453 955 2492 cum
971 2435 1227 2504 idolis,veldirini
1256 2434 1399 2506 dogmatis
1420 2434 1569 2489 veritatem
1590 2430 1737 2504 relinquit,

74 2525 150 2576 ¹arte
177 2526 207 2577 et
234 2522 338 2592 majori
355 2522 478 2578 vanitate
501 2524 644 2580 formavit.
665 2525 737 2581 Cum
759 2525 836 2581 enim
890 2530 919 2581 et
939 2525 1070 2599 sequitur
1097 2524 1250 2581 falsitatem
1269 2524 1411 2580 hereticae
1437 2521 1596 2595 pravitatis,
1612 2520 1657 2575 rel
1672 2519 1739 2590 opi-

74 2609 126 2664 ·sit
152 2610 202 2681 qui
227 2609 294 2665 iecit
321 2625 408 2681 quiam
431 2611 507 2682 qaod
527 2612 569 2680 bt,
591 2611 730 2668 lecturam
755 2628 836 2668 suam
890 2615 995 2671 aionis.
1016 2614 1086 2669 ilinc
1100 2612 1205 2669 Paulos
1228 2613 1376 2669 arentiam
1403 2611 1548 2667 idolorum
1571 2607 1738 2664 servitutem

74 2713 104 2753 re
119 2697 244 2753 insanire
259 2702 309 2753 est.
326 2698 352 2756 Α
371 2698 430 2753 ileo
443 2700 599 2767 navigandi
624 2716 724 2755 corsus
737 2706 837 2772 peteo·
891 2705 1025 2775 appellat.
1041 2704 1120 2760 Unde
1141 2707 1260 2772 constat,
1282 2716 1398 2757 omnem
1414 2701 1519 2756 malam
1541 2697 1743 2769 concupiscens

74 2801 155 2859 aquo
170 2787 277 2858 navigii
301 2788 483 2859 praeparatio.
508 2788 638 2844 llerotici
662 2794 770 2858 autem,
787 2789 837 2861 qui
890 2795 959 2848 tiam
974 2791 1192 2847 fornicationem
1206 2791 1310 2856 vocari,
1340 2806 1396 2863 quo
1415 2788 1512 2844 anima
1539 2786 1638 2843 relicta
1656 2800 1740 2857 sope-

84 2873 199 2947 fingunt
221 2875 373 2930 simulacra
397 2891 540 2939 errorum,
565 2876 630 2933 ideo
651 2876 681 2932 in
705 2877 838 2933 fluctibus
891 2881 962 2937 riori
988 2882 1052 2953 lege
1075 2880 1245 2935 interiorum
1276 2881 1432 2951 voluptate,
1456 2876 1535 2948 turpi
1568 2879 1738 2931 naturarum

74 2962 235 3035 ipereunt‚
264 2963 332 3033 quia
355 2979 456 3018 navem
484 2964 615 3020 Ecclesiae
642 2965 832 3038 reliquerunt,
851 2970 971 3042 cquasi
1005 2970 1147 3037 mercede,
1173 2973 1316 3041 prostrata
1343 2969 1387 3023 rel
1426 2966 1579 3039 prostituta
1604 2979 1737 3020 corrom-

74 3054 249 3106 bsrnatorem
267 3051 367 3117 ileum,
889 3059 980 3132 pianr,

74 3157 100 3198 s.
116 3143 143 3197 3.
163 3171 197 3182 -
217 3143 349 3210 Quoniam
375 3142 486 3199 dedisti.
514 3142 658 3198 israelites
681 3159 733 3216 per
756 3159 836 3201 mere
925 3149 1006 3205 Vena.
1033 3148 1076 3202 lb.
1092 3174 1128 3188 -
1156 3148 1214 3202 Nom
1243 3147 1324 3213 enim,
1348 3149 1402 3200 etc.
1430 3143 1580 3213 Dispcrdot
1609 3141 1738 3199 Dominus

74 3246 114 3286 rm
128 3229 202 3285 sicco
216 3231 336 3303 vestigio
347 3232 474 3287 traduxit
498 3232 548 3287 Dei
568 3232 706 3305 potentia,
722 3235 752 3289 et
769 3234 835 3289 Jor·
888 3233 1017 3291 uuioerm
1039 3233 1115 3289 tobia
1139 3234 1245 3301 doloso,
1260 3237 1287 3288 et
1313 3247 1401 3288 omncs
1430 3233 1480 3302 qui
1503 3231 1651 3301 loquemur
1664 3242 1739 3284 mcu-

84 3334 174 3391 equas
195 3319 301 3388 divisit,
317 3324 349 3375 ut
374 3325 515 3376 terrorem
537 3320 678 3376 incuteret
702 3321 836 3393 gentibus
889 3324 1000 3380 dacium
1018 3324 1103 3394 (Ptol.
1135 3321 1184 3393 ιι).
1213 3322 1282 3378 ilinc
1298 3320 1455 3378 ieremias:
1473 3321 1533 3385 Dii,
1549 3320 1597 3388 qui
1622 3318 1699 3373 calos
1714 3319 1740 3371 et

74 3408 218 3475 ninandie,
234 3408 366 3464 ildelihus
389 3408 596 3480 quoqueiutar
620 3410 716 3465 secoli
732 3409 836 3466 fluctus
890 3415 1199 3480 terrnmnonsccermat,
1227 3409 1385 3480 percantde
1413 3412 1487 3463 terra
1515 3407 1578 3478 (ier.
1594 3404 1643 3476 rr),
1659 3408 1739 3472 etc.;

74 3497 249 3562 ructationes,
261 3502 405 3568 praeparat
418 3497 549 3552 semitam
570 3497 636 3552 tidei
659 3502 688 3553 et
702 3504 837 3554 constan·
889 3501 982 3573 (Lacr.
993 3505 1016 3558 t.
1032 3501 1064 3572 l).
1080 3503 1201 3571 Propter
1221 3500 1371 3554 homiuum
1400 3495 1563 3566 stultitiam,
1579 3498 1645 3565 etc,
1655 3508 1741 3564 usque

74 3589 102 3640 ut
132 3590 280 3640 transeant
303 3585 397 3654 illaesi,
427 3601 480 3641 uec
507 3589 551 3641 est
577 3585 698 3641 humani
740 3587 836 3643 solatii
889 3591 927 3646 od
953 3591 1065 3646 divinos
1097 3590 1220 3644 honores
1247 3587 1415 3660 parentibus
1443 3586 1620 3653 detulerunt,
1646 3584 1741 3639 deier-

85 3673 136 3731 uhi
161 3675 235 3729 [leue
257 3674 381 3730 ostendit
408 3674 557 3730 mirabiles
579 3674 696 3730 aflectus
724 3675 836 3730 virtutis
888 3679 972 3751 rique
984 3678 1144 3750 jusserunt.

924 3768 1004 3821 Vens.
1025 3769 1070 3822 ιι.
1085 3792 1119 3804 -
1145 3762 1399 3819 incommunicabile
1425 3758 1741 3817 ιιιιιιι.1ιιιοιιιιιιιιιιί·

74 3865 110 3907 ιι.
127 3853 152 3906 b.
168 3850 274 3907 -Sed
295 3854 326 3906 ut
341 3865 394 3905 non
420 3855 517 3919 essert,
542 3855 597 3906 etc.
614 3850 731 3907 Creator
757 3849 836 3906 dedit
888 3854 979 3910 cubile
1007 3853 1059 3908 [ιιι
1082 3851 1187 3907 ιιιιίιιι
1210 3849 1414 3921 omnipotentis
1447 3864 1573 3918 nomen;
1589 3847 1639 3919 qni
1662 3849 1740 3902 solus

74 3939 281 3995 iamcreaturae
295 3955 365 4006 saia,
393 3954 451 4010 qne
477 3939 533 3995 sibi
559 3939 590 3994 in
609 3938 745 4012 praesenti
766 3953 834 3994 cou-
889 3946 933 3998 est
946 3938 1253 4012 incomprehensibilis,
1270 3935 1433 3992 insensibili
1447 3941 1477 3992 et
1501 3935 1597 4007 iragih
1611 3932 1739 3990 materiae

74 4032 102 4095 u,
115 4031 149 4083 ut
163 4028 225 4100 ejus
240 4026 379 4083 voluntati
397 4028 562 4083 deserviret.
577 4027 655 4084 Unde
666 4028 724 4083 Noe
740 4042 836 4082 arcem
888 4028 932 4084 rel
947 4028 1067 4100 imagini
1081 4028 1285 4093 ascripserunt.

74 4136 77 4169 ι
85 4116 218 4187 jussit,in
234 4133 292 4188 qua
307 4115 368 4187 ipse
379 4120 407 4171 et
421 4115 575 4187 progenies
588 4117 650 4188 ejus
666 4116 834 4186 salvaretur,
924 4118 1004 4172 Vens.
1019 4118 1064 4171 tu.
1079 4144 1116 4157 -
1135 4105 1192 4172 siut
1207 4117 1280 4169 enim
1302 4115 1372 4184 {ilios
1396 4126 1467 4169 suos.
1493 4110 1572 4168 sieut
1594 4110 1625 4165 in
1653 4108 1739 4165 sacris

74 4209 132 4260 tera
145 4204 303 4260 animantia
322 4205 358 4259 ad
376 4204 615 4260 restaurationem
645 4204 723 4260 orbis
738 4220 832 4260 reser·
888 4204 1014 4272 Saturni,
1030 4203 1076 4259 cui
1090 4209 1211 4275 propter
1223 4202 1321 4257 odium
1333 4201 1420 4270 boris,
1435 4202 1497 4258 sine
1521 4205 1649 4272 respecto
1676 4199 1739 4270 pie·

74 4298 130 4362 tur,
146 4308 212 4347 cum
234 4308 326 4363 gentas
352 4293 511 4348 humanum
537 4309 590 4365 pro
613 4292 766 4364 iniquitate
780 4310 833 4348 ιιιι
889 4293 1101 4363 tatisparvolos
1115 4308 1180 4347 snos
1195 4291 1393 4359 immolabant,
1422 4296 1450 4345 ιι
1466 4290 1590 4345 Bellonae
1615 4286 1669 4359 ipsi
1693 4303 1738 4340 sa·

76 4396 94 4437 o
108 4381 253 4438 deleretur
266 4397 273 4448 ;
295 4382 372 4436 unde
388 4382 507 4437 Petrus:
524 4384 555 4437 ln
569 4397 624 4451 pua
639 4384 734 4452 pauci,
749 4382 781 4437 id
795 4385 834 4438 est
888 4381 1016 4437 cerdotes
1029 4381 1145 4452 proprio
1159 4381 1300 4451 sanguine
1323 4379 1528 4435 sacrificabant.
1554 4378 1634 4433 Unde
1649 4374 1739 4441 Quin·

74 4472 153 4525 nimae
165 4470 248 4525 aulon
260 4471 342 4535 sacta
359 4474 423 4524 aunt
449 4484 500 4538 per
512 4483 614 4538 aquom
630 4483 638 4522 t
653 4469 726 4538 quod
751 4473 833 4526 einos
889 4470 1024 4525 tilianae:
1052 4469 1142 4534 istud,
1158 4469 1264 4542 inquit,
1283 4469 1307 4524 si
1332 4469 1409 4540 cogit
1424 4470 1497 4524 [leus
1521 4467 1611 4522 iratus
1625 4470 1689 4520 est:
1710 4467 1738 4519 et

74 4561 269 4625 rimitissormae
282 4557 694 4629 saluossccitbaptismatPetr.
707 4560 760 4628 ιιι),
777 4564 830 4614 etc.
888 4558 911 4613 si
943 4559 1034 4613 iratus
1058 4563 1110 4625 est,
1136 4573 1195 4613 non
1222 4564 1349 4630 acceptat
1380 4556 1519 4612 sacrificia
1546 4560 1651 4610 vestra.
1679 4555 1739 4608 Aut

80 4647 117 4702 de
141 4646 228 4718 lignis
257 4645 388 4718 levigatis
422 4651 593 4714 constructa,
626 4647 777 4703 Ecclesiam
792 4646 833 4702 si·
887 4645 1156 4712 obscurasacriricia.
1172 4645 1292 4702 Sicutin
1321 4644 1408 4700 sacris
1431 4644 1515 4700 laidis
1544 4641 1693 4715 AEgyptiae,
1709 4646 1738 4696 et

74 4740 110 4802 ιι,
138 4750 205 4807 quae
231 4734 265 4789 bt
293 4734 328 4790 de
352 4734 516 4790 collectione
543 4735 683 4805 bdelium,
711 4737 833 4793 artificio
888 4735 998 4793 Cereris
1021 4735 1161 4791 Eleusinae
1190 4733 1340 4790 iaciebant.
1368 4735 1439 4788 Nam
1473 4732 1547 4787 sicut
1585 4730 1626 4785 ibi
1650 4730 1739 4786 Osiris

75 4828 217 4879 catorum.
232 4823 329 4890 Pauci,
354 4823 382 4878 id
398 4828 449 4889 est,
476 4828 539 4878 octo
558 4823 663 4879 animae
676 4825 761 4880 salvae
787 4825 832 4880 la·
888 4826 1002 4898 planctu
1016 4823 1117 4878 matris
1134 4822 1301 4895 inquiritur,
1316 4822 1355 4877 ita
1370 4822 1417 4877 hic
1439 4822 1475 4876 ad
1489 4821 1629 4875 incastum
1642 4818 1738 4891 patrui

74 4919 118 4970 int
130 4928 297 4985 peraquam
319 4912 429 4968 mundo
443 4918 582 4984 pereunte
598 4928 605 4966 ε
619 4912 687 4984 quia
702 4912 738 4967 ad
753 4928 831 4968 com·
887 4913 1016 4970 Plutonis
1030 4912 1260 4978 matrimonium,
1277 4917 1357 4983 rapta
1373 4911 1552 4982 Proserpina.
1564 4910 1655 4976 Quam
1669 4909 1738 4982 quia

75 5019 160 5059 onem
185 5001 376 5074 reproborum
401 5016 506 5073 parvos
535 5013 674 5054 nrtmeros
703 5002 747 5055 est
774 5000 831 5055 ele·
885 5002 995 5058 lacibus
1010 5018 1044 5058 er
1063 5002 1148 5058 AEtna
1162 5000 1296 5068 accensis,
1319 5003 1456 5072 qiraesisse
1472 5001 1554 5056 Ceres
1581 4999 1612 5053 in
1641 4998 1738 5054 Sicilia

74 5107 102 5147 n.
130 5091 218 5147 Pauci
241 5090 319 5145 enim
342 5096 409 5144 sont
423 5088 474 5162 qui
488 5087 563 5143 riam
591 5086 656 5143 ritae
670 5086 831 5143 inveniunt.
887 5091 1001 5160 dicitur,
1029 5091 1095 5146 ideo
1123 5105 1200 5144 sacra
1226 5090 1289 5159 ejus
1307 5089 1472 5144 ardentium
1494 5088 1632 5144 taedarum
1646 5090 1739 5157 lacta-

74 5180 175 5235 diluvii
199 5184 280 5235 extra
307 5178 415 5251 positos
442 5177 554 5245 occidit,
570 5175 638 5248 qnia
663 5175 832 5232 haereticum
885 5179 965 5236 tione
978 5179 1206 5237 celebrabantur.
1237 5177 1376 5233 Similiter
1390 5177 1419 5232 io
1436 5177 1523 5232 sacris
1538 5177 1633 5234 Liberi
1646 5176 1737 5249 patris

74 5268 224 5325 habentem
246 5269 383 5341 baptismi
411 5272 633 5331 sacramentum,
663 5266 725 5338 ipse
749 5281 832 5338 aquae
885 5268 1043 5335 insaniunt,
1064 5273 1094 5323 et
1108 5281 1222 5337 magma
1234 5266 1343 5330 metris,
1368 5266 1419 5322 uhi
1445 5265 1481 5321 ad
1496 5266 1739 5338 exemplumdeo·

74 5361 154 5428 gont
167 5356 202 5412 ad
217 5357 335 5424 interos,
351 5373 417 5429 quaa
432 5371 525 5413 arcam
545 5357 712 5411 levaverunt
726 5355 763 5411 ad
777 5371 832 5412 coe·
886 5373 951 5413 nrm
964 5355 1025 5429 (qui
1039 5357 1070 5410 in
1093 5354 1247 5411 festivitate
1262 5355 1366 5419 satiati,
1383 5360 1496 5411 noctem
1511 5355 1625 5411 luxibus
1646 5359 1736 5411 totam

74 5445 218 5502 ιιοιιιιιιι
232 5460 349 5518 quoqne
363 5445 505 5518 significat
517 5444 680 5514 Ecclesiam,
708 5444 831 5517 quodie
886 5443 1040 5516 duxerunt)
1063 5443 1177 5500 ludunt.
1193 5442 1266 5509 Quia
1287 5458 1341 5514 per
1358 5442 1509 5501 libidinem
1533 5447 1562 5501 et
1575 5442 1734 5507 immundi·

74 5537 161 5591 nanto
189 5534 346 5593 llomioicee
369 5533 585 5592 resurrectionis
606 5533 730 5607 percipit
757 5533 831 5589 lere-
885 5532 1215 5608 tiamdiissuisplaccre
1229 5532 1379 5608 putebant.
