3892 6104
432 247 560 304 GLOSSA
580 249 781 309 otttttttsttte.
801 281 837 294 -
856 255 1031 313 CANTICUM
1051 256 1284 315 centtcottutt.
1665 268 1734 322 stat

77 384 102 438 s,
131 372 159 424 at
200 370 334 442 proeletos
364 370 469 442 quibus
500 372 641 441 innitaris,
675 391 727 447 per
753 381 873 448 quamn
895 377 924 431 in
941 377 1062 432 Ecclesia
1094 395 1199 451 magno
1223 381 1304 436 nobis
1330 382 1453 453 gratiam
1483 384 1732 444 suavitatismini-

76 460 132 511 itas.
887 470 967 532 strat,
985 466 1035 537 qui
1054 482 1111 537 quo
1139 484 1216 536 arim,
1245 485 1330 541 quem
1360 479 1511 542 appetunt,
1537 490 1594 529 uon
1624 476 1731 544 vident,

76 560 104 600 rs.
121 547 193 600 9.-
216 546 346 601 Pulchra.
368 545 509 610 Quoniam
534 552 681 602 ostensum
704 559 746 603 est
762 563 832 620 quo·
886 553 1645 630 tantoardentiusperdesideriumilagrant.Vel,dum
1660 571 1733 620 esset

97 634 232 689 Dominus
256 635 407 689 Ecclesiam
437 636 513 690 inter
547 637 665 691 adversa
688 643 829 708 protegat,
886 657 950 695 crim
966 646 1056 713 petre,
1073 643 1186 707 nardus,
1208 645 1237 701 id
1253 644 1295 702 esi
1309 647 1434 708 dilectio,
1464 665 1520 721 qua
1539 653 1620 723 prior
1634 653 1733 708 ditexit

83 723 195 778 ostendi
210 730 351 794 quantum
379 741 508 779 amorem
520 725 609 796 ipsius
627 725 740 781 Domini
756 725 831 780 inter
886 743 948 790 nos,
963 729 1039 785 dedit
1053 730 1170 797 odorem,
1183 732 1250 804 quia
1266 749 1317 807 per
1337 734 1520 792 dilectionem
1534 744 1655 808 propter
1680 756 1732 795 nos

75 826 101 866 te
128 816 223 866 servet
249 811 381 866 Ecclesia.
422 813 500 867 Unde
543 813 682 883 sequitur,
709 814 830 868 Pulchra
885 817 1039 890 assumpsit
1051 834 1175 874 carnem.
1197 821 1341 876 lltirandus
1366 822 1437 877 ordo
1458 824 1621 880 verborum.
1639 830 1729 881 Accu·

76 914 141 954 ense.
164 899 254 954 Tanta
268 904 295 953 te
311 900 490 954 verecundiae
510 901 643 954 salutaris
663 901 768 956 virtute
783 901 830 956 de·
883 901 968 958 hante
979 919 1046 976 rege
1060 907 1165 961 nardus
1189 924 1253 963 moa
1283 909 1362 964 dedit
1394 910 1512 966 odorem
1539 929 1635 976 satum,
1661 914 1730 969 dum

79 1026 87 1053 ,
108 992 139 1041 ot
152 987 311 1041 castitatem
327 988 477 1058 promissae
503 989 575 1043 mihi
589 989 656 1044 lidei
671 990 750 1044 nulla
763 1006 828 1061 pre·
883 997 1003 1063 propter
1016 994 1136 1048 nimiam
1160 995 1341 1063 charitatem,
1365 1014 1421 1070 qua
1450 999 1550 1054 dilexit
1574 1017 1635 1066 nos,
1653 1001 1731 1057 tilius

74 1074 249 1130 edoctorum
264 1076 827 1149 doctrinavelsuggastionecorrumpas,
884 1079 1031 1137 iactusest
1060 1083 1198 1139 mulieris.
1232 1085 1342 1141 Nordus
1366 1103 1431 1158 qrree
1459 1088 1564 1144 dicitnr
1587 1092 1730 1161 expellere

75 1179 123 1220 aus
138 1164 260 1219 timebas
284 1164 314 1218 in
350 1181 477 1220 errorem
506 1166 617 1220 deduci.
647 1166 828 1221 Pulchritudo
883 1171 1021 1235 tumores,
1036 1169 1136 1240 fugare
1151 1170 1242 1242 frigus
1269 1173 1411 1228 etatlerre
1434 1175 1579 1242 calorem;
1600 1176 1730 1232 cuiassi-

75 1250 111 1307 ris
126 1253 156 1306 in
170 1252 253 1323 genis
277 1252 381 1308 dicitur
404 1270 465 1309 esse
480 1255 701 1326 quamplurIma.
717 1255 830 1326 Allego·
884 1255 1098 1312 milaturhomo
1126 1259 1291 1314 Dominicus
1313 1260 1362 1332 qui
1377 1277 1493 1316 carnem
1515 1265 1687 1320 assumendo
1700 1281 1730 1321 se

78 1345 186 1411 openis
210 1347 326 1397 notatur
347 1342 460 1413 signum
477 1342 607 1413 pudoris,
622 1343 695 1397 sicut
708 1343 738 1398 in
753 1359 827 1413 prm·
883 1342 1053 1406 humiliarit.
1070 1348 1133 1399 etse
1149 1347 1330 1402 humiliando
1341 1363 1456 1404 omnem
1467 1353 1613 1406 tumorem
1629 1368 1729 1423 super·

77 1428 156 1484 ribus
180 1445 241 1484 mos
265 1435 341 1484 recte
363 1430 486 1485 vivendi.
506 1431 636 1497 Ecclesia,
664 1431 716 1486 etsi
740 1447 828 1502 spons
884 1429 938 1483 hia·
952 1430 1081 1496 abstulit,
1097 1431 1187 1504 frigus
1202 1434 1377 1490 intidelitatis
1396 1438 1526 1504 removit,
1541 1445 1570 1492 et
1584 1438 1729 1495 fervorum

75 1522 127 1572 crte
142 1517 267 1584 viduata,
290 1523 368 1571 tanta
383 1523 478 1572 tamen
506 1520 567 1590 ejus
591 1520 730 1575 memoria
745 1525 828 1574 tene·
882 1518 1028 1574 charitatis
1044 1520 1150 1576 intulit.
1168 1521 1260 1577 llerba
1281 1523 1366 1578 etiam
1391 1525 1462 1591 haec,
1486 1532 1594 1597 quanto
1609 1529 1672 1598 plus
1686 1532 1728 1582 at-

75 1605 267 1659 lnullatenus
293 1612 478 1660 externorum
502 1608 593 1678 possit
616 1608 742 1679 recipere
761 1624 828 1662 con·
882 1603 994 1672 teritur,
1011 1607 1242 1676 tanlomajorem
1262 1608 1352 1664 reddit
1379 1611 1507 1678 odorent,
1535 1614 1727 1670 sicChristus.

75 1699 163 1749 m:et
186 1710 239 1764 pro
263 1694 367 1748 suiset
392 1695 513 1749 aliorum
539 1697 660 1767 peccatis
681 1696 778 1767 gemit.
796 1697 826 1750 ln
917 1691 1001 1747 Vens.
1018 1696 1109 1748 lh·-
1133 1696 1297 1750 Fasciculus.
1327 1697 1400 1752 Mors
1421 1698 1517 1755 dilecti
1546 1703 1612 1768 mei,
1641 1719 1728 1775 quam

75 1778 208 1847 doctores,
231 1780 261 1836 in
280 1783 425 1837 monilibus
449 1783 775 1855 operaitlorum;quia
793 1799 827 1839 ea
881 1794 934 1850 pro
950 1796 1014 1835 maa
1038 1782 1129 1836 salute
1157 1782 1254 1845 subiit,
1282 1800 1396 1855 semper
1418 1786 1447 1841 in
1480 1803 1543 1843 mea
1591 1791 1729 1846 memoria

75 1868 145 1923 erbo
158 1869 271 1938 docent,
298 1875 462 1941 operantur.
479 1871 549 1936 Qua
564 1872 602 1926 sit
616 1872 702 1944 hujus
713 1872 825 1927 sobrie·
880 1869 1115 1925 commorabitur.
1131 1872 1201 1925 ltem
1231 1872 1364 1929 fasciculo
1382 1876 1506 1946 myrrha
1535 1886 1728 1950 comparatur,

75 1958 246 2014 ustodiendae
271 1961 362 2031 gretia
380 1961 537 2028 subdendo,
554 1961 743 2018 demonstrat.
761 1963 826 2016 Col·
881 1956 949 2011 dum
976 1965 1094 2029 propter
1111 1975 1162 2013 nos
1186 1960 1277 2014 crucis
1302 1961 1423 2032 injurias
1451 1963 1596 2022 tolerarit.
1616 1967 1729 2038 llyrrha

75 2061 122 2102 m
142 2049 212 2102 sicut
239 2050 361 2103 monilia,
391 2051 444 2103 Per
466 2049 570 2104 collum
595 2066 719 2122 namque
748 2050 826 2105 cibos
880 2045 964 2098 arbor
976 2049 1019 2100 esi
1031 2045 1153 2114 Arubioe,
1175 2048 1339 2103 altitudinis
1354 2050 1484 2123 quinque
1499 2052 1671 2121 cubitorum,
1687 2055 1729 2111 si-

74 2150 134 2191 mos
153 2135 184 2190 iu
204 2153 307 2208 corpus
325 2137 523 2205 reficiendum,
553 2144 581 2192 et
600 2139 686 2194 cerhe
710 2138 825 2209 proferi-
882 2133 955 2188 milis
969 2133 1054 2205 spicae
1070 2151 1157 2206 qnam
1172 2137 1325 2192 acanthum
1341 2139 1450 2208 dicunt,
1475 2141 1558 2212 cujus
1582 2149 1664 2213 gutta
1684 2144 1728 2198 ri-

75 2223 179 2297 quihue
208 2230 315 2280 secrete
347 2227 440 2281 cordis
471 2227 607 2299 proximis
635 2228 823 2295 declaramus,
880 2222 950 2276 ridie
979 2227 1065 2295 alque
1092 2238 1199 2291 amare,
1230 2226 1307 2279 unda
1335 2242 1440 2280 nomen
1470 2229 1579 2300 accepit
1602 2230 1726 2302 myrrha.

87 2311 607 2385 doctoresquietverbisinstruuut,
626 2314 824 2370 etcibumsa.
879 2310 963 2365 Gratia
990 2311 1052 2381 ejus
1081 2315 1182 2383 sponte
1209 2328 1337 2378 manans,
1367 2314 1521 2385 pretiosior
1547 2322 1600 2385 est,
1615 2319 1728 2373 corticis

74 2396 101 2454 in
123 2399 275 2455 commissa
304 2401 358 2454 silli
381 2401 509 2456 membra
532 2402 742 2458 transfundunt,
770 2402 824 2467 Qui
878 2399 1100 2465 vulnerarium,
1131 2416 1196 2471 quae
1226 2401 1373 2457 medendis
1401 2402 1728 2461 infirmitatibusestsa·

74 2484 362 2559 bascomparantur,
391 2490 440 2561 qui
463 2490 577 2562 pulchri
605 2495 672 2544 sunt
695 2491 824 2545 moribus
879 2487 1094 2557 lubriszunde,
1111 2493 1139 2543 el
1150 2490 1328 2560 myrrhatum
1359 2491 1490 2548 rinuma
1514 2493 1654 2550 militibus
1679 2511 1726 2549 ac-

74 2576 389 2649 torarirginumrerbis
411 2582 439 2632 et
468 2578 763 2650 exemplisctaudunt,
788 2596 824 2634 ne
878 2577 963 2646 cepit.
982 2577 1069 2632 Ubera
1082 2592 1150 2632 meu.
1163 2577 1311 2634 Gestarum
1334 2579 1423 2635 ubera
1450 2597 1509 2635 non
1532 2581 1724 2653 franguntar;

74 2664 352 2720 rinseratmnnum.
878 2663 926 2718 sed
961 2663 1152 2728 meretricum,
1183 2666 1254 2720 laxis
1290 2666 1412 2736 pellibus
1441 2667 1617 2740 irrugantur.
1647 2671 1726 2727 Unde

74 2779 98 2808 a.
121 2755 163 2808 til.
179 2785 213 2794 -
233 2755 400 2809 Murenulas.
421 2755 484 2809 Alia
504 2754 666 2810 translatio.
686 2755 823 2812 Similitu-
879 2751 1029 2807 Ezechiel:
1053 2753 1085 2806 ln
1117 2753 1240 2823 AEypplo
1281 2757 1378 2821 fracta
1417 2761 1479 2812 aurit
1517 2773 1639 2814 mamma
1673 2765 1726 2816 ειη»

74 2843 114 2896 uri
125 2842 339 2909 fabrefaciemus
364 2843 414 2897 tibi
437 2858 497 2897 cum
522 2843 744 2900 distinctionibus
773 2861 822 2900 ar·
878 2839 985 2911 (Essevlb
1002 2839 1093 2909 ¹¹¹⁸)-

74 2930 247 3001 quoadusque
262 2947 311 2985 ren·
339 2931 370 2985 in
396 2932 520 2986 accubitu
534 2947 582 2986 suo
603 2938 651 2988 est,
668 2932 749 2997 Quod
765 2938 859 2997 esne
911 2928 992 2982 Vatis.
1010 2929 1052 2983 tt.
1082 2956 1115 2968 ·-
1145 2928 1340 2999 Rctrnscpprt
1367 2931 1495 2988 dilectus.
1529 2935 1631 2990 Bolrus
1646 2936 1725 3008 cypri

74 3040 88 3087 .‚
98 3017 128 3074 jd
143 3024 196 3084 ast,
211 3017 313 3072 taciem
328 3035 421 3074 meam
437 3019 466 3073 in
478 3021 612 3091 praesenli
628 3021 683 3076 vita
698 3038 756 3076 non
770 3039 822 3094 po.
877 3032 942 3072 curn
957 3014 1130 3071 resurrexit:
1144 3017 1178 3072 ln
1191 3018 1277 3072 uineis
1293 3018 1422 3087 Enpoddi
1441 3026 1494 3091 eat,
1513 3037 1578 3077 cum
1592 3023 1725 3080 fidelihus

74 3104 176 3173 ridere,
205 3106 253 3161 sed
279 3107 496 3162 similitudinem
526 3109 663 3164 claritatis
689 3111 821 3179 ccelesiis,
876 3103 1036 3176 spiritualia
1053 3105 1129 3159 dona
1144 3104 1299 3162 distribuit.
1316 3108 1440 3163 Arbores
1466 3108 1596 3180 balsami,
1614 3128 1679 3183 qrrre
1694 3112 1724 3168 in

74 3194 278 3251 „minationem
306 3195 529 3267 mammarum,
558 3197 666 3252 videbi,
685 3214 737 3270 per
753 3214 820 3271 spe.
878 3191 1160 3262 Engaddicrescunt,
1186 3192 1253 3264 quia
1277 3193 1307 3249 in
1334 3195 1449 3251 modum
1478 3197 1723 3257 vinearumexco·

86 3281 115 3337 in
130 3283 293 3354 enigmate,
314 3283 406 3338 donec
420 3283 554 3339 omnibus
583 3290 728 3356 appareat,
745 3285 821 3356 qrrod
875 3281 984 3347 luntur,
999 3281 1096 3335 vincas
1110 3281 1244 3351 appellat.
1267 3281 1395 3353 Sponsus
1419 3285 1548 3341 Christus
1576 3288 1723 3360 igiturest

74 3376 129 3427 alet
144 3371 173 3426 iu
207 3371 323 3427 Deitate.
349 3373 520 3427 Murenulus.
545 3372 666 3427 Pulchre
688 3373 821 3428 describit
875 3368 904 3423 in
925 3368 1016 3423 vineis
1035 3369 1174 3439 Engaddi,
1204 3369 1273 3440 quie
1301 3370 1330 3425 in
1356 3387 1442 3427 carne
1470 3373 1587 3431 veniens
1615 3375 1723 3448 Spiritu

74 3459 169 3530 rsejus
196 3460 438 3531 pulchritudinem
456 3477 462 3515 :
480 3466 543 3532 post
567 3461 627 3515 brec
649 3461 719 3516 tltei
733 3478 821 3534 spon·
874 3462 972 3513 sancto
994 3457 1107 3529 planus,
1135 3458 1316 3514 credentibus
1339 3460 1468 3530 ejusdem
1496 3463 1587 3518 sancti
1600 3463 1723 3535 Spiritus

90 3547 231 3604 recrrhitu.
256 3548 437 3615 Interim,eo
466 3549 636 3616 dormiente,
667 3551 728 3621 ejus
741 3551 819 3618 socii,
874 3547 950 3602 dona
981 3547 1103 3618 largitus
1124 3562 1178 3619 per
1198 3547 1360 3603 chrismatis
1386 3551 1563 3621 unctionem,
1588 3552 1619 3607 in
1639 3554 1722 3625 cajus

82 3635 178 3708 angeli
191 3635 378 3691 consolantur
393 3653 455 3692 eam
466 3652 538 3703 ;non
551 3636 691 3691 hahemus
705 3654 819 3706 aurum,
874 3635 1049 3691 coniectione
1062 3636 1159 3690 oleum
1175 3639 1204 3690 at
1227 3635 1387 3692 balsamum
1411 3640 1644 3697 commiscentur.
1667 3643 1722 3698 En-

75 3724 269 3779 militudincm
298 3724 360 3779 auri
387 3725 449 3780 ileri
475 3725 612 3780 iaciemus
639 3725 701 3792 tihi,
731 3727 820 3782 donec
874 3724 958 3796 geddi
975 3722 1441 3794 ionshoediproptarchrismata,
1466 3734 1722 3800 qucepostresur·

84 3828 151 3868 cum
176 3813 357 3885 stigmatibus
386 3814 508 3886 argenti.
543 3815 706 3870 Murcnula.
735 3814 819 3879 Quae·
873 3812 1028 3866 rectionem
1044 3811 1164 3882 largitur
1185 3817 1227 3865 est
1251 3811 1281 3865 in
1297 3812 1439 3884 baptismo
1453 3814 1513 3868 suis
1524 3810 1721 3887 participibus.

73 3915 86 3956 e
113 3900 197 3956 bouae
226 3902 429 3961 institutiones.
461 3903 543 3974 quasi
583 3909 751 3958 ornamenta
767 3920 819 3958 au-
873 3899 1013 3970 Engadli,
1026 3898 1055 3954 id
1074 3904 1117 3953 est
1130 3899 1231 3954 oculus
1255 3915 1326 3953 meae
1345 3901 1522 3967 tentationis,
1550 3903 1721 3959 attentatio

73 3988 105 4045 ln
116 3991 265 4043 murenulis
280 3989 426 4060 Scriptura
445 3994 550 4054 sancta,
572 4004 636 4060 quae
652 4003 719 4044 auro
731 3989 817 4060 spiri·
872 3992 914 4041 est
926 3986 984 4041 rita
997 3985 1124 4040 hominis
1137 4001 1225 4056 super
1239 3990 1356 4041 terram.
1383 3986 1456 4052 Quia
1475 3989 1561 4044 morti
1585 3991 1720 4046 llediato·

73 4077 344 4148 nsensunmlulget
368 4078 498 4144 interius,
515 4083 544 4131 et
570 4083 682 4146 arpenta
697 4077 819 4133 ccelesiis
872 4072 1215 4128 rismoxresurrectionis
1244 4073 1337 4143 gloria
1359 4075 1503 4139 successit,
1532 4079 1720 4135 rectesubdi·

73 4166 223 4237 asplendct
247 4167 389 4220 exterius:
411 4182 463 4237 pcr
478 4166 626 4221 doctorum
647 4167 818 4222 edificatio·
872 4166 930 4228 tur,
943 4161 1056 4228 Botrus,
1069 4160 1184 4233 quiluit
1202 4161 1353 4218 fasciculus
1377 4163 1502 4235 myrrhas
1519 4165 1551 4220 in
1577 4167 1719 4223 amarita-

73 4254 223 4310 tcustodia
238 4254 412 4322 sobrietatis,
437 4260 465 4309 et
479 4270 529 4326 per
544 4253 648 4310 ditium
664 4227 851 4327 ScripturasD
872 4250 939 4305 dine
967 4249 1119 4322 passionis,
1135 4250 1166 4305 iu
1188 4250 1340 4306 dulcedine
1367 4253 1586 4309 resurrectionis
1612 4256 1721 4312 exstitit

73 4340 193 4397 tionem.
211 4346 288 4397 Auro
305 4341 409 4397 divinae
432 4342 580 4414 sapientire
595 4348 623 4397 et
636 4349 756 4415 argento
770 4343 815 4398 di·
871 4337 972 4394 botrus
984 4338 1074 4412 cypri·
1101 4339 1182 4404 011οᾶ
1212 4341 1329 4411 mittin
1356 4340 1434 4397 essim
1457 4341 1607 4414 tristificat,
1620 4343 1718 4401 riuttm

73 4430 145 4502 ›qoii
168 4431 245 4485 intus
271 4435 299 4486 et
323 4431 447 4486 exterius
477 4430 642 4487 renitentes.
668 4433 814 4487 Faciemus.
871 4426 1008 4482 laetificat.

79 4517 137 4574 mei
152 4517 277 4590 opifices,
294 4535 367 4591 quos
390 4517 530 4592 plurimos
550 4519 584 4574 ad
614 4520 758 4589 eroganda
770 4537 815 4576 se·
906 4516 986 4572 Vens.
1001 4515 1043 4570 tt.
1072 4545 1106 4555 -
1132 4516 1203 4571 Ecce
1228 4521 1257 4572 lu
1271 4518 1397 4587 pulchra.
1415 4519 1556 4575 Hactenus
1584 4521 1718 4594 Ecclesia,

73 4607 137 4662 arbi
151 4606 296 4662 constitui.
870 4619 935 4675 quae
951 4602 1111 4659 dilectionis
1129 4604 1251 4676 pignore
1265 4622 1281 4660 a
1293 4622 1399 4677 sponso
1424 4609 1574 4680 receperit,
1586 4615 1716 4677 testatur.

73 4727 85 4750 ·.
111 4697 151 4749 tl.
181 4726 216 4736 -
239 4699 306 4750 Dum
322 4700 401 4750 essct.
433 4695 563 4766 Acceptis
592 4691 715 4750 Ecclesia
728 4695 815 4749 tantis
869 4690 990 4763 cuiipse
1013 4706 1080 4746 mox
1098 4692 1340 4748 remunerationis
1366 4694 1426 4750 vice
1455 4698 1631 4768 respondet:
1653 4703 1719 4757 Ecce

73 4783 144 4838 itor‘e
171 4800 223 4838 suo
247 4783 415 4838 maneribus
444 4791 471 4840 el
504 4782 663 4856 promissis,
684 4783 816 4855 quahaec
870 4784 899 4834 tu
915 4779 1166 4850 pulchra3quasi,
1189 4796 1222 4835 ex
1246 4780 1301 4835 hoc
1325 4782 1400 4854 quod
1420 4798 1466 4839 me
1480 4785 1584 4857 diligit,
1599 4788 1718 4860 pulchra

73 4887 118 4927 me
145 4888 267 4944 operum
304 4872 471 4944 susceperit,
502 4871 676 4937 manifestat,
697 4870 813 4928 dicens:
869 4865 1010 4923 efficieris.
1034 4868 1132 4923 Amico
1171 4883 1240 4924 aneu.
1281 4869 1343 4924 Alia
1381 4872 1554 4927 translatio:
1588 4875 1719 4931 Proximo

73 4965 120 5016 uel
135 4961 282 5032 rea,quod
303 4965 354 5027 est,
370 4976 435 5015 cum
453 4959 501 5014 Dei
519 4960 607 5014 Filius
623 4958 749 5013 incarne
765 4974 815 5029 ap·
867 4971 946 5022 metu
960 4954 1013 5011 hoc
1028 4960 1079 5023 est,
1094 4955 1123 5010 in
1140 4955 1195 5010 hoc
1218 4956 1295 5028 quod
1315 4959 1445 5029 proxima
1472 4975 1503 5014 es
1526 4962 1653 5032 speciose
1675 4981 1716 5032 es,

87 5050 211 5105 Ecclesia
230 5049 388 5121 peripsum
413 5047 580 5120 mysterium
608 5045 815 5101 incarnationis
869 5048 897 5098 et
927 5047 1080 5116 postquam
1103 5043 1225 5121 coeperis
1262 5059 1322 5099 esse
1352 5046 1490 5117 speciose,
1516 5048 1579 5105 sine
1607 5051 1716 5107 addita·

72 5143 145 5193 itum
174 5137 332 5193 caelestium
355 5137 497 5192 terrorem
523 5135 655 5191 excrevit.
671 5135 731 5201 llel,
748 5150 813 5189 cnm
868 5140 966 5187 mento
980 5132 1100 5204 pulchre
1116 5148 1156 5186 es.
1180 5132 1257 5188 Oculi
1283 5135 1334 5188 tui.
1360 5134 1423 5189 ntia
1447 5136 1508 5190 laus
1523 5151 1715 5209 spamaape·

75 5240 93 5279 n
121 5224 324 5280 humiliatione
354 5225 445 5278 crucis
472 5225 632 5279 homanum
660 5237 815 5294 genusper
868 5221 962 5286 ciosae,
988 5223 1020 5274 ut
1048 5225 1076 5274 at
1102 5235 1153 5273 nos
1181 5218 1345 5275 laboremus
1364 5221 1573 5292 speciositieri.
1589 5225 1716 5282 Ocalitui

72 5336 75 5369 ι
101 5313 294 5385 redemptum,
322 5312 489 5368 exercitatio
518 5313 658 5367 honorum
693 5326 813 5381 operam
868 5308 1062 5375 columborum,
1091 5307 1258 5378 simpliciter
1294 5309 1383 5364 llaum
1407 5310 1528 5366 intueris
1553 5313 1621 5385 quia
1643 5315 1715 5372 nihil

72 5401 248 5457 lanositatis
267 5401 398 5474 aspersit.
428 5401 539 5456 Christo
554 5392 620 5472 rege
645 5399 674 5453 in
690 5398 813 5454 beatitu·
868 5396 946 5451 aliud
961 5395 1017 5450 nisi
1030 5395 1250 5466 ipsumqureris.
1267 5395 1434 5462 Quiaiderit
1451 5399 1590 5455 mulierem
1603 5401 1641 5456 aa
1654 5418 1716 5459 con-

73 5488 181 5545 oelestis
208 5488 309 5544 secreti
337 5488 512 5561 quiescente,
540 5491 704 5543 sanctorum
723 5485 813 5540 virtus
867 5483 1128 5554 cupiscendumeum
1154 5482 1267 5555 (uasti.
1296 5486 1336 5554 r),
1362 5501 1422 5540 nan
1443 5485 1529 5544 hebet
1557 5491 1654 5546 oeulos
1668 5508 1716 5548 co-
