3892 6106
499 304 628 364 ocosse
650 303 853 364 oneratura.
868 335 904 348 -
927 305 991 363 ue.
1014 306 1149 364 saona.
1650 288 1702 371 ιιι

81 427 173 482 Giton
209 428 390 494 inconsulte,
423 428 457 482 ab
489 430 604 483 introitu
638 434 725 500 porta
755 432 837 500 ρι’-Α
856 429 941 485 verba
966 444 1067 485 eorum
1097 430 1197 500 quise
1223 429 1419 487 Samaritenos
1434 433 1651 505 cognominant,
1675 435 1705 492 id

74 530 99 572 er
116 518 259 572 circuitum
274 531 359 585 usque
380 516 418 570 od
439 517 524 586 Optel
543 517 584 587 (Π
606 519 667 573 Por.
698 523 800 583 xxrru).
858 522 910 584 est,
923 517 1055 574 custodes
1069 518 1141 589 legis
1163 518 1223 584 Dei,
1237 524 1310 590 etc.‚
1328 535 1413 591 usque
1435 521 1473 576 od
1491 525 1520 577 et
1534 528 1706 579 ornamenta

74 605 147 660 lebat
161 621 229 676 ergo
246 606 328 676 juxta
349 605 435 659 situm
455 605 518 671 loci,
534 610 567 661 ιιι
580 606 705 662 ministri
730 612 802 662 tem·
858 607 996 662 virtutum
1005 606 1133 663 moribus
1142 607 1287 663 emendati
1298 615 1519 680 cousequantur.

74 691 265 763 einatemplo
281 698 359 747 turre
374 693 546 748 habitarent.
894 694 974 750 Vrsae.
1006 696 1032 751 3.
1060 727 1093 735 —
1122 696 1213 753 Sedet
1230 697 1336 765 Tobios,
1353 699 1405 752 etc.
1429 699 1491 767 (ln,
1506 699 1587 764 ibid.)
1616 701 1707 772 liujus

74 795 100 835 se
112 784 208 835 autem
232 780 375 835 Nathinaei
395 781 526 835 habitant
541 782 571 835 iu
586 782 687 854 Ophel,
705 782 733 837 id
749 788 802 845 est.
857 782 953 837 Tobiae
979 798 1100 854 persona
1116 789 1144 839 et
1168 784 1255 839 rerba
1278 785 1421 841 haereticis
1436 788 1620 859 conveniunt,
1642 795 1708 857 etc,

88 869 235 937 nebulosa,
251 884 317 923 cum
333 868 363 924 hi
382 869 432 940 qui
447 869 627 940 professione
650 871 803 941 perfectio·
858 886 942 940 usque
953 871 990 926 od
1003 872 1109 942 quibus
1122 872 1283 929 fructiferas
1294 873 1424 930 fidelium
1448 880 1560 932 mentes
1575 893 1708 934 corrum-

83 957 171 1014 dicati
190 958 340 1028 subtiles,
357 958 430 1013 etin
454 959 638 1015 munimento
660 965 690 1014 et
710 960 803 1015 altitu.
859 958 1085 1030 perenituntur.‘

74 1051 172 1103 tutam
190 1047 302 1102 actione
329 1063 443 1119 semper
458 1052 488 1102 et
502 1047 674 1118 cogitatione
688 1064 804 1103 moran·
895 1049 976 1104 Vens.
1002 1051 1028 1105 9.
1053 1050 1141 1104 -Et
1155 1052 1302 1106 mocimus.
1329 1053 1386 1106 lloc
1401 1056 1443 1108 est
1466 1053 1584 1108 unicum
1605 1058 1704 1110 contra

79 1136 257 1192 conversatio
280 1151 380 1190 eorum
406 1137 436 1189 iu
451 1136 528 1191 ooelis
551 1141 602 1203 eet,
618 1153 690 1208 quos
712 1136 805 1192 admi·
859 1135 954 1191 hostes
974 1137 1102 1192 Ecclesiae
1129 1138 1282 1210 retugium,
1298 1139 1388 1195 oratio
1418 1141 1526 1197 scilicet
1551 1144 1585 1198 ad
1606 1143 1708 1214 Deum,

74 1225 134 1295 tgus
150 1225 190 1278 ait
212 1242 218 1278 :
237 1226 290 1292 Qut
312 1228 376 1279 sunt
399 1227 448 1279 isti
474 1228 523 1294 qui
547 1229 578 1280 ut
605 1226 689 1281 nutes
712 1227 806 1281 ιιοιιιιιι
859 1228 888 1279 et
900 1224 1041 1280 industria
1055 1226 1216 1292 doctorum,
1230 1227 1281 1299 qui
1295 1227 1340 1281 die
1368 1228 1550 1300 noctequein
1570 1230 1633 1302 lege
1648 1232 1710 1304 eJus

74 1313 95 1384 ),
113 1318 167 1369 etc.
187 1313 258 1367 item
269 1312 413 1367 Thecueui
427 1312 558 1368 habitant
573 1314 604 1369 in
620 1315 722 1386 Ophel,
739 1330 804 1370 cnm
859 1313 1039 1382 meditantes,
1058 1316 1144 1369 corda
1166 1314 1295 1370 fidelium
1311 1320 1408 1370 contra
1425 1315 1544 1372 insidias
1558 1318 1708 1375 diabolici

84 1402 235 1473 religionis
261 1402 362 1457 habitu
376 1402 507 1474 insignes
525 1403 623 1458 abdita
645 1403 805 1475 Scriptura·
859 1401 1056 1474 militnm-ejus
1071 1403 1265 1474 predicando,
1285 1404 1470 1474 consolando,
1486 1409 1514 1460 et
1529 1406 1705 1463 exhortando

84 1489 192 1562 quibus
207 1489 404 1560 scriptumest
419 1506 426 1543 :
446 1490 595 1545 tenebroso
615 1505 690 1560 aqua
701 1491 731 1543 in
747 1503 803 1543 nu·
860 1491 1062 1560 praemuniant.

74 1581 118 1635 nis
138 1581 224 1647 (Psol.
244 1578 322 1650 xvii),
338 1579 365 1633 id
397 1583 447 1641 est,
483 1579 602 1649 mystica
630 1578 749 1632 scientia
772 1576 803 1631 in
894 1579 975 1634 Vnus.
992 1581 1025 1633 to
1045 1609 1079 1621 -
1102 1582 1205 1635 Hamus
1224 1583 1311 1636 nimia
1335 1582 1495 1652 cettheus,
1519 1583 1601 1654 ibid.)
1632 1584 1705 1639 Con·

74 1667 114 1737 ie,
135 1667 276 1722 illustrato
300 1667 385 1721 corde
403 1671 565 1738 penetrant,
586 1671 615 1721 et
632 1666 746 1721 assidue
760 1666 802 1720 le·
823 1670 949 1765 Bgesta,
969 1667 1087 1734 scilicet,
1110 1668 1140 1722 in
1168 1668 1230 1723 loco
1245 1668 1332 1736 muri,
1357 1673 1422 1737 eto,
1446 1685 1531 1739 usque
1555 1670 1593 1725 od
1613 1675 1642 1726 et
1656 1688 1708 1744 pro

74 1756 278 1810 tmeditentur.
860 1754 947 1809 domo
982 1754 1026 1808 rel
1051 1752 1164 1809 civitate
1194 1754 1321 1826 procella
1348 1755 1515 1810 tentationis
1542 1755 1707 1828 ingruente,

74 1860 100 1900 a.
129 1845 225 1914 (Bane,
254 1843 336 1913 itte.)
358 1842 643 1908 ltominumscilicet,
670 1842 804 1913 quiquo·
858 1842 972 1896 ruinam
987 1841 1143 1897 aedificasse
1159 1842 1307 1914 probatur.

74 1948 93 1988 rs
103 1932 308 1988 misericordia
320 1948 378 1985 suas
390 1932 535 2003 gretiana
545 1931 574 1984 in
588 1931 724 1985 aerumnis
740 1930 804 1984 vitas
893 1931 974 1985 Vnae.
1003 1932 1045 1985 ll.
1061 1961 1096 1970 —
1113 1933 1356 2000 Diaerautbostes,
1374 1935 1427 1988 etc.
1460 1932 1705 1989 ilaecinoeditlcio

74 2021 247 2094 rpraesentis
266 2024 294 2075 et
308 2020 485 2086 deficiamus,
506 2020 616 2090 irrigat,
633 2023 699 2086 etc,
719 2033 804 2088 usque
858 2017 999 2090 spirituali
1026 2018 1073 2090 agi
1098 2019 1204 2088 solent;
1231 2026 1328 2075 manet
1351 2020 1429 2076 enim
1444 2020 1602 2077 indefessus
1617 2022 1708 2077 hostis

74 2110 184 2181 tiapost
194 2108 344 2180 prasentia
357 2109 495 2163 virtutum
505 2109 581 2163 dona
600 2107 636 2163 ed
649 2108 803 2163 ridendam
857 2121 921 2161 osum
936 2106 1106 2161 satellitibus
1122 2107 1189 2174 suis,
1205 2107 1352 2178 spiritibus
1386 2108 1494 2163 scilicet
1507 2108 1666 2165 immundis
1679 2115 1709 2165 et

74 2214 114 2255 sm
138 2197 255 2253 Domini
280 2198 457 2265 ascenditur,
482 2202 558 2252 recte
581 2197 720 2252 infertur:
741 2198 804 2252 Post
857 2193 1022 2250 homiuibus
1037 2194 1182 2265 malignis,
1197 2195 1248 2267 qui
1263 2211 1352 2267 opera
1366 2195 1507 2252 virtutum
1521 2202 1548 2252 et
1562 2197 1632 2253 fidei
1654 2214 1708 2254 no·

74 2290 234 2359 ipecoerunt
249 2286 455 2350 Tbecueui,etc.
856 2282 900 2338 bis
916 2282 1037 2352 incautis
1061 2283 1200 2354 impedire
1225 2289 1254 2338 et
1280 2299 1445 2354 expugnare
1470 2285 1659 2354 contendunt,
1680 2292 1711 2342 et

88 2378 135 2432 27.
147 2378 214 2429 -A
233 2381 318 2429 turre.
334 2378 357 2430 Α
371 2378 598 2444 turremagnaet
610 2373 803 2428 eminentius·
857 2377 983 2426 mentem
997 2372 1126 2428 lidelium
1143 2388 1279 2430 macrone
1300 2389 1395 2444 praete
1415 2374 1607 2444 suggestionis
1622 2375 1708 2431 inter-

74 2480 190 2521 murum
202 2463 300 2534 templi
311 2462 589 2533 pervenitstroctura
598 2460 729 2526 civitatis,
737 2477 802 2516 cum
856 2457 952 2514 ficere.
968 2458 1024 2515 Sed
1036 2464 1134 2515 contra
1155 2460 1216 2516 hac
1232 2460 1315 2515 nobis
1335 2466 1479 2516 armatura
1495 2461 1545 2517 Dei
1567 2461 1708 2518 sumenda

84 2550 513 2622 altitudinecontemplationis,
542 2566 608 2622 qua
624 2553 750 2604 mentem
772 2549 803 2604 in
857 2553 908 2612 est,
925 2551 959 2602 ut
980 2548 1124 2619 possimus
1144 2548 1276 2604 resistere
1294 2548 1324 2603 in
1339 2549 1384 2604 die
1399 2549 1488 2620 malo,
1505 2553 1534 2605 et
1558 2549 1588 2606 in
1611 2550 1705 2607 omni-

74 2656 87 2697 s
101 2639 243 2709 despectis
263 2637 471 2710 temporalibus
490 2637 526 2692 ad
550 2636 676 2692 coelestia
691 2637 803 2692 deside·
858 2636 911 2691 bus
926 2635 1044 2707 perfecti
1060 2639 1145 2692 stare.

74 2729 205 2794 rendunt,
225 2726 408 2782 veraciterin
425 2725 474 2780 illa
498 2725 555 2780 rita
580 2724 615 2780 ad
645 2724 804 2780 claritatem
894 2725 974 2780 Vnus.
1005 2726 1047 2781 lt.
1080 2756 1111 2765 -
1125 2725 1218 2782 Stotue'
1240 2729 1269 2782 in
1291 2727 1356 2793 loeo,
1374 2731 1427 2782 etc⁴
1445 2728 1480 2782 Ut
1498 2732 1613 2797 agmine
1630 2726 1705 2783 scili-

74 2815 329 2874 reeiucarnationis
350 2813 529 2878 intuendam,
552 2813 693 2884 patefacta
717 2812 803 2868 etiam
858 2817 903 2867 cet
930 2817 1107 2869 armatorum
1145 2813 1313 2870 circumdati
1339 2819 1503 2886 operatores
1531 2815 1649 2871 liberius
1679 2820 1708 2872 et

74 2904 239 2963 eternitatis
263 2903 353 2976 gloria
378 2901 544 2957 ascendunt.
562 2903 595 2956 Et
610 2901 678 2972 quia
691 2901 805 2955 thecue
859 2900 986 2955 securius
1017 2899 1203 2959 aedificarent.
1238 2900 1384 2972 Dispertiti
1418 2901 1496 2957 enim
1520 2908 1589 2958 sunt
1602 2904 1709 2974 gradus

87 2995 132 3050 vel
150 2993 228 3061 tuba,
243 2991 386 3048 'thecuani
401 2990 596 3045 buccinatores
611 2989 804 3060 interpretari·
827 2987 992 3046 Glidelium
1015 3005 1022 3044 :
1043 2989 1093 3044 elii
1121 2989 1205 3045 bouis
1231 2989 1367 3062 operibus
1390 2989 1468 3045 intus
1494 2995 1629 3046 ornantes
1658 2992 1711 3047 Ec·

74 3087 104 3140 te
135 3081 239 3138 dicitur
262 3082 336 3153 quod
363 3079 506 3135 'thecueni
521 3079 575 3134 hoc
589 3077 801 3132 edificaverint.
859 3077 973 3133 clesiam
990 3077 1152 3133 aedificant:
1170 3078 1219 3132 alii
1244 3078 1332 3133 armis
1351 3078 1580 3134 sacraelcctionis
1601 3080 1707 3136 muniti

74 3187 111 3228 rm
136 3171 215 3228 enim
244 3175 287 3225 est
308 3185 431 3241 quorum
454 3182 540 3222 sonus
568 3165 625 3221 enit
645 3165 675 3220 in
689 3180 804 3220 omnem
859 3171 958 3222 contra
972 3165 1176 3238 impugnantes
1195 3166 1343 3221 haereticos
1362 3166 1491 3238 vigilant.
1515 3167 1549 3222 lli
1572 3168 1707 3239 religiosa

100 3258 253 3333 praesentia
276 3258 326 3312 [lei
347 3258 423 3311 dona
447 3256 492 3310 vel
515 3255 612 3310 futura
638 3255 668 3309 in
691 3253 804 3308 civitate
860 3254 1008 3310 devotione
1021 3255 1166 3326 proximos
1181 3253 1210 3308 in
1238 3253 1306 3308 fidei
1330 3254 1449 3310 veritate
1473 3256 1646 3323 confortant,
1663 3254 1706 3310 illi

83 3355 136 3415 est,
154 3348 287 3404 fidelibus
308 3345 476 3419 patefacere.
860 3343 995 3398 adversus
1018 3342 1126 3398 diaboli
1135 3343 1179 3398 vel
1202 3341 1337 3396 vitiorum
1361 3344 1417 3397 tela
1441 3342 1707 3399 necessarium-cer-

74 3454 174 3495 eurum
197 3437 299 3506 templi.
324 3437 432 3506 Corpus
455 3433 563 3488 scilicet
594 3432 699 3488 Christi
726 3447 733 3485 ι
770 3431 805 3485 de
859 3434 956 3487 umen
970 3434 1111 3498 exercent,
1126 3429 1205 3485 eleb
1221 3429 1287 3485 orili
1313 3430 1457 3486 dominico
1481 3431 1649 3487 insidiantes
1663 3432 1708 3486 ln-

74 3526 143 3583 citur
157 3528 242 3582 toan.
261 3542 280 3579 rr
304 3543 312 3579 ε
331 3524 433 3580 Solvite
448 3522 575 3591 templum
595 3522 652 3589 hoc,
674 3523 699 3574 et
711 3521 805 3574 intri-
860 3534 913 3591 pos
928 3516 1266 3591 pastoralisollicitudine
1279 3523 1386 3573 arcent.

74 3615 116 3672 lats
127 3614 249 3670 recitabo
262 3612 333 3667 illud
353 3628 359 3665 z
376 3610 454 3682 quod
478 3609 586 3664 scilicet
610 3613 805 3679 persecutores
895 3609 977 3662 Vens.
996 3609 1038 3662 lt.
1054 3635 1088 3647 -
1101 3606 1125 3661 Α
1142 3605 1186 3660 die
1199 3607 1249 3661 etto
1262 3606 1352 3662 medio
1361 3622 1440 3676 pore,
1456 3611 1510 3663 etc.
1525 3608 1613 3677 (Bau,
1627 3607 1708 3676 etta,

74 3720 90 3760 e
105 3704 258 3768 solverant,
270 3701 318 3755 sed
330 3700 485 3754 excitatum
498 3702 525 3751 et
545 3697 581 3751 ad
592 3699 678 3750 coelos
700 3696 806 3751 exalla-
860 3711 923 3767 cap.
935 3695 994 3767 ao.)
1013 3694 1185 3760 Notandum,
1204 3694 1345 3766 quianon
1360 3694 1452 3751 solum
1469 3695 1564 3750 media
1576 3711 1642 3768 pars
1662 3696 1710 3766 ju-

74 3794 172 3847 ratores
187 3790 282 3844 videre
293 3804 352 3843 non
367 3791 479 3842 cessant
492 3785 521 3839 in
536 3784 638 3856 gloria.
860 3799 966 3840 renum
983 3780 1105 3838 iaciebat
1132 3798 1213 3852 opus,
1231 3787 1295 3846 etc,
1311 3797 1397 3851 usque
1410 3783 1447 3837 od
1470 3783 1649 3855 minorisque
1673 3784 1712 3839 la·

109 3881 152 3936 28.
184 3907 218 3919 -
244 3879 357 3934 Sursum
386 3881 486 3942 autem,
515 3876 568 3929 etc.
599 3872 699 3945 (Bana,
736 3872 805 3926 ibid.
861 3868 1184 3939 borisestincoguitam
1204 3869 1406 3924 carereoarnis
1426 3869 1711 3942 voluptatem,quam

74 3970 175 4027 ιοιιιιιι
199 3965 341 4037 signiticat
367 3964 506 4020 ieremias
529 3978 589 4017 esse
619 3961 649 4016 in
673 3959 807 4015 orientali
866 3958 983 4029 rejicere
996 3955 1152 4027 cognitam.

74 4056 191 4122 ivitatis,
219 4060 284 4120 etc,
304 4069 390 4124 usque
404 4053 442 4107 od
458 4051 525 4123 equi
541 4066 604 4106 cum
621 4049 652 4104 in
669 4049 745 4104 bono
761 4064 809 4103 ac·
899 4050 981 4104 Vane.
1009 4047 1102 4102 22-
1124 4047 1161 4100 Ει
1174 4043 1314 4100 siatoobis
1327 4046 1400 4100 uices
1414 4049 1574 4117 pernoctem
1590 4050 1616 4101 et
1630 4045 1710 4101 diem.

74 4161 118 4216 nr,
133 4145 207 4201 sicut
228 4143 311 4210 asini,
327 4142 438 4207 cameli,
464 4145 494 4196 et
508 4140 590 4207 muli,
607 4154 758 4194 couversos
772 4138 809 4193 ad
863 4135 934 4208 (la,
948 4133 1029 4205 ibid.)
1039 4135 1111 4189 Nota
1122 4136 1263 4205 quantum
1273 4132 1401 4189 studium
1411 4133 1592 4207 inoperando
1604 4133 1712 4189 habue-

74 4249 116 4291 rm
130 4233 253 4305 populos
268 4231 433 4297 Gentilium,
451 4230 493 4284 rel
520 4243 602 4283 curas
617 4242 714 4282 rerum
734 4229 807 4281 tem·
863 4225 932 4290 rint,
949 4227 1113 4293 alcmana
1139 4221 1417 4278 adcontradioentes
1432 4224 1580 4296 arguendo
1609 4223 1643 4278 ab
1659 4222 1712 4277 Ec·

74 4336 114 4392 m,
135 4322 257 4378 Domino
275 4320 383 4375 scilicet
397 4318 501 4374 animm
525 4316 691 4389 subjugatas
710 4319 809 4370 osten·
864 4311 949 4368 clesia
964 4310 1116 4383 repellunt.

74 4503 210 4558 emerunt
245 4496 406 4562 sacerdotes,
449 4499 502 4550 etc.
541 4493 705 4548 Sacerdotes
745 4505 811 4545 sero
1201 4432 1315 4490 CAPUT
1340 4435 1371 4489 V·

74 4607 81 4645 ι
107 4588 158 4644 Dei
181 4602 297 4643 murum
324 4585 359 4640 ad
374 4587 487 4655 portam
502 4597 642 4653 equarum
658 4579 809 4646 aedificant,
900 4570 983 4624 Vsus·
1009 4569 1036 4620 l·
1062 4592 1097 4604 -
1126 4567 1163 4620 Ει
1189 4568 1282 4633 sactus
1309 4569 1349 4622 est
1365 4567 1548 4634 stemmate:
1571 4565 1659 4634 (Rana
1683 4566 1715 4620 in

74 4681 183 4734 octores
206 4678 272 4745 post
287 4673 464 4727 vocationem
479 4670 646 4726 ludaeorum
671 4668 707 4723 ad
722 4667 812 4721 indu·
864 4657 959 4724 aser..
978 4653 1029 4710 lib.
1048 4669 1089 4717 ιιι,
1113 4669 1176 4725 cap.
1191 4656 1251 4726 nt.)
1266 4652 1585 4725 Desiderabatpopulos
1597 4668 1714 4709 matrum

80 4766 112 4821 in
126 4762 278 4820 Ecclesiam
291 4759 426 4826 Gentiles,
442 4758 561 4814 verbum
580 4756 632 4813 Dei
645 4754 812 4812 seminando
865 4748 1040 4808 vomitum,
1059 4743 1126 4808 etc„
1141 4755 1227 4811 utque
1240 4742 1279 4797 od
1305 4745 1335 4796 et
1360 4756 1463 4796 manus
1478 4744 1621 4795 nostrasa
1646 4756 1714 4811 pro·

74 4853 144 4909 innt.
866 4832 936 4906 priis
950 4827 1146 4902 voluptatibus
1161 4835 1291 4885 avertens
1320 4829 1356 4886 ad
1370 4828 1590 4884 construendam
1610 4827 1716 4884 Christi

74 4958 95 5010 ι,
118 4939 202 5011 ibid.)
228 4939 358 5009 Longum
371 4937 413 4990 est
440 4934 476 4991 de
492 4932 614 5005 singulis
626 4929 754 4987 edificiis
767 4928 813 4985 vel
866 4915 1172 4979 convertatcivitatem.

74 5029 184 5085 toribus
200 5027 318 5099 mystice
339 5025 488 5092 disserere,
512 5026 577 5090 etc,
602 5036 687 5090 usque
708 5018 746 5074 od
759 5034 814 5074 no-
903 5011 968 5084 (lu.,
981 5009 1060 5080 ibid.)
1074 5006 1222 5065 lribusde
1241 5005 1333 5061 causis
1348 5009 1471 5076 augetur
1485 5004 1593 5060 elamor
1604 5005 1714 5078 populi.

74 5116 208 5175 nnmribit
221 5116 342 5171 incoelo,
868 5100 991 5165 Quidam
1017 5099 1092 5155 tame
1122 5094 1213 5152 coacti
1239 5093 1315 5149 filios
1337 5109 1405 5148 suos
1425 5092 1576 5148 ditioribus
1594 5095 1717 5150 vendere

868 5188 1001 5244 volebant
1020 5203 1027 5242 ι
1057 5186 1106 5242 atii
1121 5184 1218 5240 liberis
1232 5187 1381 5254 parcentes
1408 5197 1491 5253 agros
1514 5181 1610 5253 potius
1625 5187 1654 5239 et
1668 5183 1717 5239 do·

304 5256 416 5313 CAPUT
436 5255 481 5310 lv·
869 5293 944 5332 mos.
973 5273 1119 5338 Nonnulli,
1142 5273 1327 5344 prohibentes
1343 5270 1496 5326 liberorum
1521 5275 1550 5327 et
1581 5287 1716 5344 agrorum

74 5426 82 5442 .
106 5385 133 5440 l.
160 5411 192 5423 -
268 5380 431 5438 Sunobotlot
489 5379 577 5431 moues
591 5373 674 5429 simu
700 5371 815 5426 subson-
869 5363 1077 5431 venditionem,
1103 5361 1158 5417 hoc
1171 5365 1284 5416 tantum
1312 5359 1534 5431 persuadebant,
1562 5364 1595 5416 ut
1616 5364 1717 5415 mutuo

74 5471 181 5528 ludam.
213 5470 294 5540 (Bana
322 5471 351 5522 tn
376 5467 504 5533 Esdram,
535 5463 585 5518 lib.
615 5477 657 5531 ιιι,
682 5476 744 5531 cap.
771 5461 815 5525 te,
871 5456 1019 5511 sumerent
1043 5450 1193 5524 pecuniam
1222 5449 1252 5504 in
1274 5448 1381 5505 tributa
1406 5448 1492 5519 regis,
1523 5447 1719 5521 oppignoratis

76 5560 110 5624 bl
154 5559 241 5615 Plane
277 5557 320 5612 ira
342 5554 545 5611 hereticorum
572 5555 624 5607 est.
656 5549 723 5604 lime
748 5551 817 5601 sunt
870 5542 947 5616 agris
967 5543 998 5596 et
1023 5537 1125 5606 vineis,
1153 5537 1245 5594 donec
1270 5538 1409 5594 redeunte
1425 5537 1571 5593 fertilitate
1598 5537 1718 5592 reddere
