3892 6106
97 173 153 278 rto
431 218 633 275 wlttrulnl
650 218 773 275 statar
789 215 1076 276 enuntiatione.
1094 216 1182 273 PARS
1198 219 1217 273 l.
1238 247 1272 256 —
1287 215 1521 274 Tflssotoutcs.
1805 221 1853 272 'ild

97 347 173 415 eget,
187 343 215 399 id
229 346 281 410 est,
302 340 409 397 carnali
433 339 595 412 sapientia;
613 344 641 395 et
664 345 752 407 recta,
777 355 842 412 quoe
854 342 989 395 contrad
1008 338 1131 407 lacessit,
1148 338 1203 394 nisi
1226 356 1276 411 spe
1304 338 1369 394 linis
1396 339 1550 408 relevatur,
1578 338 1629 395 sed
1644 336 1696 394 illo
1711 336 1774 393 viso
1787 340 1854 396 nihil

97 432 246 487 diabolum
262 431 298 487 de
316 430 501 487 conversione
530 428 685 499 aliquando
710 428 878 498 loquuntur,
896 444 949 481 au·
1007 432 1090 500 putat
1103 429 1178 500 qnod
1190 427 1285 483 sentit.

99 520 156 576 diri
170 520 205 576 ab
216 520 256 575 eis
271 520 376 587 renuit,
392 519 458 591 quia
474 534 526 591 per
537 519 597 573 hoec
607 517 642 572 ad
654 517 805 584 perfidiam
820 517 947 572 trahunt.
1040 517 1121 580 vers,
1139 519 1168 571 3.
1199 536 1262 565 -«
1284 515 1391 570 Menses
1416 530 1531 570 vacuos.
1550 517 1603 570 »A
1629 514 1720 571 rebus
1747 516 1851 585 mnndi,

98 611 222 665 «llanus
240 609 358 663 hostis»
384 613 425 662 est
445 605 585 662 tortitudo
614 605 769 660 Satanae«
795 604 946 659 Robusti·
1004 605 1140 677 quianon
1167 621 1215 659 aas
1238 608 1374 677 quarunt
1402 608 1630 675 peractussnos
1647 602 1731 671 boni,
1752 607 1780 659 et
1800 619 1852 659 no-

97 697 298 768 suntmaligni
314 696 440 768 spiritus.
1004 699 1062 748 ates
1091 693 1293 749 adversitatum
1320 693 1443 748 tolerant
1469 691 1637 760 laboriosas,
1667 692 1852 766 qnandojam

133 785 299 858 «Nunquid
328 784 409 840 dixi:
434 783 553 838 Afferte.
575 804 587 833 ι
610 782 716 838 Contra
741 781 843 837 divites
864 797 948 836 mun·
1004 783 1123 838 suntin
1148 782 1275 836 cruciatu
1299 780 1438 853 corporis.
1467 781 1517 837 Vel
1534 797 1647 836 menses
1675 780 1851 854 recubante

97 874 137 944 di,
154 880 219 943 etc,
233 889 318 944 usquc
329 873 367 928 ad
380 876 409 927 et
420 872 498 945 quod
514 872 545 927 iu
555 871 657 943 seipsis
672 871 845 944 despiciunt,
866 874 895 925 et
918 869 949 924 in
1004 871 1089 927 modo
1104 875 1147 926 est
1164 871 1255 934 labor,
1271 871 1320 926 sed
1332 872 1461 926 noudum
1475 871 1639 944 praemium.

97 963 170 1018 aliis.
1042 960 1171 1014 allectas
1199 957 1396 1014 laboriosas.»
1429 960 1594 1030 Enumerat,
1623 964 1692 1028 etc,
1722 961 1853 1032 asprum

131 1053 212 1106 vans.
228 1051 273 1107 at.
289 1080 324 1090 —
339 1050 468 1105 «Docete
483 1065 566 1105 me.»
583 1048 699 1104 Hoevel
718 1047 863 1120 prioribus
878 1045 948 1100 sub-
1003 1063 1037 1101 eo
1064 1045 1156 1118 magis
1175 1045 1265 1116 gemit
1295 1046 1345 1102 diu
1374 1047 1497 1103 nescisse
1511 1047 1588 1120 qnod
1600 1046 1720 1120 quaerit,
1741 1052 1771 1104 et
1780 1049 1853 1122 qnod

94 1140 237 1213 jungitur,
253 1139 297 1195 vel
311 1155 365 1210 per
378 1155 408 1193 se
424 1138 528 1193 dicitur
543 1154 595 1209 per
610 1136 848 1209 increpationum.
1002 1135 1128 1190 inaniter
1142 1134 1290 1190 laboravit.

132 1227 461 1293 Vaas.25.-·-·0uare
485 1224 806 1295 detraxistis.»(Gaua.)
828 1223 948 1280 liundus
1038 1224 1119 1279 Vens.
1147 1223 1174 1278 4.
1201 1254 1236 1266 -
1267 1222 1334 1279 «Si
1360 1223 1542 1279 dormiero·
1572 1223 1668 1295 (ibid.)
1690 1222 1852 1280 &cundum

97 1334 158 1373 esse
174 1318 267 1385 debet,
293 1322 365 1384 etc,
386 1331 472 1387 usque
495 1315 532 1370 od
556 1313 794 1387 reprehensibilia
813 1312 947 1384 profertis
1001 1309 1150 1366 historiam
1167 1311 1280 1365 animus
1308 1310 1430 1366 dolentis
1444 1309 1626 1382 exprimitur,
1654 1310 1717 1382 qui,
1735 1316 1852 1382 cogente

96 1406 374 1478 adincrepandum‘?
1001 1399 1147 1467 moestitia,
1180 1416 1233 1471 per
1250 1398 1363 1455 diversa
1385 1398 1523 1454 desideria
1548 1402 1688 1471 vagatur3
1717 1398 1747 1454 in
1774 1403 1851 1456 nocte

132 1496 226 1567 (ibid.)
237 1497 299 1550 Duo
316 1510 423 1566 genere
442 1493 594 1549 locutionis
608 1492 694 1547 noxia
721 1495 798 1558 sunt,
826 1490 903 1562 quod
919 1494 947 1546 et
1003 1489 1088 1554 diem,
1106 1489 1135 1543 in
1164 1487 1210 1543 die
1237 1503 1386 1558 vesperam
1414 1487 1566 1555 desiderat,
1596 1488 1666 1560 quia
1692 1488 1778 1544 dolor
1796 1504 1852 1545 non

94 1601 229 1656 perversa
241 1584 341 1639 laudat
368 1588 397 1639 et
417 1582 493 1655 quod
522 1582 609 1637 etiam
625 1583 702 1635 recta
730 1581 891 1651 vituperat3
906 1579 947 1635 ibi
964 1622 984 1677 B
1002 1577 1070 1632 sinit
1090 1578 1201 1649 placere
1230 1576 1307 1648 quod
1335 1576 1431 1644 adest:
1451 1577 1548 1650 etjam
1564 1579 1619 1632 lroc
1637 1583 1777 1649 expertus
1789 1593 1851 1649 gra·

94 1672 185 1738 iavor,
200 1672 248 1728 hic
271 1672 330 1727 ira:
348 1672 383 1727 dc
406 1670 461 1726 hoc
483 1670 591 1725 amicos
609 1669 662 1724 iob
679 1667 775 1738 arguit
790 1683 798 1734 ;
814 1666 847 1721 ad
869 1666 946 1738 quod
1000 1681 1044 1727 ve,
1061 1665 1226 1720 consolante
1243 1664 1386 1720 desiderio
1409 1665 1487 1721 aliud
1501 1670 1659 1737 exspectat;
1681 1665 1730 1723 sed
1746 1682 1801 1722 nec
1814 1666 1852 1721 sic

95 1762 245 1817 vitiumex
273 1760 371 1815 otiosis
399 1759 481 1815 dictis
513 1757 689 1830 pervenitur,
720 1756 798 1811 unde
826 1755 945 1810 subdit:
1001 1754 1084 1810 dolor
1096 1754 1208 1821 linitur,
1219 1753 1311 1809 unde:

130 1853 343 1906 Vans.26.-«
369 1849 401 1904 Et
421 1848 452 1903 iu
477 1852 636 1903 ventum.»
665 1847 697 1901 ln
721 1850 839 1900 ventum
860 1844 947 1899 verba
1037 1845 1107 1898 «Et
1133 1842 1267 1915 replebor
1294 1842 1482 1899 doloribus.»
1515 1844 1607 1900 Causa
1632 1847 1730 1900 autem
1746 1842 1861 1900 doloris

95 1941 231 2013 prolerre,
250 1943 321 2004 etc..
336 1953 422 2009 usque
436 1937 524 1992 adsit
539 1953 607 2009 ergo
623 1935 728 1991 ostium
746 1934 852 2005 linguae
867 1933 944 2006 quod
999 1933 1062 1988 haec
1073 1936 1134 1989 est:

95 2029 183 2084 modo
197 2027 355 2094 claudatur,
371 2025 457 2080 modo
471 2024 627 2095 aperiatur.
1035 2027 1116 2081 Vane.
1133 2028 1158 2080 5.
1184 2054 1219 2066 -
1249 2024 1383 2080 ‹luduta
1405 2029 1458 2081 est.
1477 2047 1488 2076 ι
1510 2026 1603 2099 (ibid.)
1623 2027 1732 2082 Eadem
1760 2026 1849 2083 subti-

133 2119 277 2172 versut.
304 2134 376 2167 -a
405 2114 498 2185 Super
525 2112 711 2185 pupillum.»
744 2110 841 2183 (Gara.
854 2112 884 2165 iu
897 2111 945 2165 1οὸ
999 2115 1054 2172 lius
1068 2117 1098 2172 iu
1115 2116 1246 2180 Ecclesia,
1263 2118 1328 2182 etc,
1341 2117 1477 2186 usquead
1509 2117 1623 2173 noneis
1647 2117 1756 2173 esthic
1778 2118 1847 2173 inte

95 2207 146 2262 lib.
166 2205 241 2276 vrri.)
257 2206 324 2259 Ecce
350 2208 466 2275 quantae
493 2201 669 2258 infirmitatis
688 2217 717 2255 se
742 2216 804 2255 esse
819 2215 945 2272 perpen·
998 2223 1050 2279 gra
1065 2207 1152 2275 salus,
1167 2206 1244 2262 unde
1260 2205 1369 2261 subdit:

95 2291 423 2362 dat,etc.,usqueodsi
450 2291 553 2346 tolerat
566 2307 640 2363 quos
663 2304 720 2345 non
747 2292 834 2351 amat.
850 2289 894 2343 vel
921 2287 945 2343 si
1035 2317 1049 2347 «
1082 2297 1116 2351 Et
1143 2296 1277 2368 replebor
1311 2293 1458 2353 doloribus
1483 2294 1634 2367 usquead
1661 2294 1809 2350 tenebras.
1834 2315 1846 2344 r

94 2400 154 2440 non
169 2383 270 2438 tolerat
283 2397 354 2453 quos
368 2384 454 2435 &mtt-
998 2386 1069 2452 Quia
1093 2384 1274 2442 securitatem
1300 2402 1360 2443 non
1387 2384 1506 2452 invenit,
1535 2384 1627 2440 donec
1641 2383 1764 2456 penitus
1774 2388 1846 2438 tem-

129 2473 351 2527 l'1r2lt⁵·28·--tt
378 2469 476 2524 Vid0l0
499 2484 537 2523 ΕΠ
565 2467 729 2522 ωθῐὶῐίθῐ·»
756 2465 849 2536 (leid.)
873 2465 944 2531 0⁰1³
997 2490 1051 2545 pus
1079 2473 1246 2528 mutationis
1272 2471 1419 2545 relinquit.
1458 2473 1569 2527 Doloris
1602 2476 1700 2529 autem
1735 2487 1848 2528 canum

93 2561 222 2631 humilis,
238 2575 303 2632 quae
318 2557 396 2621 dicit,
409 2573 467 2612 non
485 2572 519 2611 ex
543 2554 710 2611 auctoritaie
734 2553 876 2625 praecipit,
895 2553 944 2608 sed
998 2561 1110 2617 subdit:

94 2650 257 2708 erratione
281 2645 453 2719 persuadet3
469 2644 517 2700 sed
542 2643 609 2716 quia
638 2641 786 2698 occasione
812 2640 943 2712 rationis,
1034 2650 1173 2706 «induta
1195 2655 1238 2706 est
1267 2667 1373 2719 caro,s
1401 2650 1430 2706 id
1463 2653 1514 2716 est,
1530 2649 1653 2705 carnalis
1676 2650 1736 2705 rita
1764 2666 1848 2722 (ρτιττι

94 2738 230 2796 contrarii
244 2738 281 2793 ad
295 2734 506 2792 contentionem
522 2732 707 2800 effrenantur,
723 2729 828 2788 subdit.
998 2755 1062 2809 ago,
1078 2738 1122 2793 rel
1155 2740 1229 2795 mala
1245 2739 1412 2813 operatione
1440 2739 1589 2811 polluitur,
1603 2739 1648 2793 vel
1670 2737 1742 2794 inde
1756 2737 1849 2795 rastri.

129 2830 211 2882 vaes.
227 2829 272 2883 29.
288 2844 348 2877 -a
363 2822 553 2894 Respondete,
562 2821 677 2876 obsecro
693 2821 801 2892 absque
824 2822 943 2875 conten·
997 2829 1050 2894 cta,
1078 2842 1113 2880 ex
1137 2827 1277 2882 memoria
1303 2825 1479 2897 imaginibus
1506 2829 1692 2897 peccatorum
1711 2825 1848 2898 fuscatur,

93 2918 212 2973 «tione.
236 2913 336 2980 sonia
363 2910 492 2968 haeretici
518 2908 752 2981 inquisitionibus
779 2924 837 2963 non
851 2907 944 2962 inten·
965 2908 1065 2986 Cqure
1080 2916 1163 2986 qrrasi
1185 2916 1278 2987 pulvis
1299 2921 1364 2971 aute
1376 2915 1473 2971 oculos
1489 2916 1620 2986 surgunt.
1646 2915 1773 2970 Ecclesia
1784 2931 1848 2971 vero

94 3006 166 3062 dunt
180 3003 329 3060 veritatem
344 2999 465 3072 assequi,
477 2998 526 3054 sed
538 2997 660 3052 victores
686 2995 787 3052 videri.
998 3001 1029 3056 in
1044 3002 1215 3073 quibusdam
1245 3003 1426 3076 putredinem
1452 3002 1574 3058 luxuria:
1589 3002 1683 3057 carnis
1698 3003 1795 3072 sentit,
1818 3003 1847 3059 in
1883 3018 1885 3025 ’

131 3116 142 3144 ι
160 3094 194 3148 Et
205 3094 365 3165 loquentes,
388 3092 440 3144 elc-
462 3108 477 3140 s
507 3087 579 3153 Quia
593 3087 644 3159 qui
671 3086 810 3158 loquitur,
833 3083 943 3158 judicio
999 3090 1104 3161 quibus
1118 3090 1239 3145 terrenis
1250 3090 1359 3146 actibus
1375 3089 1477 3146 deditis
1491 3090 1608 3161 pulvere
1627 3090 1845 3162 conspergitur:

93 3182 232 3240 auditoris
246 3180 385 3236 subditur.
403 3180 481 3234 luter
493 3193 542 3231 cor
556 3181 584 3232 ct
607 3177 739 3242 linguam
767 3175 828 3245 ejus
843 3190 944 3246 oequus
999 3178 1034 3234 de
1050 3179 1179 3251 utrisque
1193 3178 1308 3235 subdit:

94 3272 200 3329 arbiter
215 3270 262 3337 sit,
276 3274 309 3324 ut
333 3267 406 3322 nihil
432 3265 648 3338 praecipitanter
672 3264 707 3319 de
723 3263 872 3334 eordeper
888 3262 942 3316 liu·
1034 3268 1144 3324 «Cutis
1166 3285 1270 3326 mea·
1299 3266 1378 3324 Cutis
1406 3271 1473 3322 sunt
1500 3265 1531 3321 in
1559 3266 1696 3336 Ecclesia,
1725 3268 1778 3340 qui
1803 3285 1845 3324 so·

94 3376 180 3432 guam
191 3357 322 3429 prodeat,
346 3354 395 3410 sed
417 3352 499 3425 prius
527 3352 671 3407 examinet
695 3367 782 3424 quam
811 3350 894 3405 dicat·
912 3351 945 3405 El
996 3357 1032 3412 lis
1057 3357 1244 3413 exterioribus
1275 3357 1350 3412 curis
1378 3360 1493 3410 vacant:
1520 3370 1647 3427 quorum
1673 3356 1763 3412 corda
1794 3356 1844 3412 de-

94 3444 316 3521 quiaquiprius
330 3443 365 3499 de
380 3440 449 3511 suis,
463 3443 540 3496 recte
557 3439 690 3512 judicant
704 3439 739 3495 de
766 3438 848 3494 dictis
871 3438 942 3494 atie·
997 3445 1121 3516 operatio
1159 3445 1256 3515 siccat,
1291 3450 1319 3499 et
1350 3444 1415 3499 ideo
1448 3444 1669 3513 contrahuntur,
1704 3460 1767 3501 non
1795 3460 1842 3501 ex.

93 3537 147 3604 nis,
160 3534 254 3591 addit:
996 3535 1068 3590 tenti
1082 3551 1133 3607 per
1147 3533 1397 3606 longanimitatem
1426 3532 1462 3588 ad
1484 3537 1622 3588 aeternam
1645 3533 1735 3589 vitam
1749 3551 1756 3590 :
1772 3549 1840 3607 pra-

127 3627 207 3680 Vaas.
224 3625 268 3680 30.
285 3651 319 3662 -
334 3641 348 3673 a
365 3622 399 3677 Et
410 3635 466 3675 non
489 3616 641 3673 invenietis
664 3618 695 3673 in
717 3616 818 3690 lingua
837 3633 910 3672 mea.
927 3636 940 3669 a
997 3623 1262 3680 sentibusheerent:
1292 3623 1369 3695 quod
1397 3621 1462 3677 ideo
1476 3621 1519 3689 fit,
1532 3622 1599 3693 quia
1613 3637 1672 3677 non
1693 3622 1840 3680 attendunt

91 3715 233 3781 Quianou
259 3711 338 3766 vobis
365 3710 395 3765 in
424 3725 470 3764 mc
498 3707 618 3762 stultitia
645 3712 738 3774 sonat,
770 3705 793 3760 si
815 3710 943 3760 aveslra
997 3729 1084 3785 quam
1099 3712 1218 3782 fugitiva
1233 3710 1420 3767 haesitasit.
1449 3710 1505 3766 Sed
1521 3710 1645 3766 Ecclesia
1659 3716 1776 3768 contra:

92 3802 267 3861 conscientia
293 3817 352 3855 non
378 3797 515 3870 procedat
531 3796 590 3865 ;sic
618 3796 740 3851 Ecclesia
769 3794 849 3867 prius
871 3794 942 3849 falsa
1031 3799 1522 3857 vpas‚6,-‹niesmeiveloeius.
1538 3800 1837 3870 »sicuttelaffligsic

91 3893 219 3951 hostium
242 3889 372 3956 destruit,
397 3892 462 3960 post
477 3902 543 3941 vera
562 3885 664 3957 aperit,
691 3885 796 3958 quibus
824 3888 943 3939 nonest
997 3890 1055 3945 vita
1079 3890 1179 3946 diebus
1203 3889 1324 3961 singulis
1338 3889 1466 3960 proiicit:
1484 3887 1603 3960 sedquo
1627 3889 1721 3960 magis
1735 3889 1836 3957 crescit,

90 3981 171 4037 locus
182 3980 252 4035 dum
266 3979 337 4034 laisa
352 3972 405 4049 ’ρτο
419 3974 493 4030 veris
506 3973 647 4029 habentur
662 3989 735 4044 {per
753 3991 767 4024 a
782 3972 913 4044 linguam
928 3992 940 4021 τ
997 3979 1032 4034 ad
1048 3978 1216 4034 incisionem
1243 3977 1346 4033 tendit.
1369 3977 1424 4033 Sed
1440 3981 1468 4031 et
1479 3977 1544 4032 telae
1559 3976 1757 4033 festinantiam
1769 3978 1835 4033 relo-

92 4074 190 4143 aperta
204 4067 322 4138 locutio,
335 4082 387 4138 per
403 4085 418 4118 a
432 4064 527 4119 iauces
543 4082 557 4114 s
572 4063 683 4117 occulta
705 4060 845 4128 tractatio,
874 4060 943 4133 quia
996 4067 1065 4122 citas
1079 4066 1144 4121 vitm
1166 4066 1279 4132 transit,
1295 4082 1359 4138 quae
1373 4081 1486 4138 semper
1500 4064 1605 4121 delicit.
1627 4066 1662 4120 Et
1675 4065 1742 4121 ideo
1761 4063 1836 4121 electi

92 4160 168 4232 quod
183 4155 306 4214 Ecclesia
321 4154 389 4210 ioris
402 4153 549 4225 praedicat,
565 4150 686 4207 virendo
701 4150 839 4208 custodit.
954 4197 977 4253 D
998 4172 1047 4212 cor
1059 4171 1119 4210 non
1134 4155 1166 4209 in
1180 4171 1213 4210 ea
1229 4155 1333 4227 figunt,
1349 4153 1426 4210 unde
1439 4153 1491 4208 ait:

428 4241 542 4297 CAPUT
556 4240 615 4294 Vll.
1034 4269 1045 4295 ι
1068 4246 1100 4300 at
1121 4243 1283 4316 consumpti
1307 4247 1408 4311 sunt,-
1426 4242 1517 4310 idest,
1538 4242 1648 4297 nullam
1670 4241 1745 4298 mihi
1768 4241 1835 4299 lidu-

127 4338 209 4392 Vans.
227 4338 252 4390 l.
282 4361 318 4374 -
344 4332 405 4386 «El
438 4329 512 4384 sicut
525 4328 586 4384 dies
609 4326 790 4383 mercenarii
806 4348 817 4375 ·
835 4326 941 4398 (Gneo.)
996 4333 1068 4390 eiam
1098 4349 1176 4405 pono
1204 4332 1307 4388 iuhis:
1337 4332 1413 4404 quod
1429 4331 1535 4386 faciunt
1551 4329 1676 4402 reprobi,
1693 4347 1749 4404 ego
1775 4347 1832 4387 non.

92 4424 147 4490 Qui
162 4424 223 4479 dies
238 4422 293 4477 cito
306 4420 428 4477 transire
440 4421 532 4490 optat,
548 4423 579 4472 ut
603 4418 639 4473 ad
655 4416 760 4472 laboris
788 4416 942 4488 praemium
1031 4424 1111 4478 Vens.
1124 4427 1150 4478 7.
1166 4441 1231 4473 -a
1261 4422 1411 4476 Memento.
1428 4439 1442 4473 s
1467 4418 1557 4492 (leid.)
1581 4420 1610 4475 ld
1632 4424 1685 4487 est,
1702 4420 1834 4493 benignus

91 4513 198 4582 veniat,
212 4511 251 4566 sic
266 4509 361 4566 omnis
370 4509 488 4582 justus3
508 4510 536 4561 et
564 4505 697 4561 sicutille
726 4505 756 4560 in
783 4505 941 4561 alienisla·
994 4511 1129 4566 velociter
1150 4515 1347 4565 transeuntem
1362 4507 1483 4580 respice,
1511 4508 1580 4580 quia
1615 4509 1756 4566 humanm
1776 4511 1831 4566 bre·

91 4601 211 4658 boribus
221 4600 315 4670 sudat,
344 4597 392 4653 sed
414 4596 564 4669 proprium
584 4594 737 4668 praemium
767 4593 822 4650 sibi
849 4599 941 4666 parat,
994 4600 1089 4654 vitatis
1102 4598 1304 4666 consideratio,
1321 4598 1376 4652 Deo
1391 4600 1433 4652 est
1445 4601 1527 4669 grata
1538 4596 1654 4652 oblatio.

90 4691 131 4746 sic
147 4691 242 4762 justus
274 4689 306 4743 in
334 4684 487 4741 mundanis
515 4684 598 4739 malis
625 4683 717 4747 sudet,
758 4688 789 4738 nt
817 4683 943 4738 coelestia
1033 4687 1137 4752 «Quia
1165 4690 1266 4740 ventus
1292 4690 1370 4741 est.»
1387 4685 1449 4740 Visa
1478 4690 1587 4741 aetema
1613 4690 1644 4742 eg
1670 4686 1777 4743 golida:
1795 4685 1834 4742 hi,

91 4781 169 4837 bona
182 4777 285 4850 capiat.
302 4777 387 4833 Caret
406 4791 442 4831 ne
469 4790 575 4830 vacuus
597 4773 633 4828 ab
648 4788 733 4844 opere
761 4772 823 4827 dies
846 4777 899 4840 est,
914 4777 943 4828 et
995 4774 1274 4831 vitenecsolidanec
1288 4790 1407 4829 manens
1423 4774 1581 4847 judicatur.

90 4868 243 4941 praemium
259 4866 413 4922 minuatur.
431 4864 541 4920 Patitur
554 4862 635 4930 dura,
651 4864 683 4916 ut
708 4863 798 4934 magis
823 4878 941 4918 corone·
1031 4864 1124 4936 (ibid.)
1139 4865 1173 4919 Et
1192 4864 1260 4936 quie
1281 4869 1433 4936 postquam
1458 4864 1561 4919 transit
1581 4863 1648 4929 vita,
1675 4881 1736 4922 non
1750 4870 1790 4921 est
1802 4865 1835 4920 le

91 4962 148 5025 tur,
157 4957 224 5013 licet
237 4972 345 5012 merces
355 4957 416 5026 jam
428 4953 465 5008 sit
478 4953 508 5008 in
523 4952 607 5008 corde
620 4969 627 5019 ;
639 4951 686 5006 sed
709 4955 806 5006 umen
826 4951 941 5023 gravius
993 4971 1044 5010 cus
1055 4953 1186 5008 merendi
1201 4953 1324 5020 veniam,
1339 4952 1449 5008 subdit:

91 5051 177 5102 aestus
187 5045 311 5100 sentitur
319 5044 350 5099 in
365 5059 496 5114 corpore,
510 5046 542 5098 ut
563 5045 628 5112 post
655 5040 693 5095 sit
712 5039 896 5111 refrigerium
910 5040 941 5096 in
1037 5063 1049 5092 a
1066 5043 1099 5097 Et
1109 5058 1165 5097 non
1181 5040 1342 5097 revertitur.
1361 5062 1372 5089 ι
1394 5040 1425 5096 ld
1449 5045 1502 5109 est,
1518 5044 1736 5112 postmortem,
1763 5056 1833 5098 mem

91 5135 197 5207 quiete,
212 5139 241 5189 et
254 5135 308 5189 hoc
322 5136 377 5187 est:
993 5147 1075 5186 suam
1090 5129 1309 5185 retributionem
1333 5129 1443 5197 videns,
1463 5145 1522 5185 non
1549 5135 1702 5187 revocatur
1716 5132 1753 5188 ad
1767 5128 1834 5188 exhi·

127 5223 297 5278 Vras.2.-
313 5244 324 5272 ι
341 5221 418 5277 Sient
445 5237 551 5276 servus.
575 5242 586 5269 ι
612 5220 687 5275 Bene
712 5219 807 5275 omnis
835 5220 940 5274 electus
992 5220 1087 5275 benda
1118 5219 1195 5276 bona
1221 5234 1321 5289 opera:
1349 5217 1425 5273 uada
1453 5217 1533 5273 diros
1563 5218 1599 5274 de
1615 5235 1646 5275 se
1675 5219 1834 5295 desperans.

91 5325 188 5365 servus
203 5310 316 5378 dicitur,
332 5309 469 5382 quamdiu
485 5308 538 5363 sub
549 5308 619 5379 jugo
636 5305 830 5378 corruptionis
852 5306 939 5378 hujus
992 5306 1069 5378 quod
1098 5312 1142 5361 est
1168 5304 1332 5377 aggravatio
1364 5320 1466 5376 poenae,
1494 5320 1548 5376 ρτο
1582 5304 1721 5363 iratribus
1748 5308 1834 5380 rogat.

91 5402 143 5467 ast,
158 5401 313 5469 uunquam
323 5396 420 5453 veniat
434 5396 466 5452 in
478 5395 641 5451 libertatem
669 5394 781 5467 gloriar.
992 5395 1060 5450 Ecce
1093 5395 1152 5450 vita
1178 5394 1290 5463 transit,
1322 5394 1399 5466 quod
1427 5393 1558 5467 sequitur
1584 5401 1747 5466 permanet.
1776 5398 1836 5455 Post

128 5484 276 5541 «Etsicut
285 5483 492 5541 mercenarius.
512 5503 526 5534 s
547 5482 602 5548 Qui
615 5484 650 5538 de
679 5483 819 5554 gravitate
843 5481 938 5554 operis
992 5483 1089 5550 etiam,
