3892 6106
54 266 104 319 aut
621 264 748 322 alasse
766 265 967 324 cantuarita.
986 294 1022 305 -
1041 267 1106 322 tlte.
1128 267 1249 325 PSALU.
1759 278 1814 334 002

96 387 299 441 Verumtamen.
320 386 416 455 (aaa.)
437 384 624 456 bispsalmus.
640 386 788 452 Quomodo
813 391 947 444 amnesi
967 405 1044 452 eum,
1059 394 1087 445 et
1101 390 1136 445 ab
1151 407 1185 446 eo
1201 391 1308 446 Norunt
1324 393 1547 464 Testamentum,
1572 398 1650 468 quod
1677 403 1706 453 et
1731 400 1815 454 multi

54 474 111 527 sub
125 475 252 528 vanitate
278 478 306 528 et
329 491 412 540 casu;
434 479 463 528 at
482 473 549 530 inda
565 476 687 546 opponit
700 491 729 530 se
744 481 908 547 exspectare
964 479 1090 533 secuturi
1105 484 1187 535 sunt:
1204 479 1281 535 unde
1291 481 1415 551 percutit
1437 499 1537 539 omnes
1551 486 1773 557 superstitiones
1786 493 1815 544 st

56 563 225 628 Dominum,
254 569 283 618 st
311 564 382 634 petit
403 562 580 618 liberari1n
606 567 721 633 unapina
745 569 907 635 pertransit.
964 566 1346 624 inritatadmirabilieiiei.

55 652 125 722 (tn.)
162 652 296 716 Quamvis
335 652 375 705 ite
402 653 514 706 studeat
547 652 675 720 vanitati,
720 660 784 722 etc,
825 669 910 725 usque
1000 657 1063 728 (ln.)
1079 657 1129 713 liic
1148 657 1274 713 Christus
1287 675 1319 713 ex
1334 659 1480 715 membris.

54 740 95 793 ad
124 740 192 811 quia
220 756 287 794 cum
320 740 436 796 miseria
464 745 492 796 ct
517 741 615 796 labore
643 743 753 813 appetit
785 749 907 797 terreris.
1001 745 1082 800 Vens.
1109 749 1136 800 2.
1162 776 1196 788 -
1233 749 1402 816 Respectans
1426 752 1590 817 exspectaui.
1620 751 1684 822 (ln.)
1707 751 1813 824 Exspc-

58 829 250 884 Tbcsaurinal.
275 829 341 900 (In.)
367 829 406 884 Ile
434 830 545 883 caeteris
566 829 642 883 vitiis
665 830 753 900 elegit
768 831 910 902 Propheta
963 836 1031 901 ctat,
1047 839 1075 889 et
1094 835 1247 906 ingratus:
1277 836 1327 891 sed
1348 843 1514 907 exspectans
1530 844 1686 909 exspectet.
1720 840 1814 913 (Auo.)

56 917 219 982 avaritiam,
241 917 276 971 ad
290 916 501 972 ostendendam
512 918 586 988 quod
596 917 737 973 intendit:
753 918 817 990 ipss
831 920 908 974 enim
964 922 1125 978 Auctoritas
1141 925 1178 978 ab
1192 924 1318 997 antiquis
1332 925 1362 980 in
1375 926 1521 981 Abraham
1546 933 1576 982 et
1601 928 1722 996 ceteris,
1746 935 1812 998 etc,

57 1009 103 1059 est
118 1005 195 1060 radix
216 1004 346 1060 omnium
363 1006 512 1060 matorum.
964 1012 1097 1080 usquead
1124 1013 1174 1083 qui
1187 1020 1284 1068 noster
1310 1020 1353 1068 cst
1381 1031 1432 1086 per
1455 1017 1575 1084 coitum,
1592 1032 1650 1072 non
1679 1017 1812 1073 aliorsum.

94 1093 175 1148 Vens.
203 1096 229 1149 8.
257 1124 291 1135 -
317 1095 507 1164 Easpectatio.
534 1095 601 1166 (In.)
637 1096 727 1151 Primi
759 1097 908 1162 educatus,
998 1101 1151 1154 bominum.
1169 1100 1232 1169 ilo.)
1249 1101 1309 1155 Non
1338 1100 1500 1169 hominem,
1520 1102 1570 1174 qui
1595 1104 1812 1174 potestisilere,

55 1183 102 1237 rel
116 1184 244 1250 secundi,
265 1191 330 1252 eto,
347 1199 432 1255 usque
446 1184 485 1239 ad
499 1201 557 1239 non
575 1186 603 1239 in
620 1186 738 1240 sacculis
752 1186 867 1240 nostris.
964 1192 992 1241 st
1015 1188 1086 1254 falli,
1102 1194 1131 1243 et
1158 1189 1209 1260 qui
1236 1205 1347 1243 mactem
1366 1190 1486 1261 indiget.
1503 1192 1634 1248 Intendit.
1657 1192 1720 1264 (in.)
1745 1194 1814 1249 ilihi

93 1271 174 1328 Vens.
190 1276 216 1327 9.
234 1301 268 1312 —
281 1273 328 1326 Ab
351 1274 473 1328 amnibus
485 1275 680 1343 iniquitatibus
694 1279 760 1330 meis
781 1291 843 1329 aaa
856 1290 907 1329 me.
964 1282 996 1330 ut
1010 1277 1159 1347 prodesset
1174 1293 1181 1331 :
1199 1294 1255 1333 non
1272 1293 1329 1345 me,
1345 1283 1377 1332 nt
1395 1284 1422 1334 et
1439 1280 1540 1334 malos.

54 1359 157 1431 (Cass.)
175 1361 237 1415 Non
253 1362 345 1416 solum
362 1362 398 1416 ab
411 1361 464 1428 eis,
481 1378 517 1416 ne
529 1365 654 1418 revolvat
667 1364 695 1418 in
712 1368 909 1435 eequaetren·
1001 1365 1081 1420 Vens.
1109 1368 1138 1421 3.
1172 1397 1207 1406 -
1235 1370 1316 1422 baeu
1343 1366 1411 1438 (la.)
1438 1369 1575 1423 Tenebrae
1610 1368 1811 1440 iniquitatum,

54 1449 141 1515 silivi,
158 1450 206 1504 sed
221 1450 258 1504 ab
270 1450 405 1505 omuibus
426 1452 555 1506 omnino.
571 1451 759 1522 Imperfectus
774 1453 851 1507 euim
865 1457 910 1507 est
962 1451 1138 1507 infidelitatis
1153 1453 1260 1508 scilicet
1274 1458 1302 1508 et
1316 1455 1499 1525 ignorantiae,
1517 1461 1582 1517 etc..
1598 1471 1684 1525 usque
1699 1471 1707 1510 :
1722 1457 1813 1528 adpa·
1918 1475 1921 1478 ⁴

55 1537 147 1593 homo
161 1555 168 1604 3
184 1539 235 1610 qui
262 1555 322 1593 non
341 1539 448 1610 accepit
473 1539 551 1611 quod
566 1545 662 1610 optat;
691 1540 844 1612 periectas,
858 1541 908 1613 qui
963 1546 1008 1594 tra
1021 1545 1119 1594 contre
1129 1541 1231 1595 lutum.
1248 1542 1348 1613 (Eira.)
1364 1542 1396 1596 ln
1411 1544 1472 1598 tacu
1486 1559 1551 1597 sero
1567 1549 1595 1598 et
1606 1543 1637 1597 in
1653 1546 1719 1612 tuta,
1742 1561 1812 1618 gen·

56 1626 112 1680 scit
126 1626 179 1680 hoc
195 1627 290 1697 ipsum
306 1628 381 1698 qnod
403 1628 457 1682 sibi
473 1628 578 1683 deficit.
923 1672 944 1727 Β
963 1631 1005 1682 tes
1019 1628 1096 1683 idola
1109 1631 1257 1684 colentes:
1274 1630 1330 1696 vel,
1346 1647 1446 1685 onmes
1465 1636 1579 1686 terrena
1594 1640 1737 1690 ornantes.

94 1715 175 1769 Vane.
204 1718 246 1770 la.
276 1746 311 1756 -
339 1716 476 1772 Obmutui.
504 1716 569 1787 (ln.)
598 1717 714 1771 liabitas
740 1716 906 1787 opprobrio,
1000 1718 1080 1773 Vens.
1105 1717 1320 1775 4.-Carmen.
1349 1718 1455 1790 illisa.)
1472 1720 1533 1774 Non
1546 1726 1642 1792 turpe,
1658 1738 1718 1775 non
1733 1722 1812 1777 thee·

56 1805 281 1873 etc.,usqnead
300 1805 709 1882 etnecesseest,quiadeieci.
962 1805 1044 1871 truie,
1084 1807 1133 1860 sed
1163 1822 1215 1876 per
1252 1808 1361 1861 Nouum
1399 1808 1623 1863 Testamentum.
1662 1809 1811 1865 Videbunt.

93 1894 222 1947 Amarea
245 1909 286 1948 me
298 1895 397 1962 ptapas
412 1898 484 1948 tuas.
501 1895 593 1965 (Aac.)
608 1894 681 1959 Quia
703 1900 732 1948 tu
744 1897 835 1961 fecisti
849 1910 906 1961 me,
963 1892 1063 1965 (Cass.)
1080 1894 1220 1950 blirabilia
1237 1900 1366 1967 tempore
1395 1895 1602 1951 incarnationis
1617 1898 1690 1953 iacta
1717 1898 1813 1971 (Aac.)

57 1981 118 2035 noli
134 1982 342 2048 exterminare;
359 1986 471 2037 tantum
493 1983 561 2036 cede
577 1988 608 2037 ut
628 1981 784 2054 producar:
802 1999 861 2037 non
878 1987 909 2038 ut
962 1981 1115 2049 Videbunt,
1130 1983 1185 2036 hoc
1199 1983 1277 2054 quad
1293 1984 1387 2055 primo
1402 1984 1437 2040 de
1463 1985 1608 2057 prioribus
1635 1987 1715 2055 dixit,
1731 1986 1811 2043 ride-

57 2070 250 2123 comminnsr.
962 2074 1036 2129 bunt
1047 2075 1130 2132 multi
1144 2076 1245 2147 populi
1260 2076 1377 2146 posteri.

95 2159 235 2212 vrnall.
265 2187 299 2198 —
328 2159 563 2228 Increpatianibns
584 2164 697 2228 propter
723 2159 908 2228 iniquitatem.
999 2165 1082 2219 Vens.
1108 2168 1134 2220 5.
1163 2195 1198 2204 -
1237 2167 1347 2222 Nomen.
1383 2165 1449 2235 (ln.)
1480 2166 1562 2231 Quod
1608 2171 1652 2221 est
1677 2168 1809 2225 salrator.

55 2245 170 2310 Quibus
184 2248 343 2301 humanum
359 2263 450 2318 genus
470 2246 655 2318 increpuisti:
671 2249 748 2319 quod
765 2253 859 2302 tamen
875 2262 909 2302 ex
963 2251 1049 2317 Quasi
1074 2268 1081 2307 ε
1104 2253 1213 2319 Beatus,
1232 2258 1297 2320 cta,
1324 2253 1376 2324 qui
1404 2268 1463 2308 non
1476 2256 1647 2326 temporalia
1660 2261 1756 2327 sperat
1776 2256 1811 2312 ab

56 2335 166 2389 merito
177 2342 286 2401 nostro,
302 2343 422 2407 propter
446 2335 614 2406 iniquitates
630 2341 740 2390 nostres
764 2335 909 2407 increpui·
963 2356 1008 2408 eo,
1025 2341 1074 2396 sed
1086 2342 1217 2408 salutem,
1228 2342 1305 2412 quod
1317 2343 1492 2413 ejosnomen
1508 2343 1626 2399 indicat.
1651 2345 1682 2399 ln
1693 2345 1812 2401 Hebraeo
1836 2330 1838 2334 ’

55 2424 106 2490 sti,
121 2439 187 2494 qua
206 2429 275 2479 sunt
293 2423 330 2479 ed
343 2425 565 2492 correctionem
581 2424 664 2479 aliter
679 2425 755 2479 euim
771 2424 909 2495 iniquitas
964 2445 1041 2501 saepe
1068 2429 1251 2502 duplicentur
1269 2430 1323 2485 hoc
1352 2430 1437 2486 modo
1463 2432 1603 2502 genitivi:
1630 2433 1686 2502 rel,
1707 2434 1810 2501 beatus,

53 2514 217 2567 incorrecte
237 2518 428 2583 permaneret.
459 2515 625 2582 corripuisti
654 2516 796 2568 nerninem.
813 2514 907 2582 (Aac.)
963 2519 1121 2574 estcoiest
1142 2534 1259 2586 nomen,
1284 2519 1375 2586 idest,
1387 2520 1517 2591 quolaus
1537 2520 1597 2589 bei,
1611 2526 1644 2576 ut
1658 2522 1694 2576 ab
1717 2537 1812 2577 eaeo

56 2602 106 2655 Est
121 2600 203 2654 dolor
217 2600 350 2654 informis
369 2601 419 2672 qui
442 2617 502 2655 nan
525 2601 658 2656 emendet
673 2601 842 2668 :formatuu
859 2602 908 2672 qui
963 2607 991 2662 lo
1006 2607 1101 2662 credat
1115 2608 1247 2673 salutem,
1265 2607 1342 2662 unde
1371 2613 1415 2662 est
1442 2613 1469 2662 et
1492 2624 1557 2678 spes
1573 2611 1644 2681 ejus.
1671 2611 1810 2666 insanias.

57 2688 284 2744 erudittionibus
293 2689 416 2743 formam
425 2694 550 2760 praestat.
565 2690 597 2744 Et
606 2691 670 2744 talis
686 2690 822 2743 dolorest
833 2704 907 2760 prte-
964 2695 1063 2766 (Cass.)
1079 2696 1168 2762 ldola,
1191 2712 1257 2767 quea
1272 2697 1375 2750 fallunt
1390 2713 1406 2750 a
1422 2697 1539 2752 veritate
1571 2713 1578 2751 ε
1600 2698 1654 2765 vel,
1679 2697 1810 2765 insaniis,

58 2782 184 2848 ceptum,
201 2776 291 2843 idest,
309 2776 397 2831 vicem
413 2783 441 2831 ct
456 2778 611 2848 imaginem
622 2778 760 2848 praecepti
774 2778 869 2834 babet.
961 2784 992 2839 in
1005 2784 1174 2856 spectaculis
1188 2783 1346 2839 fallacibus.
1360 2784 1427 2840 Ideo
1443 2785 1601 2856 pluraliter,
1616 2789 1649 2840 ut
1662 2785 1697 2841 de
1716 2786 1811 2841 omni·

95 2866 175 2920 Vens.
195 2867 240 2921 lu.
256 2895 291 2905 -
307 2868 342 2920 lit
366 2865 498 2921 tabescere
509 2867 602 2933 {sciui
615 2869 686 2921 sicut
701 2882 831 2921 araneam
845 2872 907 2922 ani·
961 2865 1015 2920 bus
1029 2865 1196 2936 accipiatur.
1214 2865 1279 2919 Haec
1304 2865 1384 2933 falsa,
1415 2865 1464 2921 sed
1489 2881 1577 2938 opera
1591 2872 1640 2922 tna
1655 2866 1809 2937 mirabilia,

56 2970 141 3010 mam.
162 2953 377 3024 (tausinanum
406 2956 442 3009 ab
470 2954 730 3022 amorerirtututn,
754 2960 784 3009 et
806 2952 1078 3026 cogni-Canalem,
1093 2958 1180 3020 terre,
1194 2953 1274 3007 elidit
1288 2954 1513 3024 superstitiones.

57 3041 156 3097 tionis.
178 3041 256 3096 Sicut
271 3058 376 3097 aranea
390 3043 461 3098 texit
476 3043 593 3097 inanem
609 3041 731 3097 telemin
750 3058 907 3116 congrega·
1000 3043 1081 3096 Vens.
1098 3043 1124 3097 6.
1144 3071 1179 3082 -
1200 3042 1348 3098 Mirabiiia
1370 3048 1427 3098 tua.
1454 3043 1545 3115 (Aca.)
1570 3045 1685 3100 Petrum
1709 3044 1811 3100 ambu-

57 3132 138 3186 tione
153 3131 370 3202 temporalium.
394 3132 454 3200 Vei,
469 3131 537 3185 ditm
553 3131 677 3186 extrahit
695 3147 755 3185 ese
771 3130 909 3202 iniquila-
964 3130 1024 3185 lare
1041 3145 1225 3200 superaquas
1239 3130 1270 3184 in
1289 3129 1382 3202 signo,
1397 3147 1455 3185 non
1470 3131 1499 3186 in
1515 3132 1631 3198 saeculo,
1646 3132 1740 3203 idest,
1755 3133 1813 3188 lrn·

56 3227 116 3277 tem
133 3221 207 3277 sicut
221 3237 335 3286 aranea,
352 3223 498 3292 egestione
510 3222 652 3276 viscerum
669 3220 909 3293 maritnr.(Caes.)
964 3218 1058 3274 atibus
1078 3218 1185 3273 saeculi.
1215 3218 1311 3290 (Aac.)
1328 3219 1518 3287 Salusrerex,
1544 3219 1656 3275 insania
1678 3222 1812 3290 mendax,

55 3311 119 3380 Vel,
132 3325 236 3364 aranea
249 3315 336 3366 tenue
358 3327 462 3382 corpus
484 3311 581 3375 habet,
593 3326 645 3365 nec
658 3310 687 3364 in
711 3316 797 3377 terra,
812 3310 861 3365 sed
879 3311 909 3366 in
964 3323 1022 3362 non
1037 3311 1080 3362 est
1095 3306 1172 3378 qnod
1192 3312 1320 3378 putatur.
1339 3307 1439 3379 (iiten.)
1453 3309 1532 3363 Vena
1546 3315 1614 3364 eunt
1625 3314 1748 3375 terrena,
1765 3309 1813 3365 in·

56 3401 117 3455 alto
132 3404 199 3463 stat,
227 3399 296 3454 telas
312 3399 458 3470 egestione
484 3400 625 3455 viscerum
649 3399 719 3454 texit
735 3415 742 3454 :
759 3399 799 3454 sic
812 3400 910 3455 anime
965 3395 1065 3463 sanine,
1076 3395 1127 3449 iree
1142 3401 1171 3449 et
1182 3395 1263 3463 rixae,
1275 3401 1329 3450 etc.

56 3485 188 3540 conuersi
215 3486 369 3541 et·aillicti
391 3490 506 3541 terrena
532 3486 638 3541 deserit
665 3486 785 3541 subtiles
811 3502 911 3557 opera·
998 3486 1057 3542 Nan
1072 3490 1112 3540 est
1131 3485 1291 3554 quisimtte's
1315 3485 1376 3539 tibi.
1392 3485 1484 3557 (Aac.)
1507 3484 1585 3540 Nulli
1612 3489 1742 3541 auctores
1760 3501 1809 3540 ar·

57 3573 150 3631 dones
176 3574 282 3629 timore
307 3575 356 3631 Dei
379 3575 528 3630 tabeficata
557 3573 676 3646 perlicit.
709 3576 908 3630 Veruntamen.
962 3557 1046 3628 tium.
1063 3572 1448 3629 Annuntiaviliiccbristns
1468 3572 1605 3645 incapite
1621 3573 1812 3630 etmembris.

57 3664 153 3732 (Aac,
170 3662 258 3733 Cass.)
281 3663 357 3718 licet
370 3663 544 3734 increpetur,
566 3663 631 3718 licet
649 3662 796 3731 tabefiant,
812 3669 909 3718 tamen
963 3663 1027 3716 llaec
1042 3661 1193 3715 suntmiro
1211 3659 1271 3730 ilci,
1288 3660 1533 3731 hacogitationes
1547 3661 1652 3733 quibus
1671 3678 1757 3719 nemo
1769 3667 1813 3718 est

56 3752 187 3807 bumana
199 3750 366 3806 infirmitate
380 3751 465 3806 variis
482 3751 568 3806 rebus
581 3750 773 3814 contunditur,
788 3751 845 3805 nisi
860 3751 910 3823 qui
963 3746 1076 3802 similis.
1097 3746 1197 3818 (Cass.)
1216 3747 1287 3802 Ecce
1313 3746 1457 3802 mirabilia
1481 3764 1488 3802 ε
1516 3749 1687 3818 incarnatio,
1699 3749 1812 3821 justitia

55 3841 152 3896 Deum
164 3855 240 3910 pura
255 3846 351 3894 mente
364 3840 583 3912 contemplatur.
963 3835 1186 3906 predicationis,
1215 3835 1347 3890 liberatio
1373 3835 1524 3890 hominum
1546 3836 1583 3891 ab
1597 3836 1809 3908 iniquitatibus,

93 3930 233 3984 Venuli.
252 3957 283 3970 -
312 3929 430 3984 Exaudi
458 3932 617 3984 orationem.
646 3926 747 3999 (Cass.)
777 3927 908 4001 Diepsel·
963 3921 1811 3993 contusioinimicorum,lectitiasperantiam.Prima,rndes

56 4033 134 4072 mus.
153 4017 298 4073 ltermela
314 4016 410 4072 saeculi
435 4019 507 4088 petit
532 4017 588 4072 sibi
613 4016 713 4072 adesse
742 4022 771 4072 ct
792 4023 909 4087 peccatu
964 4018 994 4068 et
1003 4011 1187 4083 incompositi
1194 4010 1430 4082 praeparatisunt,
1441 4014 1474 4065 nt
1484 4012 1568 4067 rerba
1577 4012 1811 4068 Chrislilibenter

54 4107 179 4176 dimitti,
195 4118 226 4162 ut
249 4122 387 4178 prospera
414 4106 471 4161 llus
494 4111 585 4162 exeat.
617 4106 680 4177 (io.)
704 4105 758 4160 Sed
772 4109 840 4178 quia
854 4122 908 4177 ego
964 4100 1154 4171 susciperent.
1182 4099 1277 4170 (luo.)
1300 4099 1367 4155 Vide
1390 4098 1534 4154 mirabilis
1548 4101 1609 4156 Dei.
1633 4102 1811 4158 annuntiari

54 4196 113 4251 iste
129 4211 189 4250 non
207 4200 285 4267 pcto,
299 4200 364 4264 etc,
394 4210 479 4265 ueqm
493 4196 530 4250 ad
544 4197 716 4250 movendam
742 4194 907 4250 misericor·
926 4233 949 4289 D
963 4189 1043 4262 prius
1061 4205 1113 4261 per
1136 4188 1301 4260 Prophetes,
1317 4194 1346 4244 et
1366 4193 1431 4259 past
1446 4189 1556 4245 locutae
1571 4194 1696 4261 egomet.
1712 4191 1810 4246 uatu-

53 4284 148 4340 diam.
960 4280 1061 4350 plicati
1089 4281 1154 4333 sunt
1180 4292 1330 4333 numen.
1357 4278 1464 4346 (titan,
1498 4277 1580 4350 Ano.)
1620 4277 1712 4350 Super
1751 4295 1810 4334 nu·

92 4374 135 4430 Ne
155 4373 245 4440 sileas,
263 4376 391 4442 qnoniam
419 4373 525 4429 aduerm
550 4388 599 4443 aaa
626 4387 696 4428 sum.
725 4371 817 4442 (Ana.)
844 4372 907 4427 iem
961 4383 1074 4423 merum
1090 4366 1323 4422 salvandorum:
1352 4366 1409 4432 uel,
1435 4382 1523 4438 super
1538 4367 1591 4423 hoc
1605 4367 1683 4439 qnod
1707 4366 1810 4440 aliquis

51 4462 135 4533 apud
151 4465 190 4528 te,
215 4461 264 4516 sad
283 4461 376 4517 adhuc
393 4461 576 4533 inquilinus:
603 4461 672 4532 quie
686 4461 753 4516 binc
768 4460 907 4515 transitu·
961 4470 1131 4512 enumerare
1155 4453 1242 4510 roseit
1264 4455 1343 4524 saal,
1365 4469 1411 4509 me
1439 4455 1572 4527 loquente
1596 4457 1694 4526 plures
1721 4471 1808 4527 quarn

50 4568 105 4608 rus
118 4551 155 4607 ad
169 4555 287 4619 aterna,
304 4551 354 4606 ubi
368 4567 428 4606 non
452 4567 500 4606 ero
518 4550 687 4621 inquilinus.
704 4550 821 4605 Aduena
832 4548 908 4618 apud
962 4544 1032 4601 olim
1046 4543 1237 4600 crediderunt.

55 4647 93 4696 ts.
110 4640 208 4710 (Cass.)
226 4640 289 4694 Non
305 4639 335 4693 in
361 4639 468 4694 diaboli
494 4640 617 4707 civitate,
642 4639 692 4694 sed
718 4638 749 4693 in
765 4644 813 4693 tue
828 4653 906 4692 rece·
997 4634 1077 4689 Vens.
1107 4638 1134 4688 7.
1168 4662 1205 4675 -
1244 4633 1414 4703 Suomarium
1446 4637 1472 4688 et
1497 4633 1658 4688 oblationem
1683 4635 1807 4690 uoluisti.

55 4733 137 4801 ptus,
150 4728 186 4783 de
198 4727 354 4800 Babylonia
363 4728 399 4783 ed
413 4729 569 4783 Jerusalem
581 4729 744 4783 translatus.
758 4729 834 4784 Sicut
847 4742 907 4782 am·
962 4723 1054 4792 (Ano.)
1071 4723 1105 4777 Ut
1124 4721 1203 4777 venit
1216 4737 1271 4789 res,
1288 4721 1381 4777 uoluit
1394 4721 1476 4793 quasi
1495 4721 1580 4776 rerba
1599 4722 1807 4793 promittentis,

50 4821 219 4888 nespatres.
235 4817 276 4872 Ne
291 4816 354 4888 quis
378 4819 413 4872 ab
428 4817 482 4872 hec
506 4816 668 4871 conditione
693 4821 907 4888 putetur-exce-
962 4817 1123 4882 etc.,urque
1138 4810 1176 4866 ad
1199 4810 1248 4865 aed
1264 4810 1323 4879 illa,
1350 4809 1400 4881 qui
1414 4809 1501 4879 l'udit,
1515 4809 1627 4878 surdus,
1646 4826 1703 4865 non
1717 4811 1806 4867 audit.
1853 4893 1856 4900 Ι

51 4910 134 4980 pins.
146 4905 367 4961 Adversadleum
386 4921 509 4978 regnum
524 4921 576 4976 pro
596 4909 645 4959 tuo
655 4904 764 4960 desero.
780 4906 906 4974 Perepri·
961 4901 1050 4957 Aures
1065 4906 1155 4955 wican
1165 4899 1306 4970 perfecisti
1316 4900 1394 4954 mibi.
1411 4898 1442 4953 ld
1456 4903 1509 4968 est,
1525 4897 1650 4970 periecte
1666 4913 1712 4955 me
1727 4898 1810 4954 intel·

51 5009 116 5051 uus.
134 4995 234 5049 Adbuc
248 5009 306 5048 non
325 4993 435 5065 eligens
452 4993 524 5048 anilii
539 4993 636 5048 sedern
649 4993 705 5048 bic.
961 4989 1050 5061 ligere
1064 4987 1155 5045 iecisti
1169 4987 1220 5060 qni
1240 4986 1336 5041 relies.
1369 4987 1417 5042 ra
1441 5002 1539 5058 carpus
1562 4990 1669 5058 aptasti
1681 4989 1760 5057 mibi,
1777 4994 1809 5045 ut

90 5085 206 5139 ltemitte
217 5084 296 5138 inibi.
311 5082 382 5155 (ln.)
397 5083 446 5138 ilic
460 5083 514 5138 sibi
544 5082 617 5153 petit
631 5080 748 5143 dimitti,
765 5084 907 5136 utcertns
962 5078 1002 5132 eit
1015 5074 1167 5148 Apostolus
1195 5077 1228 5131 ad
1258 5075 1394 5130 Hebraeos
1418 5074 1497 5145 (Hei.
1522 5075 1563 5147 x),
1591 5076 1619 5133 id
1636 5082 1689 5146 est,
1703 5092 1808 5150 corpus

52 5171 228 5244 dijudicium
242 5172 401 5244 perveniat.
961 5173 1060 5237 aptum
1076 5166 1111 5219 ad
1124 5164 1303 5220 offerendum
1319 5163 1389 5218 mibi
1405 5163 1519 5220 dedisti.

996 5256 1076 5309 Vens.
1093 5256 1119 5308 8.
1151 5282 1187 5296 -
1213 5253 1416 5308 Holocaustum.
1445 5252 1615 5308 solomona
1638 5253 1724 5310 etiem
1748 5270 1808 5310 non

961 5343 1057 5415 petisti
1070 5358 1122 5413 pro
1142 5346 1273 5412 peccato.
1292 5342 1344 5397 Pro
1356 5345 1477 5410 peccato.
1496 5341 1580 5408 Quod
1595 5343 1808 5415 supracitatia-

88 5441 174 5494 Vsns.
192 5442 216 5493 l.
232 5467 264 5479 -
279 5439 310 5493 ln
323 5440 402 5507 finem
424 5439 556 5509 psalmus.
578 5435 677 5505 (Cass.)
704 5432 833 5490 Primum
861 5432 907 5489 in·
959 5447 1030 5497 men,
1045 5439 1078 5485 ut
1088 5430 1125 5485 de
1150 5428 1228 5484 hirco
1240 5427 1428 5503 ἁποπομπάιῳ,
1457 5430 1551 5499 idest,
1577 5430 1738 5503 emissaria,
1757 5433 1809 5504 qui

49 5526 135 5585 ducit
156 5524 312 5582 Ecclesiam
339 5529 515 5596 exspectasse
540 5522 704 5591 bominum,
722 5521 907 5594 etacaepisse
959 5535 1025 5577 curn
1035 5518 1457 5593 peccetispapaliindssertum
1469 5519 1660 5577 mittebatur:
1675 5521 1730 5590 sel,
1744 5537 1809 5594 pos-

302 5367 315 5402 ,
341 5313 621 5370 assuansxxxlx.
