3892 6106
96 267 164 319 riou
662 266 791 321 ocosse
809 244 1014 321 nubruauu.
1033 293 1070 306 -
1090 265 1155 321 cru
1177 265 1286 323 rsuu.
1777 275 1846 331 taor

129 385 301 441 Omnmeuto.
325 382 416 437 Variis
445 382 568 453 Spiritus
593 383 682 438 saneti
706 383 815 454 gratiis,
840 384 980 455 quibust
1034 385 1113 439 Vens,
1142 386 1168 440 i.
1193 414 1229 428 -
1266 389 1394 442 Dominus
1431 388 1517 457 dedit,
1545 393 1599 445 etc.
1626 390 1847 462 (1ο.)ουιηινίς

93 476 215 527 ornatur
244 486 356 543 sponsae
380 471 510 540 ambitio,
540 472 576 527 de
611 488 667 544 qua
693 471 823 528 dicitur.
845 474 945 528 Astitit
999 473 1293 542 possintharcreiorri
1321 475 1485 544 adiectam,
1511 479 1630 550 proprie
1661 482 1847 537 tarnenreie-

91 565 219 628 repinuu
233 560 340 615 deutris
354 561 411 616 tuis
434 562 464 616 in
491 563 591 616 uestitu
609 560 749 628 mauram,
776 561 945 616 circumdata
999 567 1103 616 rantur
1121 562 1155 617 ad
1182 562 1334 625 Christum.
1362 564 1444 636 quasi
1470 565 1579 623 diceret
1593 583 1600 623 ε
1614 567 1669 633 uui
1695 569 1764 625 olim
1779 569 1849 627 talia

92 653 226 704 ruridute
238 649 319 718 (Puni.
336 649 422 720 xum.)
998 654 1132 722 operatus
1142 666 1216 720 sum,
1232 656 1261 706 et
1275 653 1362 707 modo
1386 652 1490 709 similia
1502 656 1616 726 operari
1630 672 1760 728 possum,
1789 674 1849 714 non

131 740 210 794 vans.
227 739 272 793 ut.
288 768 324 779 —
348 737 411 805 Epo
435 739 547 794 sterilia.
564 737 636 802 Quia
663 742 730 809 post
754 740 902 809 bggoeum,
917 743 946 793 et
998 739 1176 810 estpotentia
1190 739 1353 796 imminuta.

93 825 501 895 Zachariam‚etllalachiam,
518 825 568 897 qui
585 830 613 881 et
628 826 740 893 Esdras,
759 826 945 882 nonhabue-
1033 827 1114 883 Vnus.
1131 829 1203 882 9.-
1218 829 1302 895 Otiosi
1324 831 1519 886 uestimentum.
1549 832 1611 904 (ln.)
1641 833 1848 891 Vestimentum

96 920 164 970 rant
178 915 332 987 prophetas
362 914 412 986 qui
435 931 484 969 eos
506 914 537 970 in
552 915 615 986 lege
636 915 790 982 nutrirent,
806 915 945 988 usquead
998 919 1139 971 vetustata
1153 920 1182 970 et
1195 916 1272 972 linea
1282 919 1468 975 consumitur.
1479 920 1571 976 tadei
1590 937 1706 994 quoque
1722 921 1847 994 quadra·

92 1008 231 1060 ioannem
244 1003 408 1074 baptistam.
999 1003 1079 1073 qiuta
1095 1003 1207 1061 dnobus
1222 1006 1303 1062 annis
1318 1011 1384 1080 post
1406 1008 1570 1079 passionem
1583 1008 1620 1065 ad
1648 1010 1849 1083 paenitentiam

133 1095 270 1148 versib
290 1120 327 1134 -
343 1093 460 1162 lteqine.
489 1091 578 1160 ldam,
603 1091 650 1147 sed
668 1092 759 1163 magis
781 1092 943 1149 affectuose.
998 1093 1088 1148 vocati
1104 1098 1172 1149 sunt
1187 1110 1195 1149 τ
1211 1095 1327 1150 tandem
1342 1096 1520 1169 negligentes
1532 1098 1648 1154 contriti
1673 1103 1740 1155 sunt
1765 1100 1848 1156 adre-

97 1183 195 1237 Unde:
229 1181 328 1236 nstitit
354 1183 461 1248 reqinn,
494 1185 547 1235 etc.
586 1179 655 1244 Oura
684 1181 792 1237 scilicet
815 1181 945 1254 quotidie
998 1180 1846 1249 aientibusuomanis,armatuconscientiatineadcvorati.

95 1270 199 1325 Christi
214 1270 348 1340 parvulos
358 1268 449 1323 nutrit
464 1271 491 1322 et
504 1269 540 1323 ad
554 1268 708 1340 perfectam
725 1274 840 1324 atatem
855 1270 942 1326 ducit.
1034 1270 1113 1326 Vsus.
1130 1272 1171 1327 tu.
1193 1302 1219 1313 -
1238 1275 1349 1344 Quisen
1363 1274 1447 1330 cobis.
1463 1274 1517 1339 Qui
1541 1274 1624 1330 timet
1637 1291 1696 1332 non
1724 1281 1768 1330 est
1781 1292 1847 1349 per·

129 1358 302 1413 Adorabunt.
326 1356 546 1412 venerabuntur
570 1358 729 1413 secundum
758 1359 829 1414 illud
846 1375 852 1414 ε
868 1359 944 1415 Ado·
998 1357 1098 1427 lactus,
1114 1363 1179 1430 etc,
1195 1375 1280 1430 usque
1295 1360 1332 1416 ud
1345 1361 1390 1417 bic
1407 1362 1532 1418 custodit
1547 1363 1658 1420 animas
1684 1370 1848 1420 sauctorum

94 1447 199 1501 nubunt
223 1445 368 1501 scabellum
391 1445 491 1514 pedum
514 1446 573 1516 ejus
594 1446 677 1515 (Paul.
707 1447 810 1516 xcvrrrl,
834 1446 865 1502 iu
886 1464 944 1520 quo
997 1447 1124 1519 integras
1139 1449 1295 1519 atpndicas
1311 1455 1340 1506 et
1351 1467 1448 1523 puras.

95 1536 168 1605 pede
183 1533 316 1602 majestas
331 1532 483 1587 indicatur.
1034 1538 1087 1607 Qui
1103 1536 1252 1593 ambulavit
1273 1539 1442 1595 intenebris.
1474 1539 1593 1595 tlentilis
1619 1540 1743 1613 populus
1761 1541 1791 1596 in
1806 1545 1848 1596 te·

129 1625 267 1679 Puluerem
284 1621 384 1691 pedum
409 1627 525 1676 tuorum.
554 1622 656 1692 (blau.)
686 1622 808 1679 Omnem
837 1624 944 1680 scilicet
960 1662 981 1717 B
1000 1624 1107 1690 nebris,
1135 1630 1201 1692 etc,
1222 1642 1308 1696 usque
1331 1627 1367 1682 nd
1389 1627 1424 1682 ad
1443 1628 1643 1698 paenitentiam
1669 1645 1760 1697 uoco;
1788 1631 1849 1684 nolo

94 1711 290 1766 terrenitatem
298 1710 384 1765 verbo
399 1714 427 1765 et
441 1710 768 1780 exemplomundabunt,
786 1713 942 1769 secundum
999 1714 1069 1768 euim
1090 1719 1202 1769 inertum
1228 1718 1386 1785 peccatoris,
1413 1716 1461 1771 sed
1484 1718 1571 1789 mopis
1594 1722 1624 1771 ut
1637 1721 1809 1772 mnoertutur
1824 1721 1850 1772 et

94 1800 173 1872 quod
187 1798 295 1854 dictum
321 1801 374 1867 est,
389 1797 570 1869 Quodcunque
592 1801 703 1854 soluerit
729 1814 811 1870 super
830 1805 942 1869 terram,
997 1802 1073 1856 uiuat
1088 1800 1196 1871 (Erech.
1208 1807 1298 1870 xviri).

92 1891 145 1944 etit
160 1887 402 1956 solutumlllottb.
418 1886 484 1957 ru),
508 1891 574 1957 etc,
598 1887 693 1942 unde:
710 1891 836 1944 Eucutite
847 1891 942 1960 metoe-
1036 1890 1115 1944 Vnus.
1130 1893 1219 1944 ll.-·
1249 1893 1311 1945 Ecce
1326 1906 1425 1958 omnes,
1442 1890 1523 1963 quasi
1537 1891 1663 1947 diceret:
1688 1892 1763 1948 Nihil
1780 1909 1849 1966 pro·

93 1991 149 2029 uem
161 1975 261 2045 pedum
275 1981 424 2031 uestrorum
435 1975 544 2045 (diuiti.
561 1975 599 2045 x).
999 1977 1062 2032 dest
1074 1976 1245 2046 exhortatio,
1261 1994 1314 2032 nec
1329 1984 1372 2034 est
1382 1979 1552 2051 spessalutis
1566 1984 1628 2051 post
1644 1981 1750 2036 scelera
1766 1998 1773 2037 :
1788 1981 1851 2037 Om-

144 2063 224 2117 l'ans.
252 2064 301 2121 25.
332 2092 369 2105 -
396 2063 466 2129 Quin
494 2063 548 2118 buc
587 2061 657 2118 dicit
708 2063 848 2120 Dominus.
879 2066 944 2137 (ln.)
999 2080 1045 2120 nes
1067 2065 1270 2120 destinauerunt
1282 2066 1365 2121 simul
1383 2068 1494 2122 inutiles
1504 2070 1576 2134 tacti
1590 2072 1654 2124 sunt
1666 2069 1758 2140 (Paul.
1778 2073 1850 2137 rur).

97 2151 262 2222 Respondet
282 2151 443 2222 questioni,
470 2151 537 2222 quia
554 2151 615 2206 huc
641 2151 748 2208 scilicet
777 2152 944 2210 inadrentu
1034 2154 1216 2212 Accendentes
1235 2157 1332 2222 innam.
1357 2153 1485 2211 Civitatis
1508 2156 1605 2226 ignem
1636 2173 1725 2229 quoa
1751 2159 1853 2214 Romn-

96 2255 148 2293 suo
163 2240 371 2310 compleantur.
1000 2242 1045 2296 nis
1060 2258 1195 2297 succensa
1210 2246 1253 2297 est
1267 2242 1467 2311 accenderunt,
1484 2247 1550 2310 etc,
1580 2259 1666 2312 usque
1680 2244 1719 2300 ud
1736 2244 1776 2299 sic
1790 2261 1854 2317 peo-

131 2327 212 2382 Vaus.
228 2327 471 2383 ib—Gurnibua
491 2328 557 2382 suis.
576 2327 639 2382 Non
662 2326 756 2382 aliena
775 2333 880 2398 morte,
896 2330 945 2385 sed
1000 2329 1144 2385 caloribus
1168 2329 1279 2385 diversa
1304 2329 1411 2402 peccati
1436 2331 1557 2386 materia
1584 2332 1649 2402 plus
1683 2332 1727 2386 rel
1757 2332 1853 2388 miuus

96 2415 222 2485 propria,
245 2419 311 2484 etc,
338 2416 483 2486 usquead
508 2415 645 2471 ferocium
664 2415 822 2472 bestiarum
845 2422 947 2490 patens
1000 2416 1191 2474 succenditur.

96 2501 249 2556 morsibus.
1037 2508 1073 2561 Iu
1100 2506 1238 2561 doloribus
1263 2507 1414 2563 dormietis.
1443 2506 1515 2572 Ouia
1541 2523 1593 2563 noc
1618 2506 1775 2578 beneficiis,
1801 2524 1854 2564 nec

131 2590 316 2645 Fortislncob.
336 2589 389 2654 Qui
412 2590 478 2644 dedi
494 2590 690 2646 fortitudinem
713 2593 798 2647 Jacob
821 2594 947 2650 lactandi
1003 2595 1163 2663 tormentis,
1179 2595 1228 2651 hei
1245 2595 1347 2651 tinum
1363 2594 1508 2667 suscipere
1522 2596 1687 2665 uoluerunt,
1699 2597 1787 2667 unde,
1803 2599 1852 2665 lte,

98 2685 164 2746 etc,
179 2695 264 2749 usque
286 2680 324 2733 oct
339 2679 420 2750 quasi
441 2685 470 2735 et
497 2681 625 2735 oratione
640 2685 740 2737 contra
767 2682 837 2738 Esau
860 2699 946 2756 quem
1002 2684 1151 2751 maledicti,
1162 2685 1192 2738 in
1205 2685 1293 2751 iqnem
1308 2689 1436 2740 eternum
1448 2684 1558 2755 (baton.
1583 2685 1661 2756 xxv).

99 2769 215 2835 ructuis,
225 2768 404 2840 praevalebis.
1358 2773 1472 2828 CAPUT
1488 2773 1529 2828 Ll.

451 2859 569 2914 CAPUT
584 2860 613 2915 L.
1038 2861 1117 2915 Vens.
1138 2863 1160 2915 l.
1181 2889 1216 2903 -
1240 2859 1339 2916 Audite
1353 2874 1395 2914 me
1408 2862 1457 2929 qui
1478 2863 1625 2930 sequimini
1640 2861 1721 2931 quod.
1748 2862 1851 2931 (Hiar)

129 2947 210 3002 Vane.
236 2951 260 3000 t.
276 2975 313 2988 -
327 2948 387 3000 llaec
408 2945 481 3000 didit
506 2948 653 3003 Dominus:
670 2949 738 3015 Quia
758 2949 824 3006 esti
844 2950 947 3021 (ilina)
965 2939 985 2994 C
1002 2949 1143 3005 Attendite
1164 2947 1201 3003 od
1222 2954 1339 3019 petrum.
1368 2948 1522 3004 Christum.
1545 2951 1584 3004 lte
1598 2966 1666 3021 qua,
1693 2952 1772 3006 Petra
1801 2966 1853 3006 uu·

98 3038 164 3090 Post
190 3035 369 3091 vocationem
393 3035 533 3105 gentium,
561 3040 625 3106 post
664 3037 826 3108 captionem
856 3039 947 3107 fortis,
1004 3040 1054 3091 tem
1067 3039 1127 3090 erut
1142 3035 1281 3103 Christus,
1292 3035 1365 3091 unde
1378 3039 1464 3092 eccisi
1475 3039 1538 3092 estis
1550 3039 1577 3107 (1
1590 3037 1650 3094 Cor.
1661 3039 1856 3109 xt,aGhristo

95 3122 396 3196 rujuspreedadivisa
424 3127 466 3178 est
480 3124 629 3195 apostolis,
657 3124 786 3197 loquitur
812 3125 949 3198 adpopu·
1003 3122 1157 3180 Christiani
1171 3122 1249 3178 dicti.

96 3215 154 3266 lum
180 3213 347 3267 ludaeorum
366 3228 452 3284 super
474 3212 544 3268 Sion
558 3229 623 3284 quae
640 3213 771 3285 superius
787 3214 825 3270 ait
841 3230 849 3269 ι
865 3215 947 3272 Derc—
1039 3215 1074 3269 nt
1088 3213 1125 3268 ad
1137 3227 1278 3268 erumnam
1294 3213 1356 3267 luci.
1369 3212 1647 3283 Propteriossionem
1662 3214 1760 3270 lateris
1776 3214 1856 3270 Chri·

95 3302 178 3368 tiquit
190 3315 231 3354 me
244 3302 381 3365 hominus,
397 3306 452 3355 etc.
1004 3300 1051 3369 sti,
1068 3303 1133 3367 etc,
1153 3300 1285 3370 usquead
1304 3300 1450 3355 nascimur
1479 3316 1531 3372 per
1549 3302 1693 3357 lavacrum
1709 3295 1854 3375 baptismi.

133 3387 259 3442 Vendidi.
282 3391 338 3456 ltqo
362 3394 451 3443 autem
487 3390 607 3444 cornutis
630 3405 689 3445 aum
716 3391 886 3447 venundatus
900 3391 950 3448 sub
1041 3390 1122 3445 Vnus.
1139 3392 1164 3444 3.
1181 3417 1217 3431 -
1231 3389 1369 3446 Gaudium
1390 3394 1416 3444 et
1430 3389 1536 3445 laetitio.
1564 3389 1635 3444 Nota
1663 3391 1693 3445 in
1709 3391 1777 3447 Sion
1793 3409 1857 3465 quae

96 3483 206 3548 peccato
228 3478 316 3549 (hom.
340 3479 398 3544 rra).
415 3477 468 3544 Qui
484 3479 554 3543 fucit
580 3482 706 3548 peratum
725 3493 818 3535 amous
844 3482 952 3550 peccati
1005 3477 1330 3550 comparaturparadiso
1343 3476 1403 3545 hei,
1422 3482 1534 3532 tantum
1546 3477 1703 3535 debetesse
1717 3481 1857 3552 gaudium

96 3571 137 3620 est
153 3565 242 3635 (donn,
272 3566 342 3647 vlit).
368 3566 466 3621 Unde:
498 3569 558 3623 Nou
580 3573 826 3638 requetpeccotum
851 3571 952 3625 incor-
1006 3572 1034 3622 et
1049 3567 1147 3622 latitia
1167 3570 1195 3621 et
1210 3565 1350 3621 confessio
1370 3570 1398 3620 ct
1412 3580 1467 3620 vox
1482 3565 1584 3634 laudis,
1598 3572 1631 3621 ut
1653 3568 1731 3638 quod
1743 3569 1773 3624 in
1789 3572 1860 3629 coelo

98 3670 164 3725 pore
177 3662 265 3709 uestro
277 3647 362 3724 (Rom.
378 3656 429 3725 rr).
1007 3655 1109 3711 tacturi
1124 3658 1191 3709 sunt
1202 3670 1267 3708 cum
1278 3653 1397 3725 angelis,
1413 3653 1445 3707 in
1461 3657 1537 3708 terra
1548 3653 1658 3725 jugiter
1673 3656 1858 3714 meditentur.

134 3743 215 3797 Vana.
243 3747 269 3798 i.
299 3772 334 3784 -
355 3743 427 3808 Quin
456 3745 526 3797 oeni.
558 3743 620 3813 (ln.)
646 3744 705 3798 lloc
727 3750 772 3799 est
802 3748 834 3799 ut
857 3744 953 3801 sciatis
1042 3745 1126 3800 Vens.
1145 3747 1171 3798 5.
1199 3771 1236 3784 -
1265 3746 1358 3799 iustus
1385 3758 1469 3799 meus.
1497 3743 1602 3799 Omnes
1628 3744 1861 3814 justilleans,rel

101 3847 147 3886 me
164 3834 286 3886 matrem
305 3837 430 3886 uestram
455 3847 513 3885 nou
542 3830 718 3902 repudiasse,
746 3831 794 3886 sed
824 3847 887 3888 eam
903 3850 952 3889 ro·
1006 3830 1414 3902 irretitiaelegautermonut
1434 3847 1491 3886 una
1517 3847 1597 3903 gens,
1627 3832 1676 3887 sed
1692 3834 1861 3890 totusorbis

101 3921 213 3975 tuntata
233 3920 350 3991 propria
365 3920 531 3975 recessisse:
548 3924 613 3991 post
638 3921 729 3976 multa
745 3920 882 3977 beneficia
897 3939 954 3978 car.
1009 3919 1143 3973 salvetur.

100 4022 167 4062 nem
184 4008 336 4080 assumpsi,
353 4023 405 4062 uec
428 4009 487 4078 jaun
502 4023 553 4080 per
575 4008 738 4081 prophetas,
762 4008 810 4065 sed
826 4026 953 4082 praesens
1042 4007 1123 4061 Vnus.
1153 4008 1178 4060 a.
1208 4036 1243 4046 -
1280 4006 1344 4063 Coeli
1375 4009 1446 4062 siccut
1466 4010 1570 4075 (tumus.
1601 4007 1662 4078 llo.)
1688 4009 1728 4063 lle
1754 4007 1861 4064 sancus

101 4097 163 4168 ipse
177 4096 372 4151 locutussum
1008 4093 1148 4165 scriptum
1165 4097 1216 4160 est,
1234 4097 1299 4162 etc,
1315 4110 1400 4164 usquc
1420 4095 1458 4150 nd
1471 4096 1589 4167 quidam
1614 4099 1711 4151 tamen
1726 4097 1819 4168 perire
1832 4100 1861 4154 et

137 4187 195 4242 Non
211 4187 336 4241 ercinia,
354 4185 459 4240 ilerodi
488 4190 606 4257 propter
620 4185 768 4253 malitiam,
787 4191 853 4253 etc,
869 4203 954 4260 usque
970 4212 991 4265 ὓ
1009 4182 1215 4238 inveterascere
1228 4197 1281 4253 pro
1291 4182 1447 4238 abolitione
1458 4190 1485 4239 et
1498 4189 1588 4239 morte
1601 4183 1753 4256 accipiunt.

104 4275 142 4330 nd
156 4274 191 4330 de
207 4274 342 4329 omnibus
355 4275 384 4328 in
398 4290 568 4330 commune:
591 4275 668 4330 Vitio
696 4275 904 4346 quadrupedum
926 4280 956 4335 in
1045 4271 1129 4326 Vnus.
1140 4272 1167 4326 9.
1186 4300 1216 4312 -
1235 4271 1379 4338 danturne.
1406 4273 1462 4327 Vox
1488 4273 1638 4344 prophetae
1651 4276 1681 4327 et
1706 4271 1862 4343 tidelispo-

104 4364 382 4434 mentelianus)
1009 4359 1072 4431 puli
1084 4359 1239 4414 aduentum
1266 4359 1370 4414 Christi
1397 4360 1587 4432 deprecantis,
1602 4360 1633 4416 in
1661 4377 1718 4434 quo
1737 4361 1860 4434 promis·

142 4453 251 4507 Vornoi.
266 4450 353 4515 Quasi
366 4450 474 4505 diceret
489 4467 496 4504 ε
523 4449 697 4518 halicarias,
715 4451 849 4506 Inclinato
862 4468 955 4508 curem
1010 4462 1074 4502 sum
1088 4445 1308 4501 eralauxilium.

103 4545 222 4595 oestrum
243 4542 271 4593 iu
296 4540 375 4594 uerbo
402 4542 458 4594 oris
473 4540 527 4593 mei
553 4539 639 4610 (Psoi.
666 4541 784 4598 aarum.
811 4541 864 4612 Qui
885 4542 956 4608 sitii,
1045 4534 1126 4590 Vnus·
1154 4537 1195 4590 li·
1222 4564 1256 4574 -
1285 4536 1350 4603 Quis
1375 4540 1450 4590 tnui
1471 4537 1566 4592 timeae
1594 4536 1628 4591 ab
1653 4537 1767 4607 lomim,
1794 4541 1861 4607 ein,

102 4631 196 4684 ueniat
210 4631 236 4681 et
250 4628 327 4683 bibet
342 4629 428 4699 (loon,
445 4627 516 4695 vrri),
532 4632 561 4682 et
572 4627 746 4699 hujusmodi.
1012 4638 1096 4693 usque
1109 4622 1147 4677 nd
1162 4626 1192 4677 ut
1206 4620 1375 4677 erubescant
1389 4627 1416 4676 et
1432 4623 1631 4692 paonitentiam
1649 4629 1743 4696 agant.

140 4713 285 4784 Nunquid.
318 4715 385 4781 (ln.)
415 4712 564 4767 Invehitur
594 4716 693 4767 contra
718 4728 767 4767 eos
800 4710 851 4784 qui
878 4716 958 4785 puta·
1047 4713 1126 4767 Vana.
1159 4715 1201 4766 tu.
1219 4739 1252 4752 -
1267 4710 1395 4780 Eleunre,
1426 4712 1539 4767 eleuare.
1563 4713 1625 4782 (lo.)
1652 4714 1706 4769 Eos
1731 4714 1863 4770 horutur

105 4803 185 4867 bant,
205 4807 271 4869 etc,
286 4817 372 4871 usque
386 4800 424 4855 od
438 4804 468 4854 ut
487 4800 614 4855 cubitent
634 4800 704 4853 mini
726 4801 882 4870 plusquam
897 4799 959 4855 duo
1013 4800 1047 4855 ad
1062 4798 1259 4871 poeuiteutiam
1274 4799 1325 4870 qni
1352 4798 1382 4854 in
1406 4798 1539 4871 passione
1564 4806 1759 4871 negauerunt3
1774 4802 1818 4857 tel
1833 4800 1863 4858 in

104 4892 192 4945 decim
203 4891 317 4956 laniones
330 4890 488 4957 annulorum
502 4888 634 4958 lfflotth.
658 4887 742 4959 xxvi).
1013 4887 1182 4943 infidelitate
1197 4887 1391 4959 perstiterunt,
1410 4888 1575 4954 clamantes,
1606 4890 1753 4960 Crucifiqe,
1778 4880 1863 4947 muni·

141 4979 222 5034 Vnus.
253 4979 278 5033 3.
301 5007 337 5017 -
357 4977 477 5032 Indunm
503 4977 582 5031 coelos
608 4976 732 5031 tenebris.
757 4976 847 5032 Aiunt
869 4976 962 5049 pbilo-
1013 4976 1170 5045 fidetium.
1187 4975 1260 5044 xix),
1276 4978 1329 5029 etc.

107 5065 191 5137 sophi
213 5081 271 5120 non
298 5066 423 5136 amplius
447 5065 544 5120 decem
574 5064 703 5119 stadiisa
724 5069 802 5119 terra
825 5065 916 5121 nubes
930 5066 961 5121 iu
1051 5066 1237 5123 Culicemirae.
1252 5064 1309 5134 (ln.)
1336 5063 1433 5119 Solent
1449 5063 1551 5119 medici
1575 5064 1788 5120 amarissimum
1812 5082 1865 5121 an·

107 5152 231 5208 sublime
259 5151 357 5218 levari,
387 5156 415 5206 et
444 5151 511 5206 solia
539 5150 722 5222 splendorem
748 5150 962 5208 abscondi:sic
1015 5153 1150 5220 tidotum,
1182 5158 1248 5219 etc,
1273 5167 1357 5222 usque
1382 5152 1420 5206 nd
1448 5151 1524 5207 uude
1549 5155 1703 5222 uonpatet
1727 5152 1807 5223 quod
1828 5152 1864 5210 de

107 5238 223 5293 excluso
252 5239 316 5294 coeli
340 5239 458 5305 lumine,
486 5254 535 5293 aer
571 5239 882 5295 iuferiorohscuratur.
911 5243 961 5296 Iu·
1016 5242 1118 5298 ultima
1128 5241 1291 5313 captivitate
1307 5240 1360 5295 hoc
1372 5238 1485 5294 dicitur.

109 5328 204 5383 duum.
219 5327 346 5388 Sanctos,
363 5327 470 5381 scilicet
484 5330 515 5380 ut
542 5342 572 5381 se
599 5333 772 5399 cognoscant
787 5334 961 5401 peccatores.
1053 5331 1136 5386 Vens.
1158 5332 1205 5392 22.
1227 5358 1261 5371 -
1283 5331 1348 5385 Ecce
1373 5328 1482 5400 (Hira.)
1506 5325 1641 5383 uraertxit
1666 5325 1863 5398 captiuitatem

148 5417 304 5471 Etaaccum
317 5431 425 5487 ponam.
444 5416 478 5470 Ut
493 5416 789 5487 aqautpoenitentiam
814 5417 843 5473 in
859 5417 962 5473 timore
1017 5419 1155 5483 futuram,
1172 5434 1247 5473 nnnc
1264 5419 1395 5472 hortatur
1406 5415 1441 5471 ad
1457 5414 1665 5487 poenitentiam,
1686 5418 1719 5470 ut
1732 5415 1862 5472 eradant.

112 5509 141 5558 et
155 5503 257 5560 cilicio.
1053 5507 1133 5561 Vens.
1146 5509 1190 5561 ii.
1207 5535 1241 5547 -
1263 5508 1371 5561 Pounm.
1387 5504 1548 5560 Secundum
1576 5504 1701 5562 litteram
1729 5503 1862 5562 humilia·
