3892 6106
95 270 147 324 843

403 264 603 320 uetuerunt
623 265 746 319 STRtBl
765 263 868 320 tulin.
889 264 973 320 MON.
997 265 1076 321 OPP.
1101 266 1188 321 PARS
1208 265 1229 319 1.
1262 293 1285 305 -
1304 264 1535 321 tlluotoclcs.

1800 267 1851 321 att

96 395 169 465 Cyro
191 394 257 465 (Iso.
287 397 359 457 nur),
384 413 398 442 ιι
422 390 499 461 quod
527 406 583 443 non
613 388 710 442 sinunt
737 389 884 460 sequentia
910 388 1147 459 dolljubilaeum
1165 389 1251 444 :unde
1267 389 1422 445 Salomon:
1440 411 1451 438 ι
1471 389 1511 443 lla
1532 392 1631 460 partes
1649 392 1775 458 septem,
1792 404 1853 442 nec·

96 484 240 539 Salvatore
253 482 353 552 accipi,
386 486 415 534 ut
432 480 547 550 quidam
565 483 675 547 putant.
695 478 743 530 Est
765 483 946 547 unguentum

96 572 307 642 propheticum,
324 587 380 641 quo
396 569 562 639 praecipitur
576 568 644 620 Elia
660 573 691 620 ιιι
708 572 797 635 ungat
812 563 969 620 Etisaeum'

96 661 125 714 in
142 661 311 731 proplietam
329 659 377 727 (Ml
394 659 458 725 nep.
476 655 558 725 xix);
587 671 674 725 super
698 656 795 709 omnia
823 661 866 709 est
894 671 945 708 un·

97 755 236 818 guentam
253 746 413 818 spirituale,
425 745 502 816 quod
518 742 945 805 dicituroleumexsultationis,

98 854 154 908 quo
169 837 296 890 Christus
312 839 413 889 unctus
428 839 471 888 est
483 849 542 904 pror
558 832 755 904 participibus,
777 831 825 902 qui
841 831 948 886 babent

100 925 225 979 chrisma
241 924 386 994 baptismi.
404 923 483 987 Quod
507 923 530 976 si
539 922 640 993 perdat
655 922 728 992 quis,
758 938 817 975 non
846 921 949 991 despe-

98 1018 142 1067 ret
158 1029 164 1078 ;
178 1014 243 1082 quia
260 1013 295 1065 de
313 1012 472 1082 separando
488 1011 639 1064 chrismale
656 1009 791 1063 scribitur
815 1009 843 1062 in
871 1007 948 1062 Leri-

97 1102 153 1155 tico
169 1102 233 1168 (Leo
261 1103 332 1170 xrrr),
349 1099 502 1170 quodcum
522 1099 602 1168 lepra
611 1098 733 1167 alicujus
749 1098 836 1151 luerit
860 1112 948 1150 muu-

97 1189 172 1252 data,
186 1189 280 1241 mittat
295 1188 321 1241 ei
337 1186 468 1240 sacerdos
484 1188 579 1239 oleum
595 1186 624 1238 in
650 1202 739 1239 manu
767 1185 891 1245 sinistra.
920 1187 948 1237 et

98 1281 200 1330 caetera
222 1293 286 1347 quae
309 1276 349 1330 ib1
377 1277 522 1342 dicuntur,
544 1280 572 1329 et
599 1276 659 1345 ipse
686 1280 802 1329 vocetur
824 1274 949 1328 cbristus

99 1364 160 1420 Ilei.
179 1366 344 1419 llocautem
369 1365 544 1435 restatquod
566 1363 644 1418 idem
670 1365 755 1417 homo
782 1363 949 1434 frequenter

98 1452 227 1523 ungitur,
254 1469 289 1507 ne
319 1453 356 1507 sit
381 1453 491 1506 oeeasio
528 1453 619 1506 ruinae
643 1451 814 1522 negligenti.
839 1450 950 1506 Sufficit

99 1543 176 1595 enim
193 1543 303 1612 leproso
315 1548 356 1610 ut,
373 1547 438 1612 post
455 1541 578 1612 primum
595 1546 774 1610 unguentum
791 1540 949 1610 perditum,

1001 494 1058 533 non
1073 482 1178 532 atoelo
1202 480 1285 546 (Meet.
1311 484 1359 545 xi).
1391 501 1402 526 ι
1427 480 1500 533 Bene
1534 477 1624 547 igitur
1649 476 1707 530 hoe
1732 492 1852 532 numero

1001 567 1175 636 psalmorum
1200 567 1274 622 liber
1293 568 1344 621 iste
1360 567 1452 621 editus
1467 571 1520 633 est,
1534 565 1617 635 cujus
1632 569 1732 636 partes
1747 565 1851 618 utrius·

1001 670 1057 725 que
1074 655 1455 710 Testamentidoctrinamet
1471 653 1605 709 mandata
1619 651 1784 707 continent.

1037 744 1133 811 (Auel
1149 745 1220 797 ltem
1235 759 1286 814 per
1304 748 1358 796 tres
1374 743 1595 813 quinquegenus
1611 740 1716 810 triplex
1732 740 1766 794 lit
1780 740 1851 811 psal-

1001 847 1115 885 morum
1144 831 1301 899 dist²nctio,
1329 839 1447 901 propter
1480 834 1539 885 tres
1564 833 1657 884 status
1685 829 1851 885 Christiane

1001 920 1150 991 religionis
1162 920 1382 992 significandos:
1401 920 1511 990 primos
1533 918 1727 990 poenitenliae,
1755 917 1786 972 in
1799 935 1853 991 qua

1002 1008 1136 1078 etprima
1151 1007 1328 1080 psalmorum
1356 1008 1560 1080 quinquagena
1586 1007 1775 1074 terminatur,
1801 1007 1851 1062 sci·

1002 1095 1087 1150 licet:
1105 1118 1116 1145 ι
1135 1096 1267 1151 Miserere
1280 1097 1337 1150 mei
1353 1098 1444 1164 Deus;
1461 1118 1475 1146 ιι
1491 1097 1634 1151 secundus
1661 1095 1793 1166 justitie,
1824 1096 1851 1151 in

1002 1200 1059 1255 qua
1077 1190 1105 1238 et
1134 1186 1260 1240 secunda
1281 1186 1504 1258 quinquagena:
1535 1205 1549 1237 ιι
1577 1185 1806 1240 Misericordiam
1827 1188 1852 1239 et

1000 1273 1141 1343 judicium
1161 1275 1282 1328 cantabo
1309 1275 1409 1343 tibi;s
1434 1275 1535 1329 tertius
1564 1278 1658 1328 status
1688 1274 1757 1328 ritae
1771 1277 1849 1328 ueter-

1002 1379 1058 1429 nae,
1073 1362 1102 1416 iu
1119 1363 1199 1433 cujus
1215 1365 1328 1419 laudem
1344 1365 1427 1419 tertia
1440 1363 1647 1434 quinquagena
1664 1361 1781 1432 finitur,
1800 1362 1850 1417 sci-

1003 1449 1083 1504 licet:
1103 1471 1114 1498 ι
1130 1449 1229 1504 Omnis
1243 1452 1359 1522 spiritus
1372 1451 1469 1507 landet
1484 1451 1651 1506 Dominum.
1668 1470 1682 1498 ιι

1038 1538 1103 1606 (ιιι.)
1121 1538 1197 1592 Unus
1219 1547 1262 1592 est
1279 1540 1350 1594 liber
1376 1541 1565 1606 Ριιιιιιιιιιιιιιι,
1589 1554 1648 1592 ιιοιι
1666 1539 1810 1610 quinque,
1825 1543 1850 1592 ut

99 1631 441 1700 ungatnrsecund03sed
462 1630 601 1700 illesepe
623 1629 803 1700 ungiturqni
834 1623 1032 1721 semperssin
1062 1625 1175 1679 dotibus
1203 1629 1398 1696 apostotorum
1424 1627 1547 1697 legitur:
1580 1627 1693 1682 «Sicut
1717 1631 1850 1698 seriptum

100 1719 406 1791 prolicit:et,deoleo
419 1718 536 1788 leprosi,
552 1718 630 1771 venit
644 1718 870 1786 adunguenlnm
889 1733 947 1787 ,po-
1006 1718 1077 1766 sest
1104 1713 1133 1767 in
1165 1714 1238 1769 libro
1266 1717 1470 1771 psalmorum»
1497 1713 1570 1784 (Act.
1599 1717 1632 1785 ι).
1664 1715 1851 1786 Hieronymus

101 1808 161 1878 prrli
177 1806 261 1874 ;inde
273 1808 307 1860 ad
328 1806 499 1861 sacerdotale
513 1825 520 1873 3
536 1806 570 1860 de
586 1821 643 1876 quo
660 1804 696 1859 ad
713 1805 836 1859 chrisma
851 1805 947 1875 ponti·

101 1896 162 1950 licis
174 1911 181 1960 ;
195 1912 209 1948 a
225 1894 360 1966 pontifice
376 1895 410 1947 ad
430 1911 525 1964 regem
538 1911 576 1962 ;a
603 1911 670 1966 rege
691 1894 726 1949 ad
754 1893 946 1965 patriarchas;

103 2001 117 2037 a
134 1983 299 2053 patriarchis
314 1983 349 2036 ad
360 1982 513 2037 Christum.

138 2071 245 2140 (Cass.)
271 2071 349 2125 Sicut
373 2068 525 2141 prophetia
548 2069 581 2124 fit
602 2069 720 2124 diversis
738 2068 839 2132 modis,
855 2068 894 2123 ita
922 2072 950 2122 et

101 2159 220 2213 diversis
234 2159 422 2230 temporibus.
441 2160 486 2212 Est
501 2158 590 2228 igitur
614 2159 670 2212 alia
691 2159 725 2212 de
748 2157 893 2229 presenti,
919 2162 950 2211 ut

103 2248 243 2302 Elisabeth
258 2265 295 2302 :a
324 2247 488 2302 [testemini
517 2247 579 2313 hoc,
602 2251 633 2300 ut
655 2247 749 2300 veniat
774 2251 866 2300 mater
892 2247 948 2300 Do-

101 2337 197 2391 mini‘.>
217 2343 269 2391 etc.
285 2357 298 2386 ιι
316 2336 394 2406 (Luc.
413 2336 443 2406 ι.)
473 2336 511 2389 lle
526 2335 681 2406 praeterito,
701 2341 733 2388 ιιι
746 2336 870 2404 Moyses:
890 2335 948 2389 «ln

100 2425 254 2496 principio,
270 2426 376 2479 crearit
395 2426 468 2478 lteus
485 2427 587 2478 coelum
615 2430 644 2477 et
671 2428 776 2477 terram
793 2423 868 2494 (Gen.
887 2423 947 2493 ι).ιι

101 2517 140 2568 De
154 2514 258 2579 Ιιιιιιιο,
270 2518 319 2567 ut:
343 2534 356 2561 u
371 2514 440 2566 Ecce
456 2512 541 2582 Tirgo
552 2512 704 2583 concipiet,
716 2517 768 2567 etc.
782 2512 844 2581 (lso.
860 2512 946 2580 mlta

136 2605 206 2657 Item
222 2604 374 2674 prophetia
403 2602 459 2656 alia
485 2606 527 2655 est
556 2601 713 2654 secundum
738 2598 947 2669 prescientiam

100 2692 161 2759 Dei,
176 2707 261 2762 quam
279 2707 393 2744 necesse
413 2696 454 2743 est
474 2689 609 2743 omnibus
637 2688 729 2742 modis
755 2686 877 2757 impleri,
894 2691 946 2741 ut:

102 2800 113 2827 ι
132 2779 200 2832 Eece
216 2780 301 2849 Virgo
316 2778 467 2849 concipiet,
485 2782 570 2830 etc«
595 2777 658 2831 Alia
685 2775 842 2829 secuudum
870 2790 947 2828 rom·

100 2867 298 2931 mirrationem,
315 2873 346 2920 ιιι
363 2883 369 2920 z
386 2886 399 2918 ιι
419 2865 611 2936 Quadraginta
628 2865 699 2932 dies,
725 2870 753 2919 et
769 2865 868 2919 Ninive
881 2863 947 2916 snb-

100 2960 226 3010 vertetur
239 2958 324 3025 (lonae
340 2956 390 3026 ιιι).
412 2976 423 3003 s

136 3044 296 3116 Notandum
323 3044 412 3115 igitur
427 3043 504 3115 quod
530 3043 669 3114 propheta
686 3040 839 3111 aliquando
855 3038 947 3110 loqui·

99 3137 146 3186 tur
174 3132 325 3185 indiscrete
362 3133 396 3185 dc
422 3133 525 3186 lutruis
555 3131 637 3202 quasi
671 3130 705 3184 do
738 3129 948 3199 praesentibu53
975 3166 978 3172 -

99 3221 252 3290 aliqnando
268 3221 302 3274 de
319 3221 480 3291 praeteritis,
507 3219 662 3290 aliquando
678 3218 763 3271 etiam
782 3217 897 3287 proprie
912 3217 947 3270 de

99 3308 221 3362 futuris:
237 3309 313 3378 quud
329 3308 394 3360 ideo
407 3306 448 3374 sn,
465 3308 602 3377 quoniam
626 3305 724 3359 omnia
739 3305 862 3359 dictante
882 3305 946 3374 Spi-

99 3396 156 3450 ritu
168 3402 264 3449 sancto
279 3395 366 3461 dicit,
382 3396 427 3448 cui
438 3401 504 3448 siant
518 3396 614 3448 omnia
628 3399 707 3463 nota,
718 3393 775 3447 siue
790 3394 945 3463 praeterita,

100 3484 157 3536 siue
177 3484 283 3548 Ιιιιιιιιι,
300 3489 434 3552 tanquam
447 3483 609 3552 praesentia.

135 3571 267 3640 (Ιιιιιιιο.)
284 3570 368 3624 Liber
383 3569 435 3624 iste
451 3586 484 3623 en
499 3575 613 3623 centum
633 3568 842 3640 quinquaginta
869 3569 946 3638 psal·

99 3659 163 3721 mis,
177 3675 232 3711 non
248 3659 308 3711 sine
324 3657 432 3711 altioris
447 3656 575 3728 mysterii
590 3658 712 3721 ratione,
733 3655 874 3710 consistit.
895 3654 947 3709 llic

99 3748 175 3800 renim
190 3762 327 3800 numerus
350 3746 492 3817 mysteriis
508 3744 722 3799 celeberrimus.
739 3745 854 3798 Constat
868 3745 945 3797 onim

98 3852 130 3888 ex
147 3835 329 3903 octogenario
345 3839 373 3888 et
389 3833 617 3905 septuagenario,
633 3833 737 3903 quibus
752 3848 784 3886 er
800 3832 946 3886 octonario

98 3930 127 3977 et
140 3924 304 3993 septenario
324 3923 496 3993 principium
522 3928 551 3975 et
570 3922 741 3991 significatio
755 3930 805 3974 est.
823 3921 944 3975 Oetona-

97 4012 155 4065 rius
171 4012 247 4065 enim
287 4016 416 4065 netarum
440 4011 678 4064 resurrectionem
701 4009 860 4079 siguificat:
877 4010 944 4079 quia

96 4117 159 4153 cum
176 4116 224 4153 sex
240 4099 298 4152 sint
313 4105 408 4152 etates
424 4099 591 4164 virentium,
609 4097 730 4167 septima
745 4097 940 4158 morientium,

96 4194 194 4242 octava
220 4191 431 4259 resmgenlium
461 4188 524 4241 erit.
559 4189 612 4242 Per
642 4187 836 4258 septenarium
865 4202 942 4254 vero,

1004 1806 1099 1856 umen
1124 1804 1194 1857 dicit
1222 1806 1348 1876 quinquo
1365 1806 1459 1863 libros.
1476 1805 1504 1858 id
1520 1810 1574 1866 est,
1601 1804 1737 1876 quinque
1754 1803 1850 1859 dutin-

1003 1887 1111 1942 etiones
1127 1907 1192 1962 quae
1207 1893 1342 1963 liuntpar
1358 1893 1433 1958 «liat,
1449 1892 1509 1949 Mat.
1526 1913 1539 1944 s

1043 1980 1117 2036 Ordo
1147 1983 1322 2053 psalmorum
1349 1981 1385 2034 ab
1412 1981 1512 2035 ordine
1540 1981 1670 2036 historiae
1699 1980 1850 2047 discordet,

1002 2073 1146 2145 quiaante
1173 2069 1298 2141 peccavit
1329 2069 1415 2123 David
1440 2085 1504 2123 cum
1535 2085 1624 2124 uxore
1656 2070 1747 2137 Urius,
1772 2071 1850 2125 etde

1002 2161 1171 2234 poenitentia
1190 2158 1290 2213 cecinit
1307 2174 1314 2211 ι
1332 2159 1493 2212 «Miserere
1519 2159 1586 2226 mei,
1616 2159 1706 2225 Deus,
1735 2178 1751 2210 s
1771 2175 1850 2231 quam

1003 2252 1078 2306 silius
1089 2251 1151 2320 ejus
1166 2264 1231 2301 eum
1247 2251 1468 2319 persequeretur
1482 2252 1510 2302 et
1523 2247 1674 2302 cecinerit:
1693 2266 1709 2299 a
1725 2248 1850 2315 Domine,

1004 2361 1018 2390 ι
1036 2338 1103 2410 quid
1121 2336 1299 2406 multiplicati
1311 2352 1318 2400 ;
1331 2355 1344 2386 ιι
1359 2335 1407 2389 sed
1423 2336 1459 2389 ab
1480 2336 1567 2389 Esdra
1583 2337 1734 2407 propheta
1756 2336 1851 2391 instin-

1003 2434 1050 2483 ctu
1066 2427 1163 2482 divino
1178 2425 1217 2478 ita
1232 2424 1360 2478 ordinari
1375 2424 1538 2479 creduntur.

1039 2513 1155 2570 Materia
1178 2515 1221 2564 est
1242 2511 1354 2580 integer
1368 2511 1506 2577 Christus,
1534 2526 1658 2581 sponsus
1683 2515 1716 2565 et
1739 2527 1848 2584 sponsa.

1004 2603 1137 2667 lnteutio,
1153 2600 1284 2654 homines
1298 2600 1327 2653 in
1349 2599 1436 2653 Adam
1459 2598 1636 2654 deformatos
1651 2599 1771 2655 Christo
1785 2615 1850 2655 noro

1002 2690 1114 2746 homini
1142 2689 1331 2743 conformare.
1360 2688 1458 2741 Modus
1482 2688 1642 2743 tractandi:
1675 2688 1852 2761 Quandoque

1003 2781 1112 2852 egilde
1127 2778 1246 2840 Christo,
1263 2777 1418 2830 secundum
1431 2774 1508 2846 quod
1525 2780 1610 2845 caput
1625 2781 1679 2845 est,
1697 2777 1853 2848 aliquando

1002 2868 1287 2936 seeundumeorpus,
1314 2865 1468 2935 aliquando
1497 2864 1654 2919 secundum
1684 2870 1850 2938 utrumque.

964 2947 1164 3011 CSecundum
1184 2954 1259 3024 quod
1274 2958 1370 3025 eaput,
1386 2953 1560 3024 tripliciter:
1582 2953 1652 3024 qnia
1676 2954 1724 3009 rel
1753 2971 1850 3010 seeun-

1004 3046 1072 3099 dum
1084 3043 1272 3106 diuinitatem,
1289 3047 1337 3097 ut:
1369 3062 1380 3090 ι
1408 3042 1513 3104 Tecum
1539 3040 1730 3112 principium,
1747 3048 1801 3098 etc.
1815 3058 1848 3110 ;ι

1002 3133 1157 3204 aliquando
1186 3131 1342 3185 secuudum
1358 3129 1575 3192 humanitatem,
1591 3133 1642 3183 ut:
1672 3151 1683 3180 ι
1703 3131 1763 3201 Ego
1787 3131 1850 3186 dor-

1004 3222 1109 3289 smivi,
1139 3224 1226 3289 ete.‚»
1258 3219 1411 3290 aliqnando
1440 3233 1491 3288 per
1517 3219 1798 3289 transsumptionem
1820 3224 1852 3274 ut

1002 3310 1117 3382 quando
1131 3309 1221 3362 utitur
1235 3324 1302 3361 voce
1319 3306 1524 3367 membrorum,
1542 3305 1616 3359 sicut
1635 3305 1698 3360 ibi:
1717 3323 1731 3360 s
1757 3306 1850 3376 Longe

1001 3397 1146 3449 «asatute
1161 3409 1234 3458 mea,
1251 3400 1303 3447 etc.
1319 3414 1333 3442 ιι
1355 3393 1425 3446 ltem
1441 3391 1475 3446 de
1491 3390 1615 3446 Ecclesia
1629 3391 1724 3446 tribus
1740 3393 1849 3447 modis:

1001 3483 1156 3554 aliquando
1173 3481 1331 3536 secundum
1345 3483 1495 3551 perlectos,
1512 3479 1669 3552 aliquando
1693 3481 1848 3537 meandum

1000 3571 1194 3642 imperfectos,
1208 3569 1363 3642 aliquando
1391 3569 1548 3625 secundum
1573 3571 1665 3624 malos
1686 3587 1693 3626 :
1711 3571 1763 3642 qui
1788 3573 1850 3625 eunt

1001 3660 1031 3714 iu
1049 3659 1168 3714 matesis
1192 3674 1323 3728 corpora,
1344 3673 1402 3712 non
1419 3663 1512 3713 mente
1524 3674 1531 3725 ;
1543 3673 1678 3725 numero,
1706 3675 1765 3714 non
1795 3675 1848 3715 me·

1001 3749 1076 3815 rito;
1092 3747 1220 3812 nominc,
1237 3762 1294 3800 nou
1312 3746 1441 3802 numine.

1268 3834 1423 3890 PSALMUS
1442 3833 1580 3889 PRIMUS.

1035 3925 1118 3978 Vens.
1136 3926 1164 3977 l.
1195 3952 1230 3963 -
1261 3923 1390 3976 «Beatus
1422 3922 1466 3975 vir
1486 3921 1535 3992 qui
1566 3937 1626 3976 non
1656 3922 1741 3989 obiit,
1764 3929 1846 3979 etc.»

1000 4013 1098 4082 (Aue,
1115 4015 1214 4066 tinore
1231 4013 1260 4064 ιἰι
1275 4011 1372 4071 Paul...
1388 4013 1456 4064 tom.
1472 4009 1533 4080 ΙΙΙ.)
1546 4010 1634 4075 Ordo,
1662 4011 1734 4068 abiit
1759 4014 1844 4068 Adam

998 4118 1063 4155 eum
1079 4118 1095 4155 a
1111 4103 1168 4155 Deo
1188 4100 1321 4166 recessit;
1339 4099 1425 4165 stetit,
1448 4114 1514 4154 cum
1536 4099 1693 4154 delectatus
1709 4105 1754 4155 est
1782 4117 1844 4173 pec·

999 4195 1080 4257 eato;
1095 4189 1177 4257 sedit,
1195 4188 1301 4243 crimin
1316 4187 1451 4258 superbia
1466 4187 1656 4242 confirmatus
1678 4188 1776 4244 redire
1790 4205 1842 4244 non

96 4279 181 4348 hujus
196 4277 260 4330 ritae
271 4285 385 4346 tempus
397 4276 583 4346 significatur,
610 4277 686 4344 quod
703 4278 811 4345 septem
831 4274 941 4329 dierum
959 4296 979 4350 p
1000 4277 1172 4350 potruit,nisi
1188 4293 1238 4348 per
1261 4276 1347 4330 istum
1363 4276 1509 4342 liberatus,
1533 4275 1583 4347 qui
1599 4273 1640 4329 nil
1668 4276 1776 4332 horum
1797 4278 1843 4333 ba·

96 4367 265 4437 repetitione
281 4368 384 4432 ugitur.
402 4366 486 4418 Recte
496 4380 563 4434 ergo
575 4365 624 4417 lali
636 4365 809 4434 psalmorum
819 4379 940 4417 numero

96 4455 168 4510 liber
182 4454 234 4507 iste
250 4452 425 4521 compositus
441 4457 493 4515 est,
503 4451 568 4521 quia
585 4451 754 4520 sicinbujus
768 4451 832 4504 sitae
848 4455 941 4520 septe-

95 4541 176 4595 nario
192 4539 304 4610 operari
320 4555 351 4591 ac
366 4539 459 4591 sivero
479 4555 529 4591 nos
557 4540 647 4604 docet,
679 4545 712 4593 ιιι
726 4539 754 4592 in
780 4542 876 4592 octova
892 4554 941 4592 re·

94 4628 278 4683 surrectionis
307 4629 408 4681 stolam
437 4627 535 4696 glorius
550 4643 769 4698 consequamur.
798 4628 847 4682 Vel
875 4627 940 4682 ideo

93 4718 160 4789 quia
175 4732 226 4786 per
250 4716 428 4769 octonarium
446 4716 554 4769 Novum
569 4716 782 4770 Testamentum
796 4715 939 4787 signitica-

92 4810 156 4858 lur:
173 4803 283 4857 octoadi
310 4802 386 4856 euim
418 4809 514 4872 patres
547 4805 616 4858 Novi
643 4804 815 4859 Testamenti
843 4804 939 4858 deser·

91 4893 173 4946 aiunt
205 4893 388 4947 observantes
433 4892 508 4946 diem
549 4899 680 4949 octavum
719 4893 939 4948 resurrectionis

92 4979 205 5046 Christi,
220 4980 249 5035 id
264 4985 316 5044 est,
345 4979 532 5048 Dominieam,
555 4987 667 5035 octavas
696 4988 870 5047 sanctorum,
888 4999 938 5037 ex·

91 5073 249 5139 spectantes
273 5073 402 5122 octavam
429 5069 647 5123 resurrectionis
675 5075 867 5125 mortuorum.
884 5071 939 5125 Per

91 5157 283 5226 septenarium
304 5172 371 5210 vero
387 5157 472 5211 Vetus
495 5158 723 5226 Testamentum,
739 5158 807 5228 quia
830 5158 938 5213 hebdo-

91 5247 176 5306 madi,
197 5245 282 5299 idest
309 5244 480 5315 septenario,
510 5252 607 5315 patros
633 5246 741 5300 Veteris
764 5247 937 5302 Testamenti

90 5332 256 5394 servierunt,
284 5332 465 5386 observantes
497 5333 651 5403 septimum
681 5332 769 5401 diem,
785 5338 936 5404 septimam

90 5421 289 5491 septimanam,
303 5420 458 5491 septimum
473 5436 580 5475 annrun
608 5426 637 5476 et
651 5420 934 5493 quinquagesimum,

90 5510 139 5582 qui
155 5508 279 5578 septenis
296 5524 436 5563 annorum
457 5508 684 5563 hebdomadibus
709 5509 823 5572 texitur,
849 5509 936 5567 idest

997 4366 1069 4422 buit.
1086 4366 1164 4421 Abiit
1177 4367 1265 4421 Adam
1280 4381 1344 4420 cum
1364 4364 1542 4436 persuasioni
1557 4364 1666 4419 diaboli
1681 4368 1842 4433 consensit;

997 4454 1083 4518 stetit,
1099 4454 1168 4507 dum
1182 4468 1302 4524 pomum
1318 4453 1439 4508 comedit
1455 4469 1462 4520 ;
1478 4452 1559 4519 sedit,
1582 4452 1653 4507 dum
1682 4469 1714 4509 so
1729 4471 1843 4510 exeusa-

995 4543 1052 4597 vit:
1065 4564 1075 4590 ι
1086 4543 1277 4612 Mulierquam
1294 4541 1474 4597 dedistimihi
1486 4557 1532 4597 me
1542 4542 1687 4599 seduxit.»
1706 4542 1785 4615 (Cen.
1794 4546 1842 4598 ιιιι.

996 4632 1037 4686 Ad
1054 4630 1271 4685 similitudinem
1287 4631 1488 4694 exsulantium,
1502 4630 1551 4701 qui
1566 4630 1635 4686 dum
1662 4639 1733 4687 sunt
1757 4633 1788 4689 in
1802 4633 1845 4687 uia

996 4717 1301 4783 luciliusrevocantur,
1330 4717 1399 4770 dum
1421 4717 1482 4786 jam
1511 4721 1588 4771 stant
1616 4717 1780 4774 difficilius:
1798 4718 1844 4773 de·

996 4820 1076 4860 mum
1092 4804 1271 4869 difficillime,
1289 4805 1357 4858 dum
1374 4804 1413 4858 ibi
1429 4804 1558 4872 magistri
1573 4810 1602 4860 et
1617 4807 1731 4861 domini
1754 4807 1843 4863 elteeti

996 4897 1071 4948 sunt.
1088 4892 1194 4964 (Reus.)
1209 4894 1346 4946 Peccator
1360 4893 1544 4964 cogitatione,
1559 4899 1624 4949 actu
1640 4900 1670 4949 et
1685 4896 1781 4951 verbis
1794 4896 1843 4951 do·

994 4982 1095 5037 cendo.
1113 4981 1222 5053 (Cass.)
1241 4981 1350 5052 lmpius
1364 4981 1393 5035 iu
1422 4982 1523 5049 Dorum,
1549 4990 1683 5053 peccator
1696 4985 1728 5040 in
1743 5002 1784 5054 se,
1799 5001 1843 5058 pe·

994 5072 1093 5126 stilens
1120 5071 1150 5124 in
1178 5069 1353 5139 proximum.
1371 5088 1384 5121 ι
1400 5070 1431 5125 In
1446 5070 1580 5125 cathedra
1595 5072 1668 5128 dans
1682 5077 1841 5147 exemplum

994 5158 1141 5232 peccandi.
1160 5180 1171 5207 ›
1188 5157 1300 5226 (Cass.)
1315 5159 1445 5213 Thronus
1474 5174 1585 5230 regum,
1613 5161 1744 5217 tribunal
1768 5163 1840 5234 judi·

993 5263 1069 5312 cum,
1086 5247 1218 5302 cathedra
1235 5246 1351 5318 proprie
1374 5247 1530 5303 doctorum.
1561 5249 1661 5320 (teto.)
1690 5251 1781 5316 Quasi
1806 5253 1838 5309 iu

993 5337 1034 5389 ait
1047 5352 1053 5390 :
1065 5337 1120 5390 Vos
1135 5335 1186 5406 qni
1198 5335 1337 5390 cecidistis
1365 5352 1419 5406 per
1440 5336 1568 5408 primum
1597 5338 1702 5408 Adam,
1731 5342 1838 5397 conlur-

992 5422 1113 5477 mamini
1142 5422 1364 5489 brucsecundo:
1393 5424 1461 5495 quia
1479 5424 1579 5479 beatus
1604 5426 1703 5497 primo
1732 5437 1840 5486 contra·

992 5527 1063 5566 nus,
