3892 6106
93 273 148 327 aba
664 270 793 329 ctosst
811 272 1016 329 oubttttuta.
1035 299 1072 314 -
1090 271 1157 328 ttn.
1177 271 1202 329 ΙΙ
1223 270 1303 329 aad.
1801 277 1854 331 5Ίο

130 390 215 444 Vens.
240 389 283 443 m.
304 414 338 430 -
358 390 394 444 Et
419 388 518 458 fidelis.
536 389 628 458 (llam,
651 405 685 444 ex
707 391 781 460 Aug.
798 389 832 447 de
847 391 945 455 croit,
961 392 984 446 t
1002 389 1031 446 id
1047 395 1100 456 est,
1116 407 1199 446 sensu
1220 390 1382 462 spirituales
1403 391 1481 457 iacit,
1496 393 1568 447 alios
1582 392 1664 464 quasi
1689 398 1852 465 argentum,

90 477 144 532 lib.
161 493 232 543 xru,
248 491 311 546 cap.
327 475 367 547 8.)
387 477 445 531 Hoc
470 493 535 532 rere
558 478 593 532 de
608 477 719 533 Christo
741 478 856 548 dicitur,
880 484 947 545 etc,
1003 479 1032 534 id
1049 485 1100 542 est,
1118 479 1290 550 eloquentiae
1304 479 1397 534 nitore
1411 480 1607 550 splendentes;
1621 481 1692 538 alios
1706 481 1788 554 quasi
1802 499 1851 550 ass,
1899 508 1902 512 ·

92 580 179 637 usque
194 564 234 619 nd
248 564 327 618 locus
346 579 414 633 ergo
429 569 488 619 tam
503 570 612 636 pacatas
632 570 781 620 etsecma
792 566 949 622 habitatio·
1004 568 1206 638 praedicatione
1238 584 1355 623 sonoros
1381 569 1540 624 sanctificat
1568 569 1699 636 Domino,
1732 574 1764 625 ut
1789 570 1852 641 ejus

96 653 139 708 nis
155 658 286 708 remmus
308 656 361 719 est,
377 651 425 708 ubi
440 653 495 708 erit
513 668 596 708 verus
611 653 710 720 lsrael,
736 654 834 722 idest,
850 655 949 712 videns
1004 656 1187 712 tabernaculo
1203 656 1326 712 fideliter
1339 656 1510 712 deserviant.

96 743 202 797 Deum.
1040 745 1122 799 Vnus.
1142 748 1183 800 ta.
1197 775 1231 785 -
1250 746 1342 802 Caesis.
1369 745 1515 816 (Hrnaou.)
1542 745 1623 810 Orrod
1638 745 1851 818 inquibnsdam

126 833 164 885 dt
179 829 253 884 sedit
268 843 368 884 corom.
394 827 498 883 Sedere
513 843 608 882 coram
636 829 768 896 Domino,
792 836 836 887 est
860 829 949 888 bene·
1004 832 1149 887 codicibus
1170 833 1321 888 duodecim
1344 833 1434 887 millia
1449 849 1520 888 caesa
1535 833 1671 889 dicuntur
1690 833 1760 889 vitio
1784 835 1853 890 scri·

94 916 159 971 ficia
170 916 238 985 ejus
253 915 283 969 iu
294 913 459 970 bumilitate
473 913 612 970 confiteri.
1002 926 1119 992 ptorum
1137 921 1269 976 inolitum
1284 927 1335 976 est.
1362 923 1503 976 Veraciter
1531 921 1608 976 euim
1624 922 1711 977 David
1728 921 1757 976 in
1781 923 1853 977 valla

128 1006 191 1060 Lea
215 1004 320 1060 Adam.
345 1004 437 1074 (Rea.)
471 1002 584 1059 Scilicet
609 1003 745 1075 hominis,
779 1012 812 1062 ut
839 1006 891 1062 tibi
920 1008 950 1062 in
1003 1009 1164 1065 Salinarum
1187 1009 1331 1064 decernet
1350 1015 1414 1064 octo
1443 1009 1663 1066 milliacecidit.
1690 1010 1761 1066 Joab
1784 1027 1851 1066 vero

96 1092 282 1164 simplicitate
316 1089 409 1147 cordis
436 1096 465 1147 et
491 1092 615 1163 puritate
639 1092 753 1162 serviat,
770 1099 799 1150 ct
812 1100 844 1150 tu
863 1094 950 1150 lacius
1003 1097 1156 1153 duodecim
1179 1097 1279 1163 millia,
1300 1098 1372 1152 sicut
1387 1098 1418 1152 in
1441 1098 1526 1153 titulo
1545 1115 1609 1153 suu
1631 1098 1733 1169 psalmi
1750 1098 1850 1154 scribi-

95 1180 117 1236 ei
146 1182 312 1236 secundum
345 1180 570 1235 misericordium
604 1185 694 1248 tuam,
722 1181 796 1239 sicut
820 1183 891 1238 mihi
912 1183 950 1238 le-
1003 1190 1060 1242 tur.
1085 1185 1267 1257 significatur
1293 1191 1389 1241 autem
1416 1186 1492 1257 quod
1521 1187 1649 1242 Christus
1673 1186 1851 1243 districtione

95 1269 167 1325 cisti.
1004 1273 1048 1327 sui
1058 1273 1208 1339 examinis,
1224 1273 1254 1327 in
1269 1274 1313 1327 liis
1328 1274 1378 1345 qui
1390 1274 1424 1328 do
1439 1273 1490 1327 illo
1503 1290 1590 1345 prava
1602 1273 1740 1337 sentiunt,
1752 1273 1848 1336 stulti·

127 1358 215 1412 Vnus.
232 1359 277 1412 23.
301 1386 337 1398 -
366 1360 430 1426 (tue
451 1362 500 1412 est.
530 1357 563 1411 ln
587 1361 665 1413 terra
683 1356 738 1413 alia
764 1363 869 1430 praeter
891 1360 949 1414 elc-
1003 1362 1073 1416 tiam
1089 1362 1272 1417 immoderati
1283 1363 1387 1417 laboris
1398 1362 1564 1432 exstinguit.

96 1452 182 1511 cum,
207 1447 330 1516 propter
356 1439 443 1515 quam
459 1443 538 1498 venit
554 1443 605 1499 Dei
629 1445 716 1500 l'ilius
750 1446 778 1502 in
808 1447 949 1503 muudum
1039 1451 1125 1504 Vsus.
1144 1453 1185 1505 16.
1204 1480 1238 1489 -
1254 1452 1504 1505 Acommeutorris.
1522 1449 1616 1504 ilicem
1632 1449 1708 1521 regis
1735 1448 1849 1520 agebat,

97 1533 222 1591 velutin
249 1533 415 1603 AEgyptum‚
437 1535 468 1585 ut
495 1533 668 1587 commercio
693 1534 842 1607 sanguinis
872 1535 948 1591 redi·
1002 1538 1296 1610 cujusjudicioleges
1314 1539 1521 1595 scribebantur.
1541 1539 1688 1595 Scribacx
1711 1538 1851 1610 oreregis

97 1626 190 1678 meret
206 1620 263 1676 sibi
278 1621 419 1692 populum
441 1620 656 1691 acceptabilem,
677 1627 844 1679 sectatorem
858 1624 947 1679 bono·
969 1627 1089 1718 Bverbo
1105 1627 1292 1683 describebat.

97 1725 309 1782 rumoperum.
327 1709 417 1763 nsum
433 1713 529 1763 autem
543 1708 672 1779 ejusdem
687 1710 949 1781 populihominem
1041 1718 1121 1771 Vsus.
1152 1719 1194 1771 tr.
1223 1746 1258 1756 -
1287 1716 1457 1772 Sacerdotes.
1490 1716 1627 1771 Sacerdos
1657 1715 1740 1787 quasi
1772 1731 1852 1771 muer

99 1797 284 1855 bomiuicum
299 1795 497 1868 intelligimus,
522 1812 609 1868 quem
637 1798 672 1853 de
691 1800 824 1871 AEgypto,
852 1800 949 1869 idest,
1004 1804 1071 1860 dux.
1094 1805 1156 1860 litii
1171 1809 1267 1861 autem
1289 1805 1376 1861 David
1400 1805 1536 1860 ducatum
1551 1805 1696 1861 hebebant
1721 1804 1752 1860 in
1773 1804 1851 1860 tribu

99 1887 209 1943 mundo
227 1902 280 1957 per
294 1889 410 1940 uterum
426 1884 548 1957 virginis
562 1885 733 1957 assumpsit.
1003 1891 1016 1944 Ι
1021 1890 1085 1946 uda.

130 1978 177 2031 En
192 1974 333 2044 AE'pppto.
348 1974 436 2029 Geute
452 1977 481 2027 et
496 1974 555 2027 Deo
570 1973 638 2045 ejus
652 1975 696 2028 vel
717 1978 802 2046 gente
816 1978 844 2030 at
858 1976 950 2033 Deum
1040 1979 1132 2051 (llas.)
1154 1980 1326 2036 desidebant
1353 1981 1415 2050 regi
1434 1980 1625 2037 custodientes
1651 1996 1755 2052 corpus
1777 1979 1851 2051 ejus,

99 2064 169 2134 eius,
197 2066 318 2134 gentem
338 2061 436 2128 lsrael,
452 2064 482 2116 et
510 2061 601 2116 Deum
620 2060 683 2132 ejus
696 2062 808 2134 Moysen
832 2063 868 2120 de
892 2080 951 2137 quo
1004 2071 1033 2121 et
1057 2068 1284 2139 interpretantur
1306 2069 1498 2138 interficientes
1519 2075 1548 2125 et
1569 2071 1750 2138 vivificantes,
1777 2084 1851 2140 quo·

100 2151 239 2207 venalitati
253 2154 281 2206 te
295 2153 380 2206 Deum
392 2149 549 2205 Ptoroonts
559 2147 659 2220 (Ennii.
676 2150 737 2222 ru).
1005 2155 1083 2211 niam
1098 2158 1255 2212 secundum
1266 2156 1409 2227 judicium
1424 2173 1524 2212 eorum
1539 2157 1619 2228 digni
1633 2157 1853 2214 reservabantur

130 2241 214 2294 vans.
250 2240 296 2294 27.
323 2267 358 2279 -
380 2238 492 2294 Iuoeuit
520 2251 628 2295 seruus.
656 2237 733 2295 Nihil
760 2239 844 2295 corda
867 2241 950 2312 fuga·
1004 2244 1147 2313 advitam,
1160 2245 1211 2300 alii
1222 2245 1401 2300 ducebantur
1414 2246 1449 2300 ad
1465 2250 1600 2301 mortem.

100 2328 166 2396 cius,
182 2327 264 2399 quod
288 2325 436 2381 invenitur
448 2341 516 2381 cum
538 2341 592 2398 per
604 2325 806 2384 discretionem
832 2330 950 2385 restriu-
1340 2350 1453 2407 ggpup
1473 2351 1516 2405 px,

103 2415 185 2486 situr·
1040 2438 1464 2506 vaist-meranensis,
1488 2437 1851 2510 tutamentum..

423 2500 536 2557 CAPUT
553 2502 624 2558 vm·
1004 2531 1076 2581 tom.
1099 2527 1160 2594 ΙΙΙ.)
1184 2528 1252 2582 Ecce
1268 2527 1354 2582 David
1371 2543 1430 2581 uon
1455 2532 1498 2582 est
1513 2526 1618 2581 oblitus
1639 2526 1796 2598 juramenti
1824 2531 1853 2580 et

133 2592 230 2688 Yf¹⁵2
250 2593 276 2645 ¹·
317 2619 352 2629 “
398 2591 527 2646 ΜΝ·
555 2590 687 2661 ΟΠῘΠΨῙΘ
714 2591 841 2647 &Vim
869 2599 951 2650 ΜΝ
1004 2614 1118 2670 lauderis
1134 2617 1210 2687 quod
1232 2632 1297 2670 cum
1322 2616 1445 2671 Jonatba
1472 2615 1592 2688 pepigit,
1621 2622 1686 2682 etc,
1711 2629 1795 2685 usque
1815 2613 1853 2669 od

101 2678 342 2733 Phllssffifflfflm
358 2694 423 2749 ‘1⁰⁸2
437 2679 572 2733 ¹³f⁸⁰¹0ffl
587 2679 772 2734 ilibum'ium
796 2680 947 2739 ficiebam·
1005 2703 1073 2775 quia
1087 2704 1117 2758 in
1134 2704 1357 2759 admirationem
1380 2704 1483 2774 populi
1496 2704 1616 2758 veniunt
1630 2703 1680 2775 qui
1704 2717 1797 2774 nuper
1820 2703 1851 2757 in

80 2776 83 2784 '
102 2765 154 2822 llas
168 2766 239 2821 tulit
253 2765 309 2821 sibi
321 2765 408 2821 David
422 2770 451 2820 et
464 2764 532 2822 iecit
545 2765 719 2836 tributarias,
737 2768 811 2825 sicut
824 2769 948 2840 legitur:
1004 2792 1114 2847 mundo
1129 2792 1254 2864 despecti
1268 2793 1298 2847 in
1316 2792 1436 2847 Ecclesia
1449 2798 1587 2864 apparent
1599 2791 1726 2862 moriosi-

101 2855 244 2911 Percussit
263 2854 356 2909 buutd
368 2855 546 2920 robertum,
561 2859 588 2909 et
598 2855 754 2912 bumilioott
770 2873 824 2924 eor,
848 2862 874 2914 et
887 2860 951 2914 totu

102 2944 166 2998 eset
188 2946 217 2997 et
245 2940 322 3012 filies
342 2942 400 3011 eiua
420 2940 452 2995 de
478 2956 562 2997 mauu
586 2955 687 3010 mrum,
718 2946 771 2997 etc.
802 2943 827 3014 (Ι
852 2946 985 3022 Parate
1345 2916 1459 2972 CAPUT
1478 2917 1508 2972 Χ·

101 3032 185 3099 ruri.)
1042 3026 1122 3080 Vnus.
1153 3028 1178 3092 l,
1201 3027 1228 3079 2.
1257 3052 1293 3065 -
1320 3025 1431 3079 Factum
1454 3027 1494 3079 ert
1527 3027 1618 3078 cutem
1640 3027 1702 3092 post
1730 3022 1794 3089 trec,
1822 3025 1853 3076 ut

130 3119 265 3175 Freuurn.
290 3116 420 3174 Christus
442 3117 478 3172 de
506 3116 597 3172 aereis
621 3119 811 3189 potestatibus
845 3120 952 3177 trium-
1004 3117 1152 3170 moreretur
1177 3128 1227 3168 reu
1253 3113 1372 3183 fitiorum
1396 3115 1523 3178 Ammon,
1550 3116 1615 3179 etc„
1648 3113 1766 3179 Faciam,
1796 3116 1851 3168 etc.

101 3207 202 3279 phana,
219 3205 336 3261 frenum
351 3205 458 3260 erroris
470 3205 547 3276 quod
560 3206 688 3262 humano
696 3208 795 3277 generi
810 3207 952 3281 imposue-
1005 3201 1277 3274 tllltlotlioussndo
1304 3200 1390 3256 [hvid
1417 3200 1492 3271 fugit
1514 3217 1531 3255 ἃ
1557 3200 1629 3255 facie
1659 3198 1744 3254 debit
1776 3199 1853 3271 [θεῖε

101 3294 329 3365 rautconlregit.
1005 3292 1087 3358 Geth,
1116 3290 1196 3345 veuit
1236 3289 1272 3345 ad
1298 3290 1370 3344 Naas
1409 3304 1508 3359 regem
1536 3290 1671 3354 Ammon,
1712 3287 1763 3358 qui
1785 3287 1853 3343 lecit

134 3384 217 3438 Vsus.
233 3384 261 3437 2.
278 3411 310 3423 -
327 3381 489 3451 coequos.
505 3380 804 3438 Nouenimbomines
824 3384 855 3439 in
876 3389 953 3441 terra
1004 3383 1128 3435 cum'eo
1155 3376 1390 3433 misericordiam.
1422 3378 1460 3432 lle
1489 3377 1561 3432 Naas
1586 3376 1683 3447 itaque
1712 3376 1788 3431 venit
1816 3375 1852 3431 ad

101 3474 225 3528 virentes
239 3470 386 3525 intantum
402 3468 652 3539 thumiliabantur,
683 3474 714 3524 ut
745 3470 873 3527 iuniculo
901 3489 951 3527 su·
1005 3468 1170 3539 speluncam
1195 3465 1335 3522 odollam.
1364 3464 1412 3520 ubi
1442 3468 1582 3520 venerunt
1610 3465 1646 3520 ad
1676 3481 1741 3519 eum
1770 3468 1852 3535 pater

102 3578 149 3632 per
163 3563 284 3614 extenso
311 3562 397 3613 terrie
424 3562 597 3629 apparerent
624 3558 775 3630 aquales:
804 3560 854 3615 sad
880 3560 951 3616 adeo
1005 3557 1067 3628 ejus
1079 3562 1108 3610 et
1132 3560 1233 3624 mater,
1261 3552 1516 3609 etomnisdomus
1541 3554 1625 3624 ejus:
1653 3552 1721 3607 inde
1749 3567 1850 3623 perre-

101 3647 168 3702 riles
184 3651 215 3701 et
227 3645 398 3717 contempti,
414 3649 447 3701 ut
467 3645 499 3700 in
512 3646 592 3702 nullo
620 3646 685 3719 plus
708 3647 847 3716 valerent,
863 3665 952 3720 qiram
1005 3645 1048 3701 nit
1080 3644 1115 3699 ad
1144 3643 1235 3710 ldoab,
1269 3647 1298 3697 ct
1324 3641 1433 3697 dimisit
1463 3642 1539 3712 apud
1574 3657 1641 3696 eum
1677 3645 1790 3711 patrem
1824 3647 1853 3697 et

101 3739 255 3806 terraque
285 3734 380 3790 nullos
406 3733 538 3789 homines
557 3733 652 3790 habet.
669 3733 838 3790 Funiculum
854 3742 952 3793 autem
1005 3738 1125 3788 matrem
1140 3737 1169 3786 et
1187 3746 1304 3785 omnem
1319 3730 1438 3785 domurn
1464 3745 1554 3784 suam.
1582 3728 1662 3794 Quod
1691 3745 1756 3784 vero
1782 3728 1853 3784 dixit

101 3839 149 3897 pro
173 3827 253 3878 sorte
281 3821 394 3893 posuit;
422 3821 491 3892 quia
519 3821 647 3876 funiculo
676 3820 750 3878 solet
776 3824 949 3893 mensurari,
1003 3819 1148 3875 Acbisrex
1178 3819 1272 3874 Geth:
1290 3820 1341 3872 llic
1362 3828 1395 3871 rte
1423 3815 1595 3884 inpredr'etur
1615 3815 1723 3870 domum
1745 3816 1851 3871 meam?

102 3909 258 3967 meandum
275 3908 347 3964 illud
364 3925 372 3963 :
387 3913 413 3964 et
426 3908 605 3965 sortedtm'stt
618 3910 656 3963 eis
669 3913 770 3965 terrum
785 3912 951 3978 tumultuin
1004 3907 1083 3962 Abiit
1105 3905 1169 3960 tudo
1198 3905 1291 3960 Deoid
1317 3908 1342 3958 et
1369 3904 1444 3971 rupit
1479 3904 1508 3956 tn
1542 3903 1697 3971 speluncam
1727 3901 1851 3958 Odottum

104 3997 404 4066 distributiouiail’sol.
433 3997 547 4063 nxxvu).
574 3996 722 4068 Significat
749 4003 845 4053 autem
873 3999 951 4070 quod
1005 3992 1030 4064 (Ι
1044 3996 1107 4062 neq.
1124 3992 1190 4063 xxi),
1219 3990 1450 4045 subaudiendum
1478 3989 1512 4043 de
1528 3988 1614 4044 domo
1631 3988 1711 4043 Naas.
1728 3988 1851 4059 Siqua·

106 4091 157 4138 tam
170 4082 262 4137 libere
275 4080 408 4152 regiones
432 4080 632 4149 Moabitarum,
652 4081 757 4153 quibus
779 4081 864 4137 vellet
878 4082 950 4138 divi·
1004 4086 1084 4135 ratur
1098 4095 1149 4134 cur
1164 4079 1200 4133 ad
1221 4078 1306 4133 Achis
1320 4076 1448 4143 redierit,
1464 4092 1549 4148 quern
1571 4077 1650 4147 prius
1664 4076 1785 4146 lugeret.
1804 4075 1849 4130 in·

106 4169 191 4240 deret,
206 4184 296 4242 quam
306 4183 453 4240 possessor
464 4184 549 4240 agros
558 4169 701 4242 proprios.
1005 4166 1194 4237 telligcndum
1215 4170 1258 4220 est
1293 4164 1411 4220 eumad
1440 4179 1528 4234 qrrern
1543 4163 1628 4218 rediit
1648 4163 1735 4219 luisse
1755 4163 1849 4219 litium

137 4258 229 4330 titan.)
258 4256 407 4328 Siguilloat
434 4261 533 4311 autem
549 4256 618 4328 quia
643 4272 714 4329 quos
745 4257 834 4313 voluit
857 4259 987 4330 potuitn
1006 4257 1068 4327 ejus
1084 4271 1170 4328 quern
1182 4253 1265 4327 legit.
1287 4253 1407 4309 Undein
1420 4253 1606 4324 sequentibus
1617 4252 1652 4307 de
1670 4252 1766 4321 Aeliis,
1782 4268 1847 4308 cum

109 4345 240 4412 occidere,
255 4349 284 4400 et
293 4344 398 4415 quibus
411 4344 503 4400 voluit
512 4344 604 4416 potuit
614 4359 742 4416 parcere.
759 4345 840 4411 Quod
855 4352 952 4403 autem
986 4361 1061 4416 ¹(pro
1091 4344 1282 4399 descendebat
1309 4342 1339 4398 in
1367 4343 1500 4415 praelium
1536 4341 1612 4397 lilius
1646 4342 1732 4397 luisse
1776 4340 1848 4397 dici-

111 4433 191 4502 !oab,
222 4433 273 4506 qni
296 4433 504 4506 interpretatur
526 4450 561 4489 eu
582 4438 673 4505 putre,
702 4439 730 4490 et
757 4434 869 4506 Syriam
893 4437 951 4492 Da·
1004 4437 1052 4487 tur
1064 4432 1173 4488 daocb.
1190 4432 1250 4486 Non
1265 4432 1370 4487 enimn
1386 4431 1540 4503 patre-boc
1553 4431 1784 4502 patronymicum
1799 4429 1849 4485 sed

111 4524 188 4580 nasci
200 4528 230 4579 et
243 4528 362 4579 caeteras
378 4523 512 4594 regiones
535 4523 699 4579 tributarias
719 4523 794 4592 lecit,
811 4524 952 4595 significat
1004 4526 1125 4577 amatre
1141 4520 1273 4593 sumpsit,
1289 4537 1354 4593 ques
1367 4521 1481 4576 blancha
1492 4519 1654 4575 vocabatur.

113 4611 178 4680 quod
192 4609 325 4667 Christus
340 4625 440 4665 omnes
466 4615 566 4682 gentes
589 4611 642 4666 sub
675 4610 871 4667 dominatione
899 4629 952 4668 sua
1040 4611 1120 4666 Vsus.
1136 4611 1163 4666 Ι.
1180 4641 1213 4650 -
1230 4611 1303 4666 tulit
1331 4612 1423 4681 itopue
1440 4610 1541 4664 Hauon
1566 4623 1655 4664 aereos
1681 4607 1785 4676 Dauid,
1799 4623 1848 4663 ro·

116 4703 190 4766 unet,
204 4701 235 4754 et
246 4696 365 4770 premit,
382 4702 411 4753 et
424 4713 545 4754 censum
558 4699 702 4754 bonorum
713 4716 835 4771 operum
851 4700 948 4772 exigit.
1002 4700 1092 4769 sitque
1109 4698 1231 4766 borbum,
1247 4703 1300 4753 etc.
1327 4697 1418 4769 (uia,
1434 4713 1467 4752 ex
1488 4697 1588 4767 Euch.)
1603 4696 1772 4767 Significant
1789 4697 1849 4752 haec

52 4830 54 4851 ,
114 4785 255 4845 damascus
275 4787 353 4843 enim
369 4788 473 4843 nobilis
495 4788 565 4843 urbs
589 4787 731 4844 Pboenicis
747 4789 848 4845 eodem
865 4805 950 4846 vora-
1003 4785 1111 4842 bellum
1141 4785 1246 4841 diaboli
1274 4791 1374 4840 contra
1411 4784 1571 4840 Ecclesiam.
1612 4785 1711 4839 Hauon
1757 4784 1847 4855 euim,

52 4854 54 4931 i
113 4871 239 4949 boloque
254 4882 284 4932 et
310 4876 418 4932 llasetb
444 4875 556 4932 ancillas
582 4877 703 4933 Abrahae
730 4877 808 4933 lilius
835 4877 949 4948 dicitur,
1003 4873 1100 4941 idest,
1129 4874 1211 4930 dolor
1237 4889 1345 4942 eorum,
1362 4873 1508 4928 diabolum
1531 4871 1683 4944 significat,
1702 4870 1752 4943 qui
1779 4874 1844 4926 Am·

52 4968 54 4979 '
115 4967 137 5017 rt
160 4965 371 5037 iuterpretatur
405 4967 548 5034 sauguinis
586 4965 722 5036 poculum.
766 4965 847 5037 Syria
882 4982 950 5023 vero
1004 4961 1189 5029 munitarum,
1214 4962 1306 5016 idest
1330 4961 1521 5033 malignorum
1545 4959 1709 5031 spirituum.
1736 4959 1765 5016 id
1795 4964 1847 5028 est,

113 5053 224 5109 tetlimt'a
264 5052 308 5106 rel
337 5052 475 5119 bumectn;
506 5067 571 5124 quae
600 5052 678 5107 enim
706 5051 785 5124 prius
816 5054 951 5111 humecta
1002 5056 1095 5106 rector
1109 5051 1210 5124 populi
1224 5050 1395 5107 moeroriset
1409 5065 1523 5121 semper
1543 5048 1573 5103 in
1594 5048 1848 5120 angustiaconsti-

115 5133 218 5196 libidine
233 5139 406 5212 sanguinem
426 5139 587 5195 humanum
600 5139 811 5211 inexplebiliter
825 5140 948 5211 sitiebat,
1002 5140 1067 5204 tuti,
1094 5140 1145 5212 qui
1162 5139 1351 5210 comprimere
1365 5139 1408 5193 vel
1434 5138 1596 5209 angustiare
1624 5138 1755 5195 homines
1773 5138 1849 5194 desi·

52 5224 54 5305 Ι
114 5239 176 5284 nunc
194 5228 336 5284 mundata
349 5226 493 5300 baptismo
521 5228 636 5297 Christi,
658 5227 790 5284 sublimis
817 5228 950 5301 proiectu
1002 5229 1092 5284 derat.
1114 5229 1199 5285 lladit
1213 5243 1281 5298 ergo
1297 5228 1396 5282 Hauon
1410 5227 1530 5282 barbam
1547 5227 1698 5295 dimidiam
1727 5227 1844 5283 nuutio-

52 5320 54 5325 '
115 5312 249 5385 virtutum,
267 5315 417 5388 sanguinis
439 5316 501 5387 ejus
520 5317 656 5388 poculum
672 5315 823 5373 desiderat.
1002 5332 1069 5372 rum
1097 5316 1194 5387 David,
1221 5331 1285 5371 cum
1314 5315 1444 5372 diabolus
1470 5315 1662 5388 quorumdam
1676 5316 1845 5388 predicato-

140 5404 214 5460 lxm.
241 5407 284 5460 ll.
306 5434 342 5446 ·-
355 5403 546 5476 Sanctitteoott
572 5421 632 5461 ren.
657 5404 703 5461 Sic
730 5404 858 5461 cbristus
884 5420 948 5461 oux·
1002 5422 1067 5462 rum
1094 5421 1254 5461 sermonem
1293 5405 1337 5462 vel
1366 5404 1613 5461 conversationem
1634 5405 1846 5477 corrumpendo

113 5501 236 5565 ωψσε
250 5490 287 5549 da
310 5490 444 5564 gentibus
472 5496 621 5563 convocat,
637 5491 719 5561 alios,
746 5491 829 5565 quasi
842 5508 947 5551 aurum
1003 5495 1135 5549 maculat.
1166 5493 1297 5550 Praecidit
1321 5493 1432 5549 tunicas
1456 5509 1546 5566 usqua
1570 5492 1606 5548 ad
1619 5492 1750 5567 inguina,
1781 5509 1846 5549 cum
