3892 6106
93 253 147 306 sor
399 221 402 226 ’
632 250 761 307 ocosse
779 251 980 307 caninium.
1000 280 1037 293 -
1056 253 1120 307 nra.
1146 251 1157 305 ι
1176 250 1314 307 asnaa.
1801 258 1854 311 ms

130 375 243 443 (Bana,
264 375 346 446 ibid.)
369 380 536 430 Artaxerxes
561 374 606 428 cui
634 374 769 429 suadetur
795 380 824 429 et
851 390 951 429 suasus
969 373 1054 442 Acir,
1069 373 1119 446 qni
1133 379 1176 429 est
1190 373 1267 428 fitius
1279 373 1406 440 tosedec,
1421 372 1505 429 idest
1520 373 1634 429 Domini
1645 375 1728 446 justi,
1741 376 1777 431 de
1794 393 1853 449 quo

91 463 286 536 praecepitne
308 462 464 518 Jerusalem
486 462 653 528 aedificetur,
670 466 735 528 etc,
751 462 948 532 usqueodde·
1003 463 1108 518 dicitnr
1136 478 1143 518 ε
1170 464 1302 517 Dominus
1333 462 1425 532 justus
1449 463 1570 518 succidet
1591 468 1705 519 ceruices
1730 471 1855 535 peccato-

93 566 158 605 nno
177 551 319 621 superatis
341 550 471 604 hostibus
495 550 545 622 qni
569 549 700 620 proxima
718 550 855 605 tenebant
876 551 947 616 loca,
1002 567 1076 620 rum,
1092 556 1145 606 etc.
1163 552 1248 621 (Psoi.
1265 556 1327 621 xri.)

93 638 303 709 possederunt.
1039 640 1125 694 Vens
1142 643 1168 695 3.
1185 667 1216 680 -
1232 641 1264 694 lu
1277 642 1346 709 ipso.
1371 641 1433 704 tiu,
1449 637 1531 709 ibid.)
1544 640 1625 694 Patet
1638 639 1735 713 littera
1750 645 1853 707 textus,
1895 682 1898 687 .

134 728 218 782 Vsus.
236 727 281 783 tt.
300 758 334 767 —
349 729 491 782 Lusiones.
508 726 580 791 Quia
591 730 740 798 nequeunt
753 727 882 794 sufferre,
899 725 950 797 qtri
1004 728 1071 799 qnia
1082 727 1232 783 confortati
1247 727 1341 782 verbis
1352 727 1568 798 prophetarum,
1578 728 1732 798 optimates
1746 729 1858 785 Judoeo-

96 831 225 886 regnum
248 814 353 869 diaboli
380 820 521 868 conantur
545 814 727 885 impugnare,
753 815 855 869 tinient
875 813 951 869 heila
1003 832 1067 871 rum
1082 832 1143 870 nou
1165 821 1323 888 potuerunt
1336 815 1463 870 hostiurn
1478 815 1711 871 intestationibus
1725 833 1742 871 a
1756 821 1855 872 sancto

95 903 237 959 concitari
260 903 291 957 in
315 903 448 969 Ecclesia,
465 919 501 956 ne
528 903 651 957 hareses
674 902 834 958 etinllacioe
850 917 950 957 eornm
1004 920 1091 974 opere
1101 904 1358 976 praepeditusque
1368 903 1581 976 quiescentibus
1591 904 1685 958 adhuc
1694 905 1855 975 prophetis,

95 1007 165 1046 etim
182 991 318 1062 dogmate
346 991 498 1061 gentilium
522 991 710 1055 debellentur,
732 991 804 1045 dirce
829 990 879 1044 ilio
899 989 951 1061 qui
1003 993 1108 1048 timore
1132 993 1259 1048 hostiurn
1285 996 1476 1057 cessaverunt,
1501 991 1574 1046 sicut
1596 1007 1671 1045 nunc
1687 992 1714 1045 in
1732 991 1856 1047 Ecclesia

96 1080 140 1133 ait
157 1096 164 1134 :
179 1081 239 1135 Non
253 1082 317 1133 oeni
328 1095 422 1149 pacem
436 1082 550 1142 mittere,
567 1078 865 1146 sedptodiumtdiottt.
882 1078 949 1147 xri.)
1003 1080 1123 1152 geritur,
1140 1082 1210 1136 dum
1234 1081 1265 1135 hi
1279 1079 1329 1151 qui
1351 1079 1546 1150 malignorum
1562 1079 1727 1151 spirituum,
1742 1079 1786 1133 vel
1800 1079 1853 1133 ho-

97 1170 132 1222 Et
148 1168 448 1234 iterumztmemuem
458 1169 602 1222 mittemini
613 1173 713 1222 ιθπαηι
724 1166 798 1236 (Euo.
809 1165 871 1236 ιη),
883 1170 949 1232 etc,
1005 1169 1116 1224 minum
1140 1169 1249 1224 insidiis
1280 1168 1426 1236 retardati,
1456 1168 1596 1223 tardiores
1631 1167 1785 1239 aliquando
1819 1166 1855 1222 ad

96 1255 241 1328 gladium,
257 1255 374 1322 scilicet,
389 1255 469 1310 rerhi
495 1255 545 1310 ilci
565 1271 623 1327 quo
636 1254 813 1309 adversarios
832 1259 949 1320 sternat,
1004 1274 1077 1330 opus
1102 1259 1208 1312 honum
1227 1258 1355 1323 fuerunt,
1381 1262 1498 1329 repente
1521 1257 1615 1312 verbis
1636 1257 1784 1311 doctorum
1810 1256 1857 1311 val

97 1344 372 1417 ignemchacitatis,
388 1360 446 1416 quo
475 1360 593 1398 snorum
608 1343 694 1398 corda
707 1343 865 1398 accendens
887 1359 950 1397 om·
1003 1346 1167 1402 divinarum
1193 1346 1403 1417 Scripturarnm
1441 1345 1575 1416 correpti,
1604 1344 1690 1399 nuliis
1719 1343 1855 1398 tentatio·

97 1435 151 1489 nia
165 1433 316 1488 contraria
331 1438 414 1487 sectoe
429 1449 509 1487 arma
523 1437 551 1486 et
567 1435 647 1486 scuta
660 1433 817 1487 comburat.
1003 1451 1073 1490 num
1100 1433 1240 1488 machinis
1259 1438 1379 1503 possunt
1393 1431 1478 1499 vinci,
1494 1433 1538 1487 vel
1560 1448 1577 1486 a
1598 1429 1744 1502 proposito
1759 1429 1857 1485 inteu-

137 1522 273 1588 Quonium
282 1520 358 1576 urbs.
374 1520 459 1592 (Bnoa
478 1521 526 1574 ubi
539 1521 648 1590 supro.)
661 1519 718 1591 Ipsi
730 1520 827 1574 hostes
845 1519 950 1574 iterum
1004 1523 1094 1577 tionis
1105 1523 1239 1578 revocari.

99 1609 265 1666 decivitate
286 1609 401 1663 Domini
422 1609 605 1674 confitentur,
633 1613 699 1675 etc,
718 1623 803 1679 usquc
816 1608 853 1662 cd
867 1607 895 1663 id
909 1610 952 1662 est
1042 1613 1124 1666 Vens.
1140 1612 1168 1665 i.
1194 1642 1226 1651 -
1243 1610 1289 1665 Ad
1304 1609 1377 1680 quod
1398 1608 1586 1678 respondimus
1614 1609 1674 1678 (ln,
1699 1604 1781 1676 ibid.)
1805 1603 1857 1658 Vi-

100 1698 317 1754 iuohoationem
340 1700 368 1751 et
391 1696 595 1767 perfectionem
609 1696 753 1751 bonorum
776 1697 833 1751 Deo
856 1711 874 1750 a
896 1711 954 1767 quo
1009 1699 1155 1770 deturqui
1171 1699 1224 1754 hoc
1238 1698 1351 1769 scripsit
1375 1713 1502 1769 praesens
1525 1696 1650 1762 siluisse,
1675 1711 1741 1750 cum
1757 1693 1858 1749 Eadm

100 1791 274 1857 acceperant
288 1785 360 1840 bene
376 1785 496 1839 vivendo
517 1790 546 1839 et
565 1785 671 1855 gratias
685 1784 796 1856 agendo
815 1785 952 1838 referunt.
1010 1789 1121 1844 dicatur
1143 1787 1300 1858 scripsisse,
1315 1786 1367 1858 qui
1387 1802 1444 1841 non
1461 1791 1530 1840 tnnc
1552 1783 1736 1863 ierosolymis
1757 1781 1857 1850 fnisse,

138 1877 222 1930 Vsus.
248 1877 288 1929 tc.
319 1905 354 1913 -
382 1876 471 1928 Trous
490 1875 613 1942 fluuium.
637 1873 811 1943 Euphratem
836 1872 954 1933 scilicet.
1010 1877 1058 1931 sed
1089 1877 1179 1930 inulto
1207 1880 1281 1947 post,
1309 1878 1448 1946 regnante
1471 1876 1635 1938 Artaxerxe,
1658 1872 1726 1926 illuc
1746 1869 1859 1926 venisse

100 1964 181 2020 intra
196 1978 284 2035 quem
299 1961 381 2033 Syria
395 1967 448 2025 cst,
464 1962 514 2033 qui
526 1961 702 2033 baptismum
717 1961 869 2032 significat,
887 1960 956 2031 quia
1010 1964 1161 2035 reperitur.
1186 1967 1243 2019 Aut
1257 1980 1326 2035 ergo
1341 1969 1410 2018 tuuc
1434 1978 1501 2017 vere
1514 1963 1554 2017 ihi
1577 1962 1641 2027 fuit,
1655 1965 1684 2015 et
1696 1960 1771 2015 facto
1785 1963 1858 2014 tem·

103 2069 180 2107 unns
195 2056 240 2106 est
254 2051 290 2107 de
305 2056 429 2122 quatuor
446 2050 616 2105 fluminibus
626 2050 763 2121 paradisi,
787 2049 838 2120 qui
861 2054 954 2104 totum
1009 2054 1059 2123 pto
1080 2053 1263 2124 Babyloniam
1287 2052 1380 2121 rediit,
1409 2057 1443 2106 ut
1464 2051 1561 2123 plnres
1589 2051 1624 2106 de
1647 2048 1714 2104 tiliis
1730 2047 1814 2103 lsrael
1829 2046 1860 2101 iu

102 2139 207 2195 orbem
231 2139 364 2210 irrigant,
388 2139 461 2192 sicut
482 2142 609 2209 quatuor
631 2137 812 2208 evangelistas
837 2137 871 2192 ab
897 2153 956 2192 1¹⁰⁰
1009 2143 1165 2200 Jerusalem
1190 2141 1349 2205 reduceret,
1384 2144 1434 2193 aut
1464 2154 1495 2193 se
1520 2137 1729 2193 aedilicantihns
1750 2133 1860 2206 jungit,

101 2228 182 2284 toute
207 2228 283 2288 vitae,
311 2227 403 2282 idest
426 2226 537 2283 Christo
565 2226 708 2297 inspirati,
737 2242 863 2282 consona
890 2242 956 2280 voco
1011 2232 1092 2307 quasi
1107 2246 1192 2285 suum
1215 2229 1251 2284 sit
1267 2228 1344 2300 quod
1371 2243 1440 2298 erga
1462 2228 1565 2281 fratres
1586 2227 1691 2297 agitur,
1717 2224 1766 2278 vei
1782 2222 1861 2295 qnod

101 2316 217 2372 cunctis
227 2315 363 2387 gentibus
375 2316 520 2370 lavacrum
533 2315 633 2369 salutis
645 2316 813 2386 pradicant,
828 2316 872 2370 vel
888 2315 957 2386 quia
1010 2321 1065 2393 ipsi
1082 2322 1180 2391 agunt,
1196 2317 1269 2372 sicut
1290 2315 1442 2387 Apostolus
1457 2314 1498 2369 ait
1514 2331 1521 2369 :
1537 2314 1598 2369 Nos
1612 2314 1798 2383 quiuiuimus,
1813 2312 1862 2380 qui

101 2404 266 2475 Eubhffllffi
283 2403 623 2474 frutistrissltillll‘tafflf
638 2419 646 2457 ἵ
662 2403 741 2474 q⁰⁰d
760 2404 894 2475 ⁰⁰1¹8r¹111
908 2419 955 2457 ⁸⁸·
1010 2409 1114 2465 residui
1131 2423 1223 2463 sumus
1244 2408 1275 2460 in
1297 2405 1416 2460 aduentu
1441 2405 1550 2458 Domini
1576 2417 1630 2456 nou
1653 2402 1861 2472 preveniemus,

101 2497 253 2565 egemonio
266 2508 324 2564 quo
336 2492 413 2547 orbis
438 2492 552 2547 ablutus
576 2495 603 2546 et
624 2491 816 2546 sanctificatus
830 2491 956 2546 fructum
1011 2505 1064 2555 etc,
1082 2500 1105 2568 (1
1116 2498 1193 2552 Thes.
1205 2496 1254 2565 ru).

104 2581 283 2648 animarum,
294 2581 481 2649 tricesimum,
497 2580 708 2651 sexagesimum
724 2584 753 2634 et
766 2579 957 2635 centesimum
1046 2589 1129 2642 vens,
1149 2590 1175 2638 6.
1198 2612 1233 2624 -
1256 2581 1407 2651 Exemplar
1420 2581 1539 2651 epistota
1553 2578 1617 2648 (tn,
1640 2576 1723 2645 idid.)
1740 2574 1861 2630 idulium

105 2672 166 2725 ⁰⁰⁰
183 2669 286 2740 dignil-
1012 2674 1158 2733 dissimilis
1175 2677 1218 2727 est
1240 2671 1302 2726 hac
1316 2670 1435 2741 epistota
1456 2668 1509 2734 itti,
1526 2672 1592 2733 ete,
1606 2664 1743 2735 usquead
1758 2667 1787 2717 et
1800 2666 1861 2716 tan·
1899 2720 1902 2725 ,

142 2757 226 2811 Vns·
257 2759 298 2811 Π·
330 2758 448 2813 Verbum
472 2759 549 2812 miii!
571 2772 620 2815 rex
646 2756 684 2812 ad
715 2759 799 2813 stetim
818 2755 956 2812 Beelietm·
1013 2766 1079 2820 dcm
1102 2765 1304 2833 cognoscentes
1336 2758 1412 2829 qnod
1436 2757 1490 2812 hoo
1513 2755 1603 2811 alteo
1627 2753 1691 2808 coeli
1712 2757 1740 2807 et
1766 2756 1863 2818 terrae,

106 2843 573 2916 (onaubisuprn.)Qnae1-itrex
595 2847 755 2910 Pemfflffls
784 2848 851 2913 0le
875 2859 960 2914 mitit
1013 2852 1064 2924 qui
1079 2853 1156 2906 solus
1179 2864 1245 2903 vere
1264 2852 1307 2902 est
1335 2849 1420 2915 Dens,
1436 2845 1578 2916 originem
1601 2841 1732 2912 sumpsit,
1756 2837 1863 2894 sacrifl-

106 2931 145 2984 Μ
169 2930 221 3002 qui
244 2932 396 2987 Ecclesiam
419 2937 634 3004 persequuntur
654 2931 957 3004 etprohihentaediti·
978 2941 1063 2999 Gciis
1089 2941 1150 3011 ejus
1182 2935 1406 3000 communicant,
1442 2939 1470 2989 et
1506 2931 1661 2989 aedificium
1685 2930 1785 3001 juvare
1813 2928 1863 2982 lae·

105 3035 177 3074 0²¹7·
1012 3032 1119 3083 tantur.

144 3107 471 3165 Hmumcressomcriae.
496 3109 631 3165 Habitant
658 3110 754 3165 hostes
767 3106 958 3179 tarosotymo-
1049 3117 1131 3170 Vsus.
1153 3116 1180 3169 8.
1204 3111 1309 3182 Lepide
1329 3110 1461 3180 impolito.
1483 3109 1545 3179 (ln,
1559 3105 1640 3176 ibid.)
1662 3106 1723 3161 rton
1746 3101 1863 3170 scilicet,

105 3211 174 3249 rum
198 3195 229 3249 5¹1
252 3194 391 3260 Samaria,
413 3212 479 3267 (1¹1ae
503 3198 709 3269 interpretatur
732 3196 871 3265 custodia,
899 3213 959 3252 nou
1013 3220 1100 3276 quem
1124 3199 1291 3273 impolitum
1314 3200 1493 3270 repererunt,
1510 3195 1560 3250 sed
1583 3193 1719 3266 potiendo
1741 3189 1863 3246 aedilicio

106 3284 185 3356 (1¹¹0d
200 3289 345 3355 ltroeceplss
373 3284 441 3339 fidel
459 3289 488 3340 ei
502 3285 630 3340 veritalis
654 3285 827 3346 θῦῠὶῡάἱθῐὶῒ,
853 3284 959 3356 quivi·
1013 3295 1193 3365 aptaverunt,
1207 3294 1271 3357 eto,
1284 3286 1419 3359 usquead
1439 3286 1510 3341 alter
1523 3281 1695 3339 idololatriae
1717 3280 1864 3349 mancipa-

106 3371 185 3427 sioni
199 3389 274 3426 verm
288 3373 366 3443 pacis
382 3373 524 3429 obstinate
538 3377 712 3445 repugnant,
727 3373 775 3427 sed
788 3372 857 3444 quia
871 3378 960 3428 custo
1012 3388 1058 3439 tus
1075 3380 1154 3437 nulla
1168 3377 1361 3451 spiritualium
1376 3375 1598 3430 architectorum
1613 3370 1766 3438 industria,
1781 3367 1863 3423 nitito

107 3461 187 3516 diam
200 3461 338 3515 virtutum
361 3476 450 3532 penes
466 3478 496 3515 se
512 3477 629 3516 manere
647 3462 765 3532 iactant
781 3475 846 3516 cum
861 3460 960 3514 adver-
1013 3471 1126 3543 pictatis
1141 3469 1217 3522 curru
1234 3464 1447 3521 deformitatem
1469 3461 1587 3531 agrestis
1600 3465 1629 3515 et
1643 3465 1766 3514 terrene
1780 3472 1863 3511 men-

106 3565 155 3604 sos
172 3549 277 3603 moenia
292 3550 370 3621 pacis
383 3565 434 3620 per
450 3549 585 3605 haeresim
600 3555 740 3621 pugnant.
1012 3559 1049 3614 ti,
1064 3561 1191 3613 exuerat,

143 3639 227 3694 Vffl·
245 3641 451 3708 ²³·-1W11‘0
469 3640 630 3709 exemplum·
657 3638 761 3709 ((ΒΕΜ,
777 3637 859 3708 ibid.)
879 3638 961 3692 Ρθῑθῒ
1048 3650 1085 3703 Et
1098 3649 1175 3714 liquo
1189 3648 1329 3714 poscuntur
1343 3645 1374 3697 in
1389 3641 1557 3712 parietibus,
1575 3653 1707 3709 opusque,
1731 3639 1786 3691 etc.
1802 3635 1864 3704 (Im,

108 3727 181 3782 ordo
196 3725 335 3795 historia,
359 3732 425 3792 etc,
450 3742 535 3797 usque
557 3727 595 3782 ud
618 3733 647 3782 ct
671 3743 718 3782 rex
734 3730 845 3783 tantum
860 3725 960 3799 prohi-
1013 3734 1095 3803 ihid.)
1109 3734 1198 3805 Ligna
1220 3747 1286 3803 quae
1306 3730 1341 3785 ad
1365 3733 1567 3784 oruamentum
1593 3726 1639 3780 vel
1665 3724 1867 3780 muninentnm

108 3815 220 3871 btti⁸⁵0l
234 3813 361 3870 ⁰⁰ss⁸trui
375 3813 529 3870 citililem·
1014 3822 1116 3894 templi
1136 3825 1294 3892 ponuntur,
1322 3817 1425 3873 eadem
1451 3820 1615 3870 sanctorum
1644 3813 1731 3867 vitam
1765 3811 1795 3866 iu
1819 3827 1866 3865 or·

1015 3916 1086 3966 natu
1097 3907 1226 3966 Ecclesiae
1243 3921 1329 3977 qnam
1344 3910 1373 3959 ct
1386 3903 1498 3974 lapides
1513 3901 1687 3972 designaut:
1711 3898 1866 3970 dequibus

454 3966 566 4022 CAPUT
586 3967 617 4021 V·
1016 3999 1121 4058 dicitnr
1137 4014 1144 4052 ε
1159 3994 1344 4052 Ensattobuni
1358 3991 1688 4062 omniotipucsituorum,
1704 3992 1758 4041 etc.

144 4091 389 4161 Proptetccerum,
422 4091 516 4157 (Enna,
542 4089 591 4146 tih.
622 4107 641 4145 η
669 4092 699 4145 iu
724 4089 852 4157 Esdram,
888 4094 958 4145 tom.
1352 4081 1465 4138 CAPUT
1483 4079 1527 4134 Vl·

110 4183 155 4250 11.)
168 4183 201 4236 ln
217 4179 297 4234 libris
309 4194 427 4234 ecorum
442 4178 555 4250 plenius
570 4178 706 4249 scriptum
731 4182 860 4243 estete..
876 4194 962 4250 usque
1046 4179 1128 4233 Vnus.
1146 4179 1171 4230 l.
1186 4204 1221 4215 —
1236 4175 1309 4228 Tunc
1333 4172 1433 4227 hortus
1453 4168 1539 4242 (Bana
1566 4169 1597 4221 in
1613 4165 1742 4231 Esdram,
1766 4163 1816 4218 lib.
1833 4180 1864 4229 u,

111 4270 149 4325 od
163 4267 319 4325 Zorohabei
342 4284 457 4340 qnoque
471 4273 500 4323 et
519 4268 610 4334 lesus,
636 4271 665 4322 et
689 4267 814 4338 populus
829 4267 880 4338 qui
894 4283 997 4338 cump
1016 4272 1088 4322 torn.
1106 4262 1304 4334 11.ltosephns
1329 4274 1436 4314 nomeu
1455 4256 1513 4313 loci
1532 4255 1563 4311 in
1587 4270 1643 4327 quo
1666 4253 1712 4308 hta
1732 4251 1797 4323 Cyri
1822 4250 1866 4305 iit·
1886 4310 1890 4317 ,

111 4360 152 4415 eis
167 4364 242 4429 erat,
256 4373 316 4413 non
328 4356 448 4412 minoris
465 4356 553 4412 inimo
567 4355 634 4413 tidei
648 4355 819 4428 probantur,
835 4356 884 4427 qui
897 4371 961 4427 pro-
1015 4361 1085 4411 terae
1100 4354 1158 4409 siut
1169 4352 1304 4416 inventas,
1318 4349 1358 4404 ita
1373 4347 1484 4420 posuit,
1507 4351 1536 4401 et
1556 4345 1690 4399 inventus
1708 4345 1751 4396 est
1772 4339 1802 4395 in
1817 4339 1866 4407 Eg·

110 4450 213 4520 phetas
231 4446 367 4520 jubentes
388 4445 481 4517 magis
499 4444 653 4501 audierunt
675 4460 763 4517 quam
781 4443 962 4516 prohibentis
1015 4442 1149 4500 hathonis
1169 4442 1333 4494 constructa
1361 4435 1433 4491 urhe
1454 4435 1485 4489 in
1508 4431 1626 4503 regione
1649 4429 1747 4485 Mediae
1766 4428 1871 4483 codex.-

111 4537 279 4610 imperinm.
1017 4533 1106 4588 Porro
1120 4529 1178 4585 alia
1192 4525 1341 4583 translatio
1350 4515 1390 4580 sic
1405 4523 1492 4579 habet
1508 4539 1515 4576 :
1530 4521 1563 4576 ln
1578 4520 1744 4591 Eghathana
1758 4517 1789 4572 in
1800 4514 1868 4571 aedi·

146 4628 232 4681 Vens.
258 4628 285 4679 2.
307 4654 342 4665 -
361 4623 505 4680 mehebel
525 4621 588 4692 (tu,
613 4621 696 4690 ibid.)
718 4620 803 4678 Ortus
824 4621 855 4676 iu
872 4620 962 4691 Baby·
1017 4620 1081 4676 ficio
1095 4616 1239 4675 tutissimo
1253 4614 1380 4686 regionis
1393 4612 1538 4668 Medorum
1553 4626 1561 4664 :
1575 4609 1652 4664 nude
1665 4602 1867 4676 videturquod

110 4717 190 4784 lone,
206 4718 273 4780 etc,
296 4710 649 4783 asqucodtlnusquisque
673 4709 760 4765 etiam
780 4725 845 4764 cum
872 4710 962 4765 ticum
1018 4701 1522 4772 nemenidedenanonatiudquam
1537 4694 1819 4767 htediamsigniilcat.
1931 4702 1934 4707 ’

111 4804 250 4859 invocans
261 4816 322 4855 non
337 4799 414 4854 atiud
429 4798 534 4871 qnaecit
556 4813 645 4870 quam
658 4797 764 4870 ipsum,
787 4801 881 4868 potest
895 4812 962 4852 enm
1052 4798 1133 4853 Vnus.
1157 4798 1184 4851 3.
1199 4824 1234 4834 -
1250 4795 1285 4849 Ui
1304 4794 1408 4862 pmcne
1422 4787 1603 4856 laudamento
1622 4786 1687 4857 (ln,
1709 4782 1790 4854 ibid.)
1805 4783 1870 4839 Non

112 4890 249 4948 Salathiel
263 4904 372 4944 vocare.
1018 4892 1060 4942 est
1082 4883 1167 4941 nobis
1192 4879 1402 4953 exponendum,
1424 4882 1489 4941 etc,
1509 4890 1594 4945 usque
1615 4872 1654 4928 od
1672 4877 1721 4926 aut
1742 4871 1776 4927 de
1800 4886 1868 4943 por-

145 4982 182 5035 Et
194 4980 275 5033 tonte
300 4978 364 5047 (ln,
387 4975 471 5047 idid.)
495 4977 582 5032 tosus
606 4976 746 5031 reltesus
760 4975 964 5046 iuterpretatur
1017 4975 1075 5030 tica
1099 4973 1201 5030 domus
1225 4968 1339 5026 homini
1363 4982 1429 5038 quse
1449 4968 1530 5019 eraut
1552 4964 1619 5016 aute
1633 4960 1735 5016 taciem
1755 4956 1866 5029 templi.

111 5068 249 5124 Sotcoton
264 5064 382 5121 tosedec
401 5064 541 5120 Dominus
563 5065 667 5132 justus.
688 5063 739 5119 llic
758 5064 886 5135 quidem,
909 5061 963 5117 sic·
1020 5066 1059 5120 ile
1073 5079 1130 5136 qua
1151 5061 1298 5132 Scriptura
1319 5073 1385 5112 curn
1409 5053 1549 5126 palatium
1569 5048 1731 5107 Salomonis
1745 5048 1868 5103 fabrica·

112 5161 145 5212 ut
170 5154 249 5210 iilius
274 5155 349 5217 Nun,
384 5153 530 5210 Christum
559 5152 717 5224 significat;
742 5157 862 5224 uterquc
885 5151 965 5207 enim
1019 5157 1108 5220 retur,
1123 5151 1165 5205 ita
1178 5151 1320 5204 memorat
1336 5163 1342 5198 :
1359 5145 1434 5199 Fecit
1451 5143 1564 5208 atrium,
1588 5138 1704 5210 etc.(ltl
1718 5140 1781 5205 Rea.
1804 5138 1867 5202 nrt).

112 5244 254 5317 populum
268 5242 300 5297 iu
318 5247 425 5297 terram
439 5241 648 5314 promissionis,
663 5241 712 5296 ille
734 5242 770 5297 de
785 5241 873 5312 longo
886 5240 964 5295 inco·
1054 5242 1137 5295 vans.
1163 5241 1188 5293 5.
1211 5234 1384 5292 Redduntur.
1409 5232 1471 5300 (In,
1502 5228 1582 5298 ibid.)
1607 5227 1709 5283 ilarius
1729 5225 1869 5299 periectas

113 5334 173 5388 latu
188 5331 292 5398 eremi,
302 5330 349 5386 hic
362 5331 397 5387 de
411 5330 542 5403 longiore
558 5328 729 5401 captivitatis
743 5329 858 5384 servitio
877 5329 965 5384 intro·
1018 5328 1128 5384 litteras
1144 5323 1312 5380 anctoritate
1330 5338 1382 5377 sna
1396 5318 1548 5374 confirmat
1565 5331 1752 5387 compescens
1766 5331 1868 5371 omnes

114 5421 205 5478 duxit.
222 5420 269 5476 Sic
287 5435 372 5475 verus
385 5421 466 5476 lesus
492 5419 597 5474 electos
622 5434 688 5473 suos
706 5417 741 5473 nb
755 5418 889 5474 omnibus
901 5433 965 5473 ma·
1019 5416 1183 5473 Judoeorum
1193 5410 1382 5478 adversarios,
1396 5413 1425 5463 et
1437 5408 1579 5479 temptum
1594 5405 1624 5461 in
1637 5407 1701 5462 loco
1716 5421 1768 5461 sno
1778 5404 1868 5460 aeditl·

114 5510 149 5566 tis
163 5525 279 5575 eruens,
295 5509 330 5564 cd
356 5507 475 5580 superni
496 5506 580 5579 regni
605 5505 748 5579 promissa
760 5506 868 5578 gaudia
883 5507 966 5563 iudu-
1020 5505 1079 5561 cari
1089 5503 1181 5575 jubet,
1197 5505 1250 5556 etc.
