3892 6106
66 233 93 285 te
817 234 1084 291 truncationem.

64 370 160 409 aarum
187 354 378 410 scientiarum
403 353 505 427 incipit
530 372 547 410 a
575 354 724 427 principiis
745 357 913 413 naturaliter
932 360 1082 427 acunila).
1109 358 1163 424 Qui
1182 359 1299 428 quidem
1322 357 1448 413 deiectus
1471 359 1501 413 iri
1523 376 1608 415 seusu
1632 369 1747 431 accepto
1764 382 1813 419 sc-

63 426 131 480 notis
145 441 153 479 ι
169 426 214 479 sic
227 428 360 481 studium
375 442 464 480 sacra
487 426 640 495 Scripturas
659 433 735 482 reete
750 428 912 484 ordinatum

64 498 158 567 incipit
173 497 213 551 ab
229 497 361 551 articulis
375 497 445 551 ltdei
461 497 597 552 divinitus
616 498 645 551 in
669 514 748 552 secra
768 498 914 569 Scriptura

67 567 203 629 arelatis,
217 568 270 640 qui
285 568 444 622 laudantur
458 569 585 622 insensu
607 568 723 622 litterali
742 585 829 623 sacras
844 570 913 624 Scri-

68 645 162 706 ptura.
182 639 223 692 Ex
237 639 345 709 quibus
371 638 499 693 articulis
528 654 585 692 una
602 654 666 692 cuni
694 639 757 693 aliis
782 639 811 694 in
834 657 913 695 sacra

68 710 205 780 Scriptura
218 710 346 773 traditis,
362 725 414 763 seu
429 725 482 779 per
492 725 589 763 veram
604 715 633 762 et
648 716 754 764 rectam
770 710 911 766 rationem

69 780 193 841 iurantis,
246 780 391 835 receditur
421 779 457 833 ad
491 779 589 850 aliqua
627 780 793 849 probanda:
840 783 913 836 sicut

69 796 323 921 Apostolusicnr.
337 866 372 904 av
395 866 429 905 ex
453 850 660 905 resurrectione
688 850 793 905 Christi
817 853 912 923 arguit

70 923 301 976 reurrecnonem
335 936 536 987 communem
568 926 597 975 et
622 936 675 991 per
697 921 784 975 istum
800 938 912 992 proces·

70 1007 125 1046 sum
138 992 294 1046 devenitur
309 991 346 1046 ad
360 994 458 1046 omnia
471 1007 534 1062 quas
550 991 580 1044 in
593 1007 673 1046 sacra
691 992 836 1063 theologia
859 1010 909 1048 re·

70 1063 162 1117 rariter
176 1063 345 1129 traduntur,
362 1062 537 1133 quaomnia
551 1063 729 1116 reducuntur
745 1063 779 1116 ad
796 1079 909 1119 sensum

71 1134 214 1188 litteralem
229 1133 324 1203 ipsius
337 1148 426 1187 sacrie
449 1133 611 1202 Scriptura,
636 1137 669 1186 ut
681 1134 787 1187 dietuui
804 1141 856 1188 est.
873 1137 911 1189 Er

71 1220 118 1274 quo
130 1209 209 1272 patet
224 1204 305 1274 quod
329 1204 457 1257 studium
480 1219 567 1257 sacrm
585 1203 739 1273 Scripturas
759 1204 858 1274 incipit
875 1206 910 1260 ab

71 1277 203 1328 intellectu
220 1290 324 1328 sensns
351 1274 482 1328 litteralis
512 1273 601 1344 ipsius
626 1274 761 1344 primarie
785 1281 906 1346 sumpto,

70 1346 277 1400 etterminatur
292 1345 323 1399 in
344 1345 389 1399 his
412 1361 477 1415 qna
498 1344 529 1398 in
550 1345 651 1398 eadem
667 1361 746 1399 sacra
766 1345 910 1416 Scriptura

71 1415 213 1469 tradamur
244 1416 291 1468 vel
321 1415 503 1470 deducuntur
530 1416 622 1469 exeis
650 1416 907 1484 modopraedicto.

968 432 1096 484 cundum
1111 430 1350 501 significationem
1366 446 1465 484 vocuiu
1486 436 1597 486 tautum
1612 448 1687 501 sape
1702 435 1812 488 coutin-

968 501 1010 569 git
1026 501 1054 554 iu
1070 501 1305 569 sacraScripluiu
1320 501 1403 554 modo
1423 501 1580 572 pradicto;
1606 504 1682 557 unde
1707 505 1736 558 in
1748 507 1813 559 tali-

966 571 1020 625 biis
1049 571 1117 625 locis
1146 573 1353 625 recurrendum
1379 580 1422 624 est
1447 571 1482 626 ad
1512 573 1710 629 anctoritatem
1737 575 1815 630 beati

966 642 1093 711 Gregorii
1109 642 1311 711 supradictam.
1328 659 1392 712 qum
1409 643 1489 697 valde
1504 644 1675 698 attendenda
1690 650 1741 699 cst.

966 748 1068 837 Copia
1087 747 1258 836 cujusdem
1274 747 1401 826 littera,
1432 770 1504 835 qun
1516 762 1631 815 cenna
1659 748 1813 818 determi-

1007 836 1174 902 nationem
1194 835 1372 936 praeilictre
1395 838 1584 936 qiliaesu'orn'e
1608 862 1629 903 e
1666 839 1812 926 quodum

1009 925 1166 1010 erupistra
1187 947 1220 989 in
1235 947 1330 990 suero
1345 945 1474 1012 popum
1504 925 1544 990 cle
1572 925 1687 992 ordine
1701 928 1811 993 illino-

1007 1035 1096 1085 rum,
1117 1012 1245 1077 erectori
1259 1011 1465 1077 additionum
1483 1014 1553 1100 sirit
1566 1014 1678 1081 inissa.
1735 1080 1738 1087 ,

1000 1138 1081 1190 Alme
1104 1136 1217 1207 praesul.
1243 1141 1276 1189 nt
1293 1137 1364 1190 alter
1387 1137 1501 1191 Simeon
1525 1152 1662 1203 annosus,
1683 1138 1810 1194 famosus

964 1209 1057 1262 studio
1081 1208 1184 1261 dirime
1209 1207 1288 1271 legis,
1306 1212 1384 1260 tuam
1400 1208 1546 1261 emeritam
1566 1213 1741 1263 senectutem
1755 1212 1808 1264 ob-

966 1279 1053 1333 tulisli
1070 1279 1152 1348 quasi
1166 1278 1335 1330 sucrillcium
1352 1278 1564 1346 vespertinum:
1582 1280 1611 1332 in
1635 1296 1692 1350 qus
1713 1282 1807 1334 forsan

965 1364 1132 1415 responsum
1158 1348 1292 1417 accepisti
1320 1364 1336 1399 a
1363 1348 1469 1417 Spiritu
1492 1356 1598 1407 sancto.
1625 1365 1685 1403 non
1714 1351 1809 1405 videre

965 1425 1097 1481 mortem,
1113 1419 1168 1472 nisi
1184 1420 1263 1487 prius
1276 1418 1471 1472 additionibus
1485 1419 1661 1472 declarativis
1679 1421 1807 1474 declara·

1783 243 1817 297 ao
1909 216 1927 237 ⁵

70 1489 165 1541 t'aetera
181 1491 282 1540 antem
299 1502 365 1567 qua
379 1486 415 1540 ad
429 1501 542 1540 sensum
558 1486 737 1555 spiritualem
754 1488 907 1556 pertinent,
963 1492 1055 1544 tiones
1084 1489 1220 1543 litterales
1249 1490 1398 1559 utriusque
1434 1489 1606 1543 Testamenti
1639 1491 1806 1553 elucidares,

69 1557 171 1612 landari
185 1557 342 1611 habentia
359 1556 510 1624 predictis,
539 1561 572 1610 nt
596 1556 770 1610 dictumest.
790 1559 824 1611 Er
849 1562 910 1627 qui-
964 1561 1045 1630 quasi
1059 1561 1164 1614 inesset
1179 1576 1250 1612 vena
1264 1561 1329 1612 vitia
1344 1565 1372 1613 et
1384 1574 1414 1612 ιιι
1428 1559 1536 1613 lumine
1555 1561 1712 1614 tuolnmen
1733 1563 1807 1616 illius

70 1628 113 1681 biis
124 1633 203 1697 patet
216 1627 388 1681 excellentia
402 1643 503 1680 sensus
517 1626 654 1692 litteralis,
678 1628 708 1681 in
729 1630 908 1697 quantumin
925 1645 944 1699 p
964 1632 1126 1696 rideretur3
1150 1630 1255 1683 ideirco
1285 1629 1335 1683 tibi
1365 1631 1426 1683 laus
1451 1637 1480 1684 et
1511 1631 1603 1684 houor
1630 1631 1660 1686 in
1689 1633 1808 1686 Ecclesia

69 1714 96 1752 eu
108 1697 301 1752 includuntur
316 1696 391 1752 circa
405 1697 600 1768 coguitionem
624 1697 761 1763 diriuam,
787 1715 851 1769 que
867 1705 909 1754 est
963 1709 1137 1764 sanctornm,
1156 1707 1187 1753 ut
1201 1700 1312 1754 caeteris
1335 1716 1443 1753 sacram
1464 1702 1639 1769 scripturam
1664 1702 1807 1756 elucidan-

69 1784 111 1839 per
135 1770 237 1834 lidcm,
268 1772 328 1823 lam
353 1768 401 1821 illa
417 1784 482 1839 quae
497 1784 526 1822 se
538 1767 647 1822 habent
661 1768 690 1823 in
705 1769 768 1822 aliis
783 1770 909 1823 scientiis
964 1773 1040 1826 tibiis
1055 1777 1096 1825 est
1112 1787 1270 1824 concessus.
1291 1772 1322 1824 Et
1335 1772 1483 1840 qnoniam,
1499 1773 1573 1825 alme
1598 1772 1713 1842 praesul,
1736 1788 1807 1843 apex

68 1846 94 1893 ut
110 1838 286 1904 intellectus,
314 1838 422 1893 scilicet
446 1838 540 1909 prima
564 1838 715 1908 principia,
745 1855 832 1910 quam
861 1841 909 1894 illa
963 1850 991 1896 et
1004 1849 1110 1912 pastor,
1128 1843 1274 1912 speculum
1290 1848 1319 1895 et
1331 1843 1443 1907 agalma
1459 1842 1619 1908 liiciloririe,
1636 1843 1808 1912 priioemiali·

67 1926 119 1982 que
134 1927 165 1964 se
181 1910 293 1964 habent
305 1915 338 1963 nt
352 1910 480 1976 seientia,
503 1909 619 1975 scilicet,
644 1925 710 1981 quac
729 1910 909 1965 deducuntur
962 1918 1005 1967 ter
1021 1913 1193 1966 introductio
1216 1913 1258 1966 tui
1281 1913 1385 1980 operis,
1411 1911 1578 1965 additiones
1603 1914 1755 1975 nominati,
1771 1916 1805 1967 ad

67 1981 254 2051 aprincipiis,
285 1995 373 2051 qnam
400 1981 488 2033 etiam
511 1980 771 2050 illaquoesuntde
789 1982 909 2035 summis
962 1983 1806 2053 manusmcipaupcrislratrisminorissnspirautis,tama

67 2052 268 2117 crusisrerum,
287 2067 353 2121 rinae
374 2051 518 2122 pertinent
531 2050 567 2104 cd
583 2051 764 2120 sapientiam,
780 2059 811 2104 ut
835 2052 864 2107 in
878 2070 907 2106 ιιι
962 2055 1067 2124 primo,
1084 2054 1206 2107 secundo
1226 2054 1365 2122 scriptura
1386 2053 1534 2122 pori-eiiii:
1552 2054 1581 2107 in
1607 2070 1664 2123 quo
1687 2070 1806 2109 cerneus

69 2122 141 2176 tilia
176 2122 255 2176 lllud
279 2128 376 2176 autem
402 2122 477 2192 quod
505 2121 574 2175 dicit
600 2123 752 2191 Apostolus
778 2124 906 2177 licini:
962 2125 1066 2178 mentis
1090 2130 1147 2178 tuoe
1171 2124 1371 2179 rectitudinem
1393 2126 1614 2194 complantatam
1645 2126 1805 2178 ramusculo

67 2192 247 2247 alni·isibilia
263 2193 314 2247 Dei
330 2210 345 2246 a
361 2191 683 2262 creaturamundi,per
706 2208 739 2245 ea
764 2198 908 2274 quaesunt
961 2197 1044 2249 lionae
1070 2201 1181 2248 naturiu
1206 2195 1276 2266 legis
1301 2196 1350 2264 (o),
1378 2211 1464 2265 quam
1490 2194 1632 2248 interserit
1652 2195 1805 2250 Paulusad

64 2262 599 2332 «lactaintellectaconspiciiintnr,i
629 2263 745 2333 proprie
769 2264 906 2333 intelligi·
961 2267 1210 2320 thesaurizandum
1226 2271 1319 2336 patres
1341 2265 1424 2330 tiliis;
1447 2281 1499 2318 nec
1532 2266 1627 2319 minus
1650 2267 1805 2319 terminum

63 2333 569 2404 turdehisquaecognoscnutnrde
596 2334 653 2388 lieo
682 2350 733 2403 per
751 2340 906 2400 creaturas,
961 2336 1136 2407 questionis,
1151 2338 1322 2407 quaquoerit
1335 2341 1384 2389 tua
1399 2336 1546 2406 ingeniosa
1570 2336 1684 2390 solertia
1707 2336 1805 2406 digni-

62 2403 906 2475 utphilosophicognoveriint3undeibidcmdicit:‹i0uod
960 2413 1049 2461 tatem
1077 2407 1206 2461 litteralis
1230 2406 1438 2477 intelligentia,
1461 2407 1608 2461 abundare
1634 2407 1696 2460 aliis
1716 2423 1804 2462 sacrae

63 2482 186 2530 unctum
202 2481 251 2529 est
267 2476 328 2541 llei,
346 2474 528 2529 manifestum
539 2481 582 2529 est
596 2474 665 2540 illis,
684 2480 763 2529 rete.
960 2478 1114 2549 Scripturae
1138 2478 1274 2538 sensibus,
1304 2493 1357 2546 pro
1383 2478 1464 2546 cnjus
1488 2483 1567 2546 parte
1603 2482 1713 2546 eontra,
1741 2484 1805 2532 octo

87 2546 318 2627 Adseptimum,
348 2545 501 2600 dicendum
518 2546 594 2616 qnod
616 2562 649 2599 ex
670 2546 720 2600 illa
737 2546 907 2601 auctoritate
961 2549 1118 2602 rationibus
1145 2548 1279 2603 Achilleis
1307 2548 1525 2602 fundamentum
1551 2548 1693 2603 tirmitatis
1724 2565 1804 2619 qua-

60 2618 184 2687 tregorii
199 2631 263 2671 non
278 2621 323 2670 cst
336 2616 554 2686 intelligendum
572 2616 648 2687 qnod
666 2632 765 2671 sensus
779 2616 907 2672 litteralis
961 2619 1092 2673 stionatae
1107 2619 1233 2672 veritatis
1247 2618 1373 2690 agitasti,
1389 2634 1448 2671 nou
1472 2619 1615 2672 modicum
1639 2619 1804 2673 firmitatem

58 2704 132 2743 acrae
148 2688 324 2758 Scripturas,
340 2687 456 2751 scilicet,
469 2689 518 2756 qni
531 2687 568 2741 ab
592 2691 706 2742 auctore
736 2687 905 2754 intenditur,
962 2689 1272 2759 ejiisdemsolidaudo;
1290 2690 1369 2743 inco
1386 2688 1614 2743 honorisvirtuti
1631 2690 1805 2744 debitideci·

57 2758 161 2813 deliciet
189 2758 223 2812 in
268 2757 377 2827 aliquo,
413 2756 750 2812 locosicntvellulsum
769 2758 906 2828 includat,
962 2759 1072 2815 sionem
1100 2761 1271 2830 assignando
1295 2761 1479 2814 siibuumero
1505 2760 1625 2814 senario.
1653 2760 1685 2814 ln
1699 2760 1804 2830 quibus

57 2830 89 2883 iel
101 2828 221 2898 aliquid
240 2828 356 2899 penitus
369 2828 490 2882 inutile:
506 2828 633 2899 primum
649 2830 726 2882 euim
742 2836 814 2883 esset
827 2829 905 2883 intir·
961 2831 1104 2896 omuibus,
1121 2835 1149 2884 et
1163 2831 1185 2884 si
1199 2847 1302 2899 magna
1316 2831 1452 2884 exuberat
1466 2830 1584 2896 utilitas,
1601 2834 1726 2883 attamen
1747 2846 1803 2883 nou

56 2914 120 2954 marc
135 2903 233 2953 totam
250 2898 550 2954 auctoritatemsacrae
570 2899 735 2968 Scriptura,
760 2904 940 2982 albugo-C
962 2902 1111 2972 ingeniosa
1137 2902 1277 2954 subtilitas
1304 2907 1429 2954 mentum
1458 2900 1548 2953 reiicit
1574 2901 1723 2966 elevatam,
1745 2917 1804 2954 nou

57 2971 137 3024 sinus
151 2970 250 3035 dicit;
267 2969 426 3024 secundum
442 2975 541 3024 contre
556 2970 723 3038 Apostolum
746 2969 786 3023 sic
805 2971 903 3025 dicen·
960 2974 1043 3026 satiat
1064 2977 1121 3025 tiiae
1144 2971 1310 3042 quaestionis
1326 2971 1528 3024 determinatio
1543 2970 1723 3033 allirmativa,
1737 2988 1802 3024 curn

56 3046 119 3095 teni:
139 3059 155 3091 ι
172 3040 368 3110 Quaecunque
384 3041 488 3110 scripta
511 3040 638 3102 suntad
663 3045 787 3095 nostram
803 3041 905 3095 doctri·
958 3058 1009 3096 sua
1032 3041 1162 3096 solidatio
1188 3042 1284 3122 potins
1302 3042 1466 3112 oppositum
1487 3041 1645 3095 concludat.
1661 3041 1802 3104 Quoniam

57 3128 142 3166 inam
160 3112 276 3181 scripta
296 3117 374 3164 sunt.
391 3132 405 3161 o
430 3110 484 3166 Sed
507 3111 576 3182 qnia
594 3126 693 3165 sensus
715 3112 843 3166 litteralis
858 3129 904 3166 ac·
958 3113 1030 3168 sicut
1043 3113 1170 3167 adoratio
1191 3111 1325 3179 imaginis
1348 3127 1407 3165 nou
1430 3117 1550 3183 propter
1564 3111 1738 3181 imaginem,
1755 3112 1801 3165 aed

55 3188 178 3253 ceptusa
217 3180 443 3250 significatione,
475 3198 531 3253 qua
564 3197 646 3235 voces
669 3181 902 3252 significantres,
957 3183 1203 3253 imaginatnmlit,
1222 3182 1261 3236 sic
1285 3182 1444 3236 reverentia
1467 3191 1496 3236 et
1514 3182 1803 3252 houorlittcriapro-

53 3253 225 3324 quandoque
242 3251 351 3318 deficit,
367 3252 398 3306 in
412 3251 463 3305 tali
477 3268 541 3306 casu
566 3252 636 3306 dicit
655 3253 807 3321 Gregorius
827 3253 903 3321 quod
958 3262 1021 3324 pter
1035 3254 1166 3324 spiritum
1182 3270 1189 3307 :
1206 3258 1234 3306 et
1248 3257 1365 3323 propter
1379 3253 1456 3324 quod
1476 3254 1713 3332 unumquodque,
1729 3261 1757 3305 et
1771 3253 1804 3307 il-

53 3323 234 3378 radenndum
248 3329 294 3377 est
307 3324 343 3377 ad
357 3323 606 3393 significationem,
622 3339 678 3392 qua
691 3339 735 3377 res
757 3339 807 3392 per
822 3340 905 3378 rocas
935 3338 941 3347 '
958 3326 1006 3379 lud
1018 3325 1132 3393 potius;
1148 3324 1241 3377 honor
1255 3323 1332 3376 euim
1348 3329 1377 3378 et
1401 3324 1558 3377 iciereniia
1574 3329 1676 3377 transit
1690 3325 1720 3378 in
1735 3339 1802 3394 pro-

55 3392 314 3455 sirnilicataealiud
339 3393 459 3447 ulterius
484 3393 656 3456 significant,
681 3393 758 3463 quod
782 3395 905 3464 pertinet
958 3399 1097 3464 totypuiu.
1113 3396 1175 3448 Nou
1191 3410 1476 3448 uruaanreairianiia
1491 3394 1586 3464 plena,
1612 3395 1692 3457 virga
1717 3403 1745 3447 et
1761 3399 1802 3447 ta·

51 3464 299 3535 admysticamex
321 3465 483 3519 ositionem.
506 3465 539 3519 Et
566 3463 595 3518 in
617 3463 720 3518 talibus
744 3465 903 3519 saususlit·
958 3465 1271 3535 buloepropterarcam
1289 3464 1412 3529 foederis,
1442 3464 1568 3518 sedarca
1596 3469 1713 3535 propter
1735 3464 1802 3517 talia

54 3538 144 3590 taralis
160 3481 367 3606 principaiitcr
389 3534 517 3589 intentus
534 3533 569 3588 ab
592 3539 707 3589 auctore
730 3540 841 3589 nonest
856 3536 904 3589 ille
957 3536 1111 3590 reverenda
1126 3541 1196 3590 erat.
1210 3535 1283 3599 Ouid
1298 3535 1444 3597 interiora,
1463 3535 1516 3588 nisi
1544 3534 1702 3604 spiritualis
1716 3534 1803 3589 iutel-

54 3606 99 3678 qui
111 3623 165 3678 per
178 3605 428 3676 significationem
447 3620 549 3660 vocum
569 3605 708 3674 primario
731 3605 905 3675 intelligitur
958 3606 1095 3673 ligantia?
1109 3606 1183 3670 Quid
1199 3622 1271 3668 arca,
1292 3607 1347 3659 nisi
1371 3605 1465 3659 littera
1486 3605 1706 3675 prospectatur?
1721 3604 1802 3668 Quod

52 3675 480 3756 iedpotiusillequinlterius
496 3676 903 3746 persiguilicatiouemrcriim
957 3678 1050 3732 adhue
1064 3677 1224 3731 distinctius
1252 3676 1424 3731 Ezechieliea
1445 3675 1514 3729 visio
1540 3676 1714 3742 manifestat,
1737 3691 1802 3729 cnm

123 3763 212 3804 rocos
238 3747 466 3815 significatarum
486 3746 616 3801 babetur.
641 3747 786 3819 Contingit
808 3753 903 3802 autem
958 3748 1104 3818 pulchrius
1119 3747 1172 3801 ista
1187 3747 1318 3817 depingit
1332 3747 1384 3802 sub
1400 3747 1567 3816 metaphora
1580 3752 1649 3800 rotae
1660 3746 1690 3799 iu
1707 3746 1802 3800 medic

53 3763 244 3875 miniscere
260 3816 409 3886 Scriptura
433 3816 641 3887 multipliciter.
669 3817 765 3875 Primo
780 3819 810 3873 iu
826 3819 903 3872 locu·
957 3825 1039 3873 rotae.
1062 3820 1134 3873 Rota
1159 3818 1189 3872 in
1214 3819 1310 3872 medio
1334 3824 1415 3882 rotae,
1439 3818 1534 3872 littera
1553 3817 1802 3888 gratiaeiulittera

53 3889 176 3944 tionibus
191 3888 380 3961 parabolicis,
393 3894 426 3943 nt
439 3888 544 3943 dictum
560 3887 614 3942 luit
628 3889 658 3943 in
670 3890 853 3959 responsione
868 3888 903 3942 ad
957 3888 1048 3958 legis:
1065 3889 1168 3959 quibus
1184 3904 1241 3941 nou
1256 3889 1386 3942 concedit
1410 3888 1505 3948 vitam.
1532 3887 1579 3941 sed
1602 3886 1743 3958 spirituali
1756 3884 1801 3941 ιιι-

73 3967 188 4015 nanum
203 3964 422 4027 argumentum.
440 3961 511 4014 ltem
535 3975 600 4013 cum
623 3959 768 4028 Scriptura
782 3959 904 4028 loquens
958 3959 1125 4029 telligentioe
1141 3974 1205 4012 cum
1222 3958 1388 4029 subjungit:
1401 3978 1415 4009 a
1432 3959 1462 4012 Et
1487 3958 1603 4028 spiritus
1621 3958 1684 4011 ritae
1699 3963 1760 4011 erat
1772 3957 1802 4012 iii

53 3976 86 4086 ³0
98 4047 157 4086 nno
170 4030 209 4085 ad
225 4030 360 4098 litteram,
373 4029 477 4084 transit
491 4028 525 4083 ad
540 4030 618 4084 alind
631 4030 712 4098 cujus
735 4034 778 4083 est
799 4031 902 4100 ligura,
959 4049 973 4081 ι
989 4032 1068 4084 rotis.
1087 4048 1101 4079 a
1117 4030 1182 4083 llaec
1195 4029 1273 4082 euim
1288 4035 1331 4083 est
1346 4045 1411 4082 vera
1427 4030 1493 4093 vita,
1509 4043 1595 4096 quarn
1617 4028 1739 4080 Verbum
1758 4028 1802 4081 vi-

56 4107 85 4155 nt
96 4102 220 4172 putetin
231 4101 328 4182 prima
343 4116 372 4154 re
396 4101 441 4155 ula
457 4106 486 4155 et
500 4101 601 4154 ultima
615 4100 691 4155 beati
717 4100 824 4162 lsidori,
840 4117 904 4170 qnae
958 4105 993 4155 tia
1018 4100 1138 4155 caecitati
1155 4098 1281 4154 ludaieoe
1302 4099 1477 4172 praedicarit,
1501 4114 1566 4178 cum
1587 4097 1675 4178 dixit:
1692 4117 1705 4148 ιι
1722 4097 1802 4155 Scru-

53 4178 202 4243 pcnuntur
229 4187 260 4226 in
287 4116 411 4226 secanio
438 4171 558 4242 prologo
581 4171 668 4239 hujus
683 4171 815 4227 Postilla.
834 4173 903 4225 ltem
920 4204 941 4259 D
960 4191 973 4223 r
991 4170 1091 4225 lamini
1103 4170 1303 4241 Scripturas»
1326 4177 1378 4223 etc.
1395 4170 1553 4224 Nousatiat
1574 4174 1661 4222 etiam
1677 4169 1802 4240 primniu

54 4258 117 4297 cnm
126 4243 231 4314 aliqua
243 4242 373 4309 historic,
383 4242 540 4296 secundnm
549 4242 788 4312 significationem
802 4257 902 4296 vocum
958 4241 1120 4307 decisionis,
1135 4258 1186 4295 nec
1201 4241 1368 4304 secuudum,
1386 4256 1436 4294 nec
1447 4240 1573 4302 tertium,
1587 4256 1640 4294 uec
1655 4246 1800 4311 quartum,

54 4312 257 4368 tantummodo
274 4313 425 4374 intellecta,
441 4327 499 4367 ιιοιι
520 4313 629 4366 inducit
657 4313 782 4384 aliquam
797 4312 903 4366 iustrii·
958 4330 1009 4367 nec
1025 4312 1170 4382 quintum,
1186 4312 1245 4366 imo
1260 4328 1311 4366 uec
1325 4316 1446 4374 sextum,
1463 4311 1512 4364 ubi
1528 4310 1623 4381 agitur
1637 4312 1672 4365 de
1686 4328 1801 4380 compa·

56 4385 180 4438 monem
206 4383 237 4438 iu
261 4383 319 4438 lide
353 4398 404 4437 sen
425 4382 455 4437 in
481 4382 610 4437 moribus
628 4383 793 4447 utilitatem,
810 4399 903 4454 neque
958 4384 1068 4438 ratione
1083 4400 1183 4438 seusus
1206 4382 1335 4437 litteralis
1355 4382 1389 4435 ad
1416 4383 1569 4451 mysticum
1585 4398 1710 4445 sensum,
1726 4382 1803 4436 iuter

57 4456 143 4509 etiam
158 4454 273 4509 inducit
294 4424 330 4508 ad
352 4453 477 4525 aliquam
503 4455 682 4509 honestatem
705 4453 735 4507 iii
759 4468 904 4506 conversa·
957 4470 1029 4524 quos
1040 4454 1216 4525 comparatio
1239 4469 1297 4507 non
1321 4456 1363 4507 est
1386 4452 1530 4522 possibilis
1556 4459 1676 4524 propter
1697 4452 1803 4522 gradus

57 4525 135 4579 tione
154 4527 296 4589 humana,
323 4523 373 4578 sed
390 4524 487 4595 potius
511 4523 764 4595 videturaliquam
780 4523 903 4593 speciem
958 4526 1135 4580 diversarum
1160 4525 1329 4595 specierum,
1358 4528 1439 4576 eitra
1466 4523 1542 4594 qnod
1572 4539 1629 4576 non
1663 4523 1803 4592 contingit

57 4595 280 4651 ualiinducere
291 4595 525 4666 seuapprobare,
553 4594 770 4649 etideointali
786 4595 904 4649 historia
957 4596 1132 4664 comparatio
1146 4593 1462 4666 propterintensiouem
1485 4593 1651 4658 gradualem
1664 4593 1802 4664 specillca‘,

57 4665 251 4737 requirendus
265 4669 308 4719 est
326 4665 484 4720 necessario
508 4680 607 4719 seusus
631 4664 787 4719 secundum
809 4665 905 4735 mysti·
959 4673 1077 4721 naturae.
1101 4666 1193 4730 Quare
1219 4681 1252 4718 er
1276 4665 1320 4719 liis
1345 4664 1541 4735 dependenter
1565 4663 1640 4717 fallit
1660 4663 1800 4717 motivum

55 4751 116 4791 carn
143 4734 385 4806 significationem
412 4735 640 4790 accommodatus
661 4742 689 4790 et
709 4736 836 4790 utilisud
856 4736 905 4789 ali·
958 4736 1076 4807 triplicis
1102 4735 1347 4799 considerationis,
1375 4751 1430 4805 que
1455 4750 1554 4788 sensns
1577 4733 1707 4787 litteralis
1740 4734 1801 4787 eliis

58 4806 127 4878 quid
142 4807 350 4878 praedictarum
363 4823 371 4873 ;
383 4805 464 4876 juxta
486 4805 557 4861 illnd
578 4806 631 4860 lsa.
649 4822 733 4861 xviii:
750 4828 761 4857 ι
779 4808 836 4877 Ego
854 4807 905 4861 lio·
957 4807 1088 4860 sensibus
1104 4806 1276 4876 sempliciter
1291 4810 1472 4876 comparatus
1486 4809 1526 4858 est
1538 4804 1663 4875 dignior,
1680 4804 1797 4868 scilieet,

59 4877 185 4931 «minus
216 4876 324 4931 docens
345 4882 374 4930 te
396 4877 507 4931 utilia»
535 4878 568 4931 Et
591 4877 905 4931 hocinsinuantverba
957 4894 991 4931 ex
1005 4881 1084 4947 parte
1100 4877 1292 4932 extensionis:
1320 4876 1394 4930 lallit
1418 4875 1493 4930 istud
1517 4891 1581 4928 cnm
1605 4880 1801 4929 cuuctasacra

57 4947 185 5017 Gregorii
205 4946 236 5000 in
261 4946 396 5017 praedicta
421 4947 587 5002 auctoritate
611 4964 677 5003 cum
698 4947 781 5002 dicit:
799 4966 812 4999 ι
834 4949 904 5003 Cum
958 4947 1073 5019 eloquia
1087 4947 1173 5016 plena
1188 4948 1244 5001 sint
1268 4947 1422 5001 Dominicis
1445 4945 1638 4999 sacramentis.
1651 4946 1728 5001 lianc
1738 4945 1800 4999 lou-

58 5020 155 5074 cordo
175 5017 308 5072 historiae
331 5017 469 5083 delicit;s
499 5019 617 5073 historia
641 5020 718 5073 euim
738 5034 817 5072 sacra
832 5019 906 5072 ordi·
958 5020 1067 5088 giorum
1081 5019 1275 5072 extensionem
1291 5018 1406 5088 spiritus
1431 5032 1516 5086 snpra
1531 5016 1654 5070 litteram
1670 5017 1802 5087 coguovit

58 5095 141 5143 natur
154 5089 192 5144 ad
206 5092 334 5142 nostram
347 5088 506 5143 doctrinam
523 5104 605 5143 :cum
619 5095 714 5143 autem
743 5089 772 5142 iu
796 5089 849 5143 hoc
865 5106 905 5142 se·
960 5090 1063 5144 l‘aulus
1082 5106 1148 5143 cnm
1170 5090 1250 5149 dixit,
1268 5107 1282 5140 u
1307 5087 1409 5144 Oinnia
1429 5087 1458 5140 iu
1472 5086 1564 5158 ligura
1579 5087 1636 5142 illis
1650 5089 1799 5157 continge·

56 5161 179 5215 cundum
193 5158 436 5229 significationem
449 5175 551 5215 vocum
564 5160 687 5225 deliciet,
702 5164 813 5214 constat
827 5161 904 5231 qnod
960 5182 973 5211 a
990 5161 1069 5220 bant,
1086 5180 1100 5210 ii
1116 5177 1175 5214 non
1199 5160 1292 5213 solum
1313 5158 1427 5227 scripta,
1452 5159 1499 5212 sed
1519 5159 1605 5212 etiam
1629 5173 1801 5230 quincunque

57 5230 122 5285 ordo
135 5230 270 5285 historia
284 5229 391 5293 delicit,
405 5235 434 5285 et
448 5230 487 5285 sic
502 5231 562 5284 sine
579 5231 755 5286 dubitatione
779 5232 904 5285 redeun-
959 5231 1043 5285 modo
1059 5231 1115 5285 alio
1130 5231 1243 5284 tradita.
1258 5230 1291 5282 lit
1305 5234 1424 5298 propter
1437 5227 1490 5282 hoc
1504 5229 1591 5283 etiam
1610 5229 1684 5284 fallit
1698 5244 1802 5283 secuu-

58 5300 121 5356 duni
136 5306 183 5356 est
197 5299 233 5355 cd
245 5300 426 5371 spiritualem
440 5316 567 5371 sensum,
583 5302 668 5355 modo
691 5300 838 5372 praedicto,
855 5301 904 5371 qui
958 5302 1040 5367 dum,
1065 5301 1202 5363 videlicet,
1243 5315 1276 5353 ex
1304 5305 1382 5370 parte
1408 5298 1639 5364 universalitatis,
1666 5300 1801 5369 qnoniam

58 5369 214 5427 intelibus
241 5371 391 5427 habendus
420 5376 463 5426 est
491 5387 542 5442 pro
571 5371 695 5428 litterali.
714 5374 800 5440 Cujus
812 5388 906 5426 erem·
959 5377 1067 5443 quantu
1091 5370 1198 5442 aliquid
1220 5370 1420 5437 universalius,
1432 5375 1509 5424 tantu
1525 5369 1800 5424 communicabilius.

56 5442 131 5513 pum
145 5443 276 5499 habetur
288 5442 327 5497 Ill
344 5443 456 5513 Regum
471 5459 491 5510 i,
506 5442 536 5497 in
552 5442 672 5497 historia
686 5443 721 5498 de
736 5443 841 5513 abisag
856 5443 903 5496 ad·
958 5444 1062 5498 Sensus
1085 5449 1180 5495 antem
1203 5440 1332 5495 litteralis
1356 5447 1475 5512 propter
1498 5456 1579 5497 suani
1600 5441 1801 5495 limitationem

57 5516 134 5569 uncta
145 5512 187 5569 ad
202 5512 292 5569 llarid
306 5512 338 5567 in
352 5518 499 5568 senectute
520 5527 581 5579 sna,
605 5520 693 5583 prout
714 5514 904 5583 llieronymiis
960 5529 1011 5584 per
1026 5513 1153 5567 doctores
1168 5511 1292 5566 famosos
1308 5516 1336 5566 et
1350 5513 1497 5579 signanter
1510 5528 1562 5580 por
1576 5511 1722 5566 doctorem
1732 5513 1801 5565 lrre·
1820 5540 1824 5545 ·

58 5583 159 5642 itidem
175 5584 346 5641 notabiliter
358 5584 478 5658 exponit
492 5583 572 5652 (Vide
583 5583 624 5639 ibi
639 5583 669 5638 in
701 5584 905 5640 addinoncse·
959 5583 1136 5654 lragabilem,
1152 5588 1196 5636 est
1217 5582 1494 5638 incommunicabilis
1510 5598 1518 5647 ;
1534 5598 1590 5636 uon
1606 5582 1683 5636 euim
1699 5581 1801 5636 dii-idi·

88 5728 121 5794 ξι)
135 5724 169 5783 ld
184 5729 229 5780 est
243 5722 275 5780 in
295 5724 400 5781 eadem
428 5725 530 5781 arbore
557 5697 733 5783 nascentem*
747 5726 777 5781 in
793 5742 850 5798 qua
866 5726 1056 5782 ramusculus.
