3892 6106
493 243 621 301 GL⁰SSA
640 241 842 299 ottomanus.
862 269 899 283 -
918 242 982 298 ΗΒ.
1008 242 1045 297 ΙΙΙ
1065 242 1150 299 REG.
1652 245 1704 298 sio

73 370 125 438 sit,
141 371 194 426 hoc
210 374 252 424 est
266 370 342 424 enim
362 368 483 423 osculari
498 373 608 440 patrem
621 372 649 422 et
664 365 836 426 matrem,b
856 379 923 419 men
938 364 1042 420 iterum
1070 365 1355 438 instauratpraelium
1381 369 1481 420 contra
1496 382 1554 433 eos,
1579 370 1606 420 st
1637 366 1705 421 dom

74 476 134 532 ‚que
154 463 248 530 potest
260 457 318 512 sise
344 457 380 512 de
395 455 511 525 ludaeis,
528 454 585 509 aire
605 455 640 509 de
664 453 800 525 gentibus
854 469 912 509 uno
928 452 1014 509 modo
1029 453 1162 523 vincitur,
1180 455 1252 508 alios
1266 457 1360 509 statim
1376 453 1488 509 sincere
1504 458 1632 510 conatur.

74 549 168 604 sselle
183 547 339 618 corrigere.
892 541 957 613 (lo.)
981 543 1096 614 latigni
1123 543 1239 615 spiritus
1258 543 1281 598 si
1308 543 1339 597 in
1365 543 1561 616 spiritualibus
1581 542 1705 598 vincun-

74 654 77 695 t
100 636 229 709 Populus
253 651 367 706 quoque
391 632 568 688 Christianus
595 631 722 686 carnalia
751 631 801 685 de·
855 633 913 699 tur,
929 629 960 686 in
988 631 1185 703 corporalibus
1210 632 1317 687 bellum
1340 636 1454 703 parant,
1479 637 1640 704 satagentes
1670 637 1703 689 ut

74 729 300 783 nactaostotum
317 722 567 777 exercitumsoom
587 720 616 775 in
631 735 802 792 opusesan-
857 719 967 775 animas
996 720 1032 776 ds
1057 721 1188 793 supernis
1214 721 1249 775 ad
1278 721 1334 775 ima
1359 720 1548 793 praecipitent,
1581 737 1638 793 quo
1662 721 1704 776 la·

74 814 96 871 li
109 813 260 879 convertit,
289 809 572 866 undesulllcientem
592 813 704 881 pastum
721 807 801 879 adiu·
857 808 939 863 cilios
964 808 1089 864 vincant.
1106 809 1134 865 si
1161 809 1285 865 viderint
1298 810 1424 864 coelestia
1442 809 1613 878 desiderare,
1644 813 1702 864 ter-

77 903 139 959 suis
148 902 278 974 praebere
292 899 392 973 possit.
858 915 927 954 rena
956 898 992 955 ad
1021 900 1177 955 amandum
1203 901 1350 971 ingerunt.
1377 900 1405 957 Si
1421 900 1609 972 prosperitate
1637 917 1703 955 cou-

94 995 139 1048 2ι.
166 1020 201 1032 -
223 990 346 1044 Secutus.
363 987 424 1058 (lo.)
442 987 576 1042 Nostrum
593 984 683 1040 Eliem
707 983 803 1056 sequi·
858 1003 936 1042 cessa
964 989 1022 1043 llso
1043 988 1144 1059 gratie
1170 994 1303 1059 agentur,
1332 989 1448 1043 student
1471 994 1502 1043 ut
1529 1004 1581 1061 per
1603 989 1705 1044 adrosa

74 1079 212 1135 ministrat
230 1077 267 1143 ei,
297 1075 347 1148 qui
363 1074 482 1145 vestigia
502 1074 564 1146 ejus
590 1088 721 1145 sequens,
750 1070 804 1125 hoc
858 1075 1038 1148 frangantur.
1055 1077 1110 1132 Sed
1125 1078 1198 1132 sicut
1210 1077 1285 1149 Syri,
1315 1079 1353 1133 ita
1367 1078 1512 1133 daemones
1528 1077 1579 1135 ubi
1598 1095 1627 1133 se
1653 1094 1703 1134 su·

74 1167 151 1222 sdata
177 1164 256 1221 illius
271 1164 435 1229 observans,
460 1160 656 1217 ministerium
667 1166 696 1215 ct
710 1159 804 1215 hono·
857 1180 959 1235 perans
973 1164 1165 1232 confidebant,
1178 1165 1218 1220 ibi
1232 1165 1358 1236 superati
1370 1162 1446 1220 saint.

74 1253 290 1326 sdigncsatagit
304 1252 448 1307 exhibere.
896 1253 973 1308 Vras.
991 1255 1035 1310 ³8.
1064 1283 1100 1294 —
1118 1254 1198 1310 Abiit
1223 1269 1296 1326 erpo.
1326 1254 1455 1309 llicbesas
1481 1254 1617 1325 parabola
1637 1270 1705 1309 usus

286 1393 401 1450 CAPUT
422 1392 464 1447 xx
858 1346 901 1397 est
923 1346 1042 1414 propter
1067 1358 1215 1398 sermones
1234 1359 1306 1415 quos
1335 1343 1395 1414 regi
1419 1347 1481 1397 erat
1507 1342 1645 1410 dicturus,
1674 1347 1705 1398 ut

466 1435 472 1446 '
858 1430 1021 1486 ostenderet
1031 1431 1086 1486 boc
1099 1431 1132 1486 ad
1148 1430 1232 1485 illum
1247 1430 1338 1503 magis
1348 1447 1436 1502 qiram
1451 1431 1487 1486 ad
1501 1447 1530 1488 se
1545 1433 1701 1504 pertinere.

74 1518 235 1592 lBeuadad
256 1517 399 1589 significat
414 1513 585 1584 diabolum,
604 1514 654 1587 qui
678 1514 805 1569 diversos
893 1519 974 1574 Varis.
996 1520 1039 1576 39.
1057 1550 1091 1560 -
1111 1521 1174 1575 Erit
1186 1520 1289 1573 animo.
1320 1519 1529 1574 Providendom
1546 1524 1588 1574 est
1616 1518 1705 1574 servis

74 1626 97 1666 ss
122 1610 318 1679 malignorum
346 1605 501 1677 spirituum
516 1605 553 1659 ad
581 1603 804 1659 subvertendum
860 1607 921 1674 liei,
953 1623 990 1663 ne
1030 1608 1186 1663 secundum
1215 1608 1379 1680 exemplum
1420 1609 1516 1663 Achab
1545 1608 1706 1681 perniciosa

74 1714 94 1755 ιι
110 1697 161 1754 bei
185 1696 337 1761 contrahit,
354 1696 401 1749 sed
426 1710 479 1764 per
507 1709 613 1764 pueros
636 1693 838 1765 principump
858 1695 1008 1751 securitate
1023 1696 1077 1752 sibi
1093 1696 1288 1764 blandiantur,
1318 1696 1445 1767 quandiu
1461 1697 1552 1752 hostis
1566 1697 1647 1765 vivit,
1667 1714 1704 1753 ne

75 1787 192 1852 iucitm,
208 1785 238 1840 id
254 1790 306 1850 est,
320 1800 371 1856 per
382 1784 472 1838 bonos
483 1782 627 1837 auditores
643 1782 803 1848 doctorum,
858 1784 927 1841 darm
954 1801 984 1839 se
1023 1786 1105 1857 quasi
1134 1785 1254 1841 victores
1283 1785 1458 1840 arbitrentur
1494 1802 1546 1858 per
1573 1785 1702 1842 fraudem

74 1877 118 1933 iod
131 1875 249 1931 auribus
263 1874 393 1937 audiunt,
409 1872 490 1927 iactis
504 1871 635 1943 implent.
660 1870 804 1942 Antiquos
858 1872 964 1930 diaboli
987 1888 1088 1945 pacem
1111 1874 1308 1945 promittentis
1335 1874 1429 1941 citius,
1444 1874 1610 1931 elidantur:
1637 1875 1705 1948 quia

74 1966 205 2037 ufugam
220 1966 352 2029 sortitur,
375 1962 528 2032 omnisque
542 1976 611 2015 suus
626 1961 805 2015 exercitusa
858 1960 932 2017 sicut
957 1965 1024 2015 tuuc
1038 1961 1180 2033 propbeta
1205 1962 1266 2034 regi
1289 1978 1342 2034 pro
1366 1962 1575 2018 inconsiderata
1600 1962 1707 2034 pietate

74 2071 97 2111 ss
120 2053 223 2110 Christi
238 2050 431 2125 perturbatur,
448 2050 497 2122 qui
512 2049 586 2105 benc
599 2050 722 2104 ducenta
739 2048 805 2102 mil·
858 2049 1056 2120 pronuntiarit
1081 2048 1169 2104 altore
1196 2051 1348 2118 ultionem,
1369 2051 1409 2106 ita
1424 2069 1501 2108 nunc
1520 2051 1707 2126 propheticus

74 2140 241 2213 igiutadoo
258 2156 319 2194 esse
335 2137 479 2203 dicontur,
495 2137 565 2209 quia
589 2135 638 2207 qui
655 2136 804 2208 utriusque
859 2153 953 2193 sermo
988 2138 1167 2210 pronuntiat,
1210 2138 1234 2194 si
1263 2139 1442 2212 paciscamur
1475 2157 1541 2196 cum
1581 2140 1706 2211 diabolo,

74 2229 132 2285 suti
157 2228 305 2282 scientiam
321 2225 443 2298 perfecte
472 2230 581 2290 tenent,
607 2229 636 2278 et
659 2224 805 2280 Trinitatis
859 2231 998 2283 oeternam
1010 2226 1094 2282 nobis
1110 2227 1226 2298 perhoc
1237 2227 1389 2284 imminere
1400 2244 1525 2300 poenam.

75 2333 126 2373 um
140 2316 258 2388 genima
271 2314 410 2369 charitate
424 2317 602 2379 conservant,
618 2312 646 2367 bi
674 2312 735 2384 epti
749 2312 804 2367 mi·
895 2315 978 2371 Vana.
993 2315 1038 2370 43.
1056 2345 1086 2356 -
1103 2318 1139 2372 Et
1160 2316 1339 2384 (addendus.
1356 2318 1447 2372 lratus
1459 2316 1557 2372 Acbab
1582 2316 1706 2388 prophe-

74 2407 152 2461 immi
168 2404 243 2475 regis
258 2419 319 2458 esse
333 2401 571 2473 comprobantur.
859 2409 919 2458 tam
933 2405 1062 2459 clausum
1078 2404 1186 2459 servari
1213 2405 1300 2476 jussit
1326 2409 1356 2461 ct
1384 2404 1520 2460 contusos
1546 2403 1639 2459 verbis
1654 2403 1706 2460 fli-

86 2495 130 2551 tt).
151 2525 187 2535 -
200 2494 268 2549 Haec
285 2494 394 2560 faciunt
419 2492 496 2546 miti.
512 2488 641 2546 Samaria
658 2493 750 2543 morte
765 2487 805 2543 ci·
857 2490 945 2547 cbaeae
957 2490 1076 2548 domum
1091 2492 1237 2549 remearit.

74 2606 78 2639 ι
108 2583 232 2639 babebat
246 2587 352 2636 terram
380 2580 500 2636 interius
516 2579 584 2651 ipsis
613 2577 703 2633 muris
732 2592 805 2648 pene
1184 2616 1295 2674 CAPUT
1313 2617 1384 2672 mo„

74 2688 107 2739 m,
129 2688 187 2744 quo
213 2669 341 2725 subsidio
356 2668 461 2724 ictibus
475 2667 572 2722 arietis
598 2667 743 2721 resisteret
758 2682 805 2721 ex·

74 2776 191 2816 urorum
227 2758 348 2813 altitudo
383 2757 467 2829 longe
509 2758 691 2828 superficiem
722 2761 805 2811 terre

74 2848 184 2906 oderat.
199 2847 247 2903 Ait
266 2863 334 2917 crgo
349 2863 397 2901 rex
424 2846 566 2916 superbos
589 2846 719 2902 obsessos
747 2850 806 2900 ter-

74 2937 129 2995 uod
143 2941 252 2991 tantam
268 2936 386 2991 haberet
400 2934 629 3004 multitudinem,
647 2939 679 2990 ut
692 2933 716 2988 si
731 2934 807 3005 quis·

894 2724 958 2777 Post
992 2723 1086 2792 soba,
1127 2726 1180 2779 etc.
1219 2722 1312 2793 (Rae.)
1345 2721 1461 2780 Nabotls.
1495 2722 1703 2794 Interpretatur

858 2810 1039 2882 conspicuus,
1065 2816 1131 2877 etc„
1162 2827 1246 2881 usque
1270 2812 1308 2867 od
1327 2813 1378 2868 sed
1392 2827 1444 2884 per
1468 2827 1542 2867 sana
1562 2810 1706 2867 desideria

859 2898 1013 2956 defluebat.

74 3026 157 3083 litum
174 3041 264 3081 unum
286 3025 411 3095 lapidem
428 3024 471 3078 vel
488 3023 615 3095 stipitem
642 3023 686 3078 rel
714 3021 840 3117 caspi·C
1177 3007 1289 3064 CAPUT
1307 3007 1386 3062 XXII·

78 3113 307 3171 construendum
321 3120 419 3167 contra
433 3112 536 3167 urbem
550 3126 684 3183 aggerem
699 3127 804 3182 appor·
896 3113 967 3168 vasis
997 3115 1039 3168 l7.
1069 3141 1103 3156 -
1142 3112 1210 3170 Vs'ds'
1241 3114 1397 3168 univocum
1432 3112 1558 3168 lsraelem
1596 3112 1704 3182 disper.

83 3218 174 3275 agger
200 3205 366 3273 exsurgeret
387 3201 437 3273 qui
463 3200 625 3272 superficiei
653 3214 718 3272 que
745 3203 807 3255 erat
859 3215 930 3266 sum,
947 3202 1001 3254 etc.
1018 3202 1073 3256 Per
1091 3199 1152 3256 boec
1166 3204 1263 3256 autem
1287 3199 1423 3266 ostendit,
1439 3198 1517 3271 quod
1537 3198 1615 3255 illius
1636 3216 1707 3271 pra·

74 3308 149 3349 suros
166 3307 226 3346 esse
241 3290 387 3345 rideretur
400 3290 530 3361 equalis,
555 3289 640 3344 itaut
665 3304 698 3344 cx
721 3304 805 3360 equo
860 3290 933 3345 vitas
959 3304 1045 3344 causa
1069 3288 1105 3344 sit
1139 3289 1251 3360 stragis.
1278 3290 1350 3345 Nem
1374 3287 1398 3342 si
1424 3287 1534 3344 bouum
1566 3303 1599 3342 ac
1627 3290 1708 3359 plum

74 3386 127 3438 stes
145 3386 244 3436 contra
259 3379 401 3434 civitatem
416 3379 473 3432 tela
487 3378 561 3433 taces
577 3377 733 3432 mitterent.
859 3376 1008 3433 habuisset
1038 3381 1192 3449 pastorem,
1223 3377 1250 3432 vi
1274 3381 1437 3449 superasset
1462 3376 1569 3432 hostes.
1599 3377 1709 3433 Deinde

76 3470 190 3526 lorietur
217 3470 361 3523 accinctus.
377 3465 470 3537 titas.)
498 3465 647 3521 Accioctus
671 3471 714 3521 est
756 3466 807 3537 qui
861 3466 987 3522 ostendit
1004 3467 1092 3522 etiam
1119 3465 1238 3522 modum
1266 3465 1453 3538 assequendas
1477 3466 1587 3522 salutis.
1604 3467 1634 3522 Si
1653 3468 1706 3523 llo·

74 3557 291 3624 icircumdatur‚
308 3556 463 3610 discinctus
481 3553 532 3626 qui
546 3553 695 3625 cingulum
718 3554 806 3624 depo·
862 3554 1024 3621 minusest,
1043 3555 1139 3627 inquit
1166 3554 1217 3621 eis,
1246 3554 1276 3608 in
1307 3555 1410 3621 Deum,
1434 3560 1596 3610 revertatur
1621 3572 1708 3612 unus-

74 3652 173 3718 tergo
189 3662 239 3701 rex
264 3645 360 3711 lsrael,
377 3644 437 3714 regi
461 3643 549 3714 Syrie
574 3641 710 3714 glorianti
725 3642 807 3715 quasi
861 3641 982 3714 quisque
996 3644 1031 3697 ad
1044 3643 1138 3698 locum
1158 3658 1240 3697 suum
1254 3641 1286 3696 in
1300 3657 1378 3713 pace.
1404 3641 1433 3697 Si
1459 3643 1516 3698 lieo
1530 3643 1656 3711 creditis,
1681 3648 1710 3700 et

74 3735 165 3809 pissct
195 3733 355 3791 Samariam
383 3748 472 3804 quam
500 3731 629 3787 obsidere
659 3735 804 3802 caeperat:
861 3729 949 3785 vultis
967 3745 1002 3786 ex
1020 3729 1141 3786 eoscire
1158 3730 1396 3801 quidagendom,
1413 3731 1708 3790 dimitteesercitum.

79 3826 153 3883 osor
166 3826 301 3880 accinctus
327 3837 403 3892 eque
428 3828 459 3876 ut
472 3821 630 3876 discinctus.
658 3821 698 3875 Ac
720 3819 744 3874 si
759 3818 806 3874 di-
893 3819 975 3874 Vsss.
994 3821 1036 3875 ts.
1053 3847 1088 3860 -
1111 3818 1189 3876 Vs‘dit
1209 3821 1362 3885 Dominum,
1391 3822 1447 3873 etc.
1475 3820 1569 3890 (ltin.)
1597 3820 1708 3877 Solium

74 3913 116 3970 oli
140 3912 257 3985 gloriari
281 3911 364 3983 quasi
390 3909 488 3975 victor,
505 3908 556 3981 qui
572 3909 666 3964 adhuc
683 3907 714 3963 in
744 3906 805 3963 acic
859 3906 976 3963 Domini
998 3907 1134 3977 angelice
1147 3910 1311 3978 potestates,
1326 3922 1450 3979 quarum
1469 3907 1615 3964 mentibus
1633 3910 1710 3965 Deus

74 4017 181 4074 ‚wem
191 4000 308 4055 victoris
319 4005 458 4072 sequetur
474 3997 592 4069 ignoras
608 4014 615 4051 ε
630 3996 739 4070 quippe
755 3997 807 4069 qui
859 3995 1015 4069 presidens
1039 3995 1159 4051 interius
1178 3999 1281 4049 cuncta
1305 3994 1443 4065 disponit.
1479 3993 1624 4051 Exercitus
1642 3997 1707 4053 coeli

87 4088 219 4157 credidit,
235 4089 324 4143 victus
338 4092 389 4143 est.
859 4083 1086 4141 ministrantium
1108 4084 1277 4154 angelorum
1297 4081 1451 4138 multitudo
1473 4082 1613 4138 :dextera
1641 4100 1710 4157 pars

74 4179 145 4234 ,20
162 4179 286 4244 -Fups't
300 4191 413 4246 quoque.
444 4175 536 4248 (ltro.)
560 4175 590 4230 ld
610 4180 654 4230 est
675 4173 806 4230 diabolus
860 4173 1031 4246 augelorum
1058 4172 1158 4243 electa,
1183 4170 1299 4227 sinistra
1330 4186 1397 4243 pars
1429 4171 1563 4242 reproba.
1608 4173 1708 4246 Neque

74 4283 94 4323 is
121 4267 291 4338 iniquorum
321 4281 445 4337 quorum
470 4265 546 4320 oculi
574 4263 712 4320 sublimes
726 4267 805 4319 sunt.
851 4261 937 4316 enim
957 4260 1073 4317 dextera
1095 4260 1275 4317 concluditur
1289 4262 1372 4329 Deus,
1389 4277 1484 4335 neque
1498 4261 1634 4321 sinistre:
1660 4265 1709 4337 qui

74 4355 135 4412 uim
162 4355 315 4411 ιιιιιιίιιιίι
308 4371 339 4408 sn
366 4370 441 4426 equo
468 4370 528 4409 sose
555 4352 696 4424 superbio
719 4368 753 4408 co
736 4351 807 4408 outl-
821 4350 902 4463 Dite
916 4348 1165 4416 estiutruomnia,
1176 4349 1258 4404 utsit
1273 4354 1400 4406 etestra,
1414 4352 1622 4425 Scdquomodo
1637 4353 1708 4409 mali
1772 4345 1781 4359 ‘

74 4459 111 4500 im
126 4443 272 4516 equitibus
298 4443 405 4497 scilicet
418 4443 552 4498 omnibus
571 4440 711 4512 superbis,
738 4438 807 4513 qnia
821 4409 899 4494 Dde
913 4436 1040 4494 exercitu
1054 4439 1145 4494 coelo‘l
1173 4437 1246 4504 Quis
1272 4442 1404 4511 quamvis
1427 4441 1463 4496 ab
1491 4441 1616 4497 ethereo
1639 4442 1711 4497 coelo

74 4537 178 4606 caput
189 4548 276 4604 super
290 4548 389 4587 omnes
401 4531 476 4586 blros
488 4529 642 4602 superbias
667 4529 701 4585 ab
727 4544 808 4585 exer·
862 4527 946 4599 pulsi,
961 4526 1055 4583 adhuc
1067 4527 1185 4583 tameo
1177 4543 1208 4583 ιιι
1219 4542 1304 4584 aereo
1318 4527 1506 4584 demorantur
1520 4530 1606 4598 coelo
1634 4528 1712 4586 unde

74 4619 137 4677 risti
150 4624 302 4690 superatus
330 4618 360 4673 in
387 4618 485 4688 lugam
514 4617 645 4684 vertitur,
661 4621 752 4671 stres
767 4616 809 4671 ls·
864 4615 990 4672 Paulus.-
1028 4616 1129 4673 Contra
1155 4618 1314 4687 spiritualia
1351 4619 1480 4688 mqutttae
1499 4620 1530 4673 iss
1562 4618 1710 4676 celestibus

74 4710 155 4767 rcutit
170 4725 258 4782 equos
283 4712 438 4770 etcurrus,
453 4713 520 4776 ctc.,
547 4707 614 4779 quia
634 4721 685 4761 rex
707 4719 808 4777 regum
863 4705 972 4774 (pres.
992 4704 1043 4775 rr).
1068 4704 1169 4761 Omnis
1195 4704 1335 4760 exercitus
1363 4706 1471 4761 assistit
1500 4707 1570 4774 Deo,
1585 4707 1654 4778 quic
1681 4712 1710 4763 et

74 4815 103 4856 ss
116 4798 282 4872 spirituales
296 4795 394 4852 obruit
408 4796 528 4851 humaui
544 4794 657 4866 generis
684 4792 807 4850 delendo
862 4793 994 4847 voluntas
1019 4791 1177 4848 electorum
1191 4792 1346 4864 spirituum
1360 4793 1466 4850 divinos
1479 4794 1606 4850 descruit
1625 4800 1712 4867 pote-

74 4927 84 4944 ,
863 4880 941 4946 stati,
956 4887 986 4937 et
1006 4880 1196 4953 reproborum
1225 4896 1324 4936 seusus
1344 4897 1404 4938 suu
1426 4882 1551 4938 serviens
1578 4883 1711 4954 malitias,

74 4973 208 5033 llisbolus
223 4974 321 5030 licata
341 4971 447 5029 sanctis
470 4971 575 5043 saepius
600 4969 741 5040 vincatur,
768 4975 810 5027 ta·
860 4968 969 5040 judicio
983 4968 1196 5043 Omnipotcntis
1207 4969 1404 5043 obtemperat.
