3892 6106
92 215 159 268 lade

415 212 615 270 wnhnnnttn
635 214 758 271 S'sllABl
781 213 878 271 anch.
902 216 981 270 lton.
1001 214 1077 271 0l’l'.
1100 215 1187 270 PARS
1206 214 1227 269 l.
1247 241 1281 256 -·
1300 211 1534 273 intonantur.

1781 218 1842 272 libb

126 342 266 399 Canticum
292 342 452 396 meretricis.
497 339 565 405 Ome
589 338 624 393 ab
650 339 826 394 amatoribus
853 338 970 396 dere-A
990 354 1023 394 ex
1055 354 1114 409 quo
1132 335 1269 404 ascendit,
1298 335 1329 392 in
1356 352 1422 391 aere
1437 336 1557 405 sedebit,
1586 337 1618 393 in
1643 336 1835 394 naberenist

89 429 156 484 licta
184 430 257 485 solet
286 429 413 484 carmina
448 428 478 482 in
506 427 731 481 consolationem
764 443 937 498 componere

90 523 119 572 at
142 519 287 588 praetcrita
314 532 553 580 commemorare,
580 516 619 569 sie
643 521 672 570 ei
696 516 786 586 Tyrus
814 531 935 570 reversa.

128 607 207 661 Vane.
241 608 281 660 lt.
307 606 430 660 -Sum
460 604 510 658 tibi
547 605 690 658 citharam.
718 604 787 668 Ocrea
830 604 865 658 dc
885 604 939 658 hoc

90 710 177 749 onere
188 696 347 764 sequuntur
361 692 395 746 ad
411 691 601 745 reversionem
621 691 687 761 Tyri
702 696 840 761 spectant.

127 785 196 837 Bene
223 797 298 845 carre,
322 784 487 848 frequenter,
516 788 568 833 etc.
596 781 738 834 Admonet
762 796 824 834 eam
847 780 939 834 canti-

92 887 157 927 cum
172 870 355 924 miseriarum
370 884 487 922 suarum
503 884 617 939 semper
631 873 755 934 cantare,
776 884 812 923 ne
832 868 938 923 iterum

92 958 190 1012 eadem
206 958 341 1028 patiatur.
360 957 464 1011 Dicunt
479 956 556 1010 enim
573 957 645 1009 hanc
661 971 722 1009 esse
750 955 865 1010 musicae
891 973 940 1011 na·

92 1053 185 1100 turam
204 1063 209 1099 :
227 1046 360 1099 silaelmn
371 1044 521 1110 invenerit,
540 1045 678 1097 latiorem
694 1045 777 1110 sacil;
792 1045 814 1098 si
831 1044 940 1099 tristem

92 1134 248 1188 tristor-em
263 1133 367 1188 reddit.

129 1223 208 1276 Vans.
226 1224 270 1277 t8.
285 1251 321 1262 -
344 1224 379 1276 Et
404 1225 483 1276 erurrt
495 1224 687 1288 negotiationes·
703 1236 772 1291 epus,
796 1227 821 1277 ct
847 1237 943 1276 mace·

93 1311 226 1378 deseras.
253 1310 331 1364 Sicut
360 1309 427 1364 dicit
453 1309 643 1380 Hieronymus
668 1309 698 1363 in
725 1309 858 1376 latomia,
875 1315 941 1376 etc,

93 1414 179 1468 usque
193 1398 230 1452 ad
243 1397 387 1452 mercedes
403 1398 523 1452 Domino
537 1397 777 1452 sacrificaverunt.

413 1486 525 1541 CAPUT
539 1486 630 1540 XXIV.

131 1577 211 1630 vans.
230 1579 306 1630 1.-
333 1577 399 1629 Ecce
427 1576 556 1629 Domirras
588 1574 714 1640 nudabit,
743 1578 800 1628 otc.
837 1572 979 1674 (illua.)B

96 1664 164 1718 Post
204 1662 356 1733 specialem
402 1660 533 1733 gentium
572 1661 750 1733 singularum
786 1661 943 1732 correptio·

96 1767 174 1818 narn,
199 1757 266 1816 ete,
311 1766 395 1819 usqae
436 1750 473 1803 ad
497 1749 690 1821 AEgyptiorunr
730 1755 758 1804 et
784 1751 943 1806 multorum

96 1839 218 1893 aliorum
234 1838 269 1892 ad
293 1838 425 1908 generale
440 1854 513 1892 onus
524 1838 625 1909 judicii
640 1839 758 1893 extremi
778 1840 889 1895 transit.

131 1929 211 1982 raas.
234 1930 260 1981 i.
286 1956 318 1966 —
347 1929 420 1981 Erit.
441 1927 506 1997 (lo.)
532 1928 638 1983 Omnes
661 1927 794 1982 similiter
820 1929 864 1982 rel
892 1944 944 1999 pro

97 2015 181 2070 bonis
208 2015 481 2081 remunerabuntur,
498 2015 542 2069 rel
556 2032 607 2086 pro
620 2015 703 2070 malis
718 2016 942 2071 damnabuntur.

98 2103 181 2158 Nulla
208 2102 356 2157 diversitas
383 2102 438 2157 erit
462 2103 537 2157 iuter
560 2104 686 2158 nobilem
720 2109 748 2158 et
775 2104 944 2175 ignobilem,

98 2192 273 2246 sacerdotem
302 2196 330 2246 at
356 2191 471 2260 laicum,
502 2208 615 2246 servum
648 2199 675 2247 et
699 2194 859 2259 dominum,
889 2200 943 2248 etc.

98 2280 204 2336 Omnes
232 2280 309 2334 enim
339 2296 456 2352 exaequo
481 2281 677 2335 stabuntante
707 2281 945 2350 tribualChristi3

98 2383 152 2422 nec
166 2367 221 2422 erit
235 2367 361 2438 acceptio
376 2384 562 2440 personarum
580 2369 655 2439 apud
667 2370 766 2424 Deum.

134 2456 178 2511 Sir
194 2456 329 2512 sacerdos.
348 2456 443 2510 Bonos
456 2458 581 2527 populus
608 2472 672 2511 cum
701 2457 776 2511 bono
801 2457 946 2511 sacerdote

98 2543 236 2616 percipiet
250 2560 385 2598 coronam
399 2544 477 2612 vilae3
502 2544 570 2599 mali
585 2544 670 2599 simul
684 2546 866 2600 sustinebunt
889 2552 947 2599 tor·

99 2638 195 2687 menta
211 2633 350 2704 gehenna
362 2632 424 2686 sine
438 2632 602 2703 acceptione
617 2650 757 2704 persona.

137 2723 231 2776 Terra.
261 2720 324 2792 (lo.)
353 2721 477 2775 Terrena
504 2738 591 2792 opera
616 2723 652 2777 ad
669 2722 793 2777 nihilum
812 2723 945 2790 redigan-

100 2814 158 2874 tur,
184 2815 215 2864 ut
229 2810 335 2863 abolita
349 2809 476 2880 imagine
502 2809 609 2865 terreni
626 2811 751 2865 hominis
779 2818 948 2882 permaneat

1028 427 1165 493 Quomodo
1179 427 1205 481 si
1222 441 1317 495 pauca
1336 427 1423 494 oliae,
1442 431 1496 480 etc.
1513 426 1615 481 Paucis
1644 426 1763 497 relictis,
1777 444 1838 483 com

993 515 1153 586 persecutio
1168 516 1309 569 roraverit
1327 519 1444 580 terram,
1461 520 1528 583 eta,
1552 531 1639 585 nsque
1664 516 1705 570 ad
1723 517 1844 571 collectis

994 620 1109 674 qrroqne
1120 604 1240 658 racemis
1255 605 1298 656 rix
1314 604 1395 674 ponci
1411 603 1606 658 remanentia
1622 603 1732 658 ritibus
1743 606 1842 659 vacuis.

1028 692 1109 746 vans.
1128 693 1172 747 ll.
1205 720 1241 732 -
1268 693 1359 762 Atque
1390 692 1561 746 laudabunt:
1592 708 1653 747 erem
1681 693 1844 763 glorificatus

993 781 1078 848 (uerit
1103 781 1245 836 Dominus.
1276 781 1341 851 (lo.)
1369 780 1537 835 laudabunt
1563 781 1613 852 qui
1634 786 1774 851 poterunt
1801 798 1843 836 re-

995 873 1155 922 manereet
1183 884 1348 938 pressuram
1373 868 1671 940 Antichristifugere,
1702 869 1841 924 velarda·

995 973 1056 1011 rem
1071 957 1250 1011 imminentis
1266 957 1416 1028 gehennoe.

1031 1047 1172 1099 Hinnr'ent.
1188 1047 1334 1116 Equorum
1345 1045 1542 1110 similitudine,
1570 1045 1680 1101 laetitiae
1696 1045 1843 1118 gestientes

996 1133 1236 1203 magnitudinem.

1034 1223 1117 1276 Vens.
1139 1224 1180 1276 to.
1211 1253 1245 1261 —
1263 1226 1288 1275 Α
1310 1222 1412 1284 tlrrtbas
1441 1228 1529 1289 terra,
1560 1222 1656 1276 laudes
1679 1224 1841 1291 actitaturus,

996 1310 1112 1375 gloriam
1123 1311 1203 1379 justi.
1229 1311 1260 1364 lu
1277 1311 1406 1376 llebraeo,
1422 1311 1472 1364 ulis
1496 1315 1583 1364 terra.
1614 1310 1676 1364 Alae
1694 1317 1791 1365 autem
1805 1313 1842 1366 rel

997 1399 1068 1451 lines
1084 1405 1178 1466 terra,
1192 1398 1338 1470 prophetae
1350 1403 1417 1452 sunt
1431 1405 1459 1452 et
1473 1398 1606 1469 aposloli,
1635 1396 1689 1469 qui
1704 1399 1740 1452 de
1760 1406 1841 1453 torre·

999 1484 1042 1538 nis
1060 1484 1093 1539 ad
1122 1484 1246 1538 coelestia
1269 1485 1375 1551 volant,
1392 1485 1604 1555 atquibusdnrn
1636 1490 1841 1555 praeceptorum

999 1573 1105 1627 linibus
1119 1573 1232 1628 vivendi
1245 1573 1361 1628 modum
1374 1573 1540 1632 terminant.
1568 1573 1675 1628 llieunt
1699 1590 1769 1644 ergo
1784 1591 1840 1629 sau·

999 1661 1060 1715 cti:
1082 1663 1156 1718 Sicut
1179 1679 1195 1716 a
1221 1661 1370 1732 prophetis
1399 1666 1426 1715 at
1449 1661 1587 1732 apostolis
1610 1661 1782 1729 audivimas,
1809 1666 1840 1717 ste

999 1750 1085 1804 modo
1097 1751 1249 1821 impletum
1264 1750 1395 1805 ridemus.

1033 1840 1172 1895 Secretam
1182 1855 1268 1894 meum
1280 1840 1357 1901 milii,
1373 1837 1436 1910 (lu.)
1454 1840 1509 1893 Nec
1528 1843 1624 1910 potest
1646 1839 1735 1910 plene
1767 1855 1838 1892 enar·

999 1942 1062 1981 rere
1073 1928 1195 1998 praemiu
1205 1928 1359 1994 bonorum,
1370 1942 1529 1998 neopocnas
1540 1928 1695 1991 malornm,
1709 1943 1841 1998 quapra-

998 2015 1075 2069 ridet
1090 2031 1141 2086 per
1155 2015 1302 2085 spiritum;
1319 2013 1427 2069 eliade
1457 2014 1544 2079 dolet,
1566 2015 1667 2070 dicens
1684 2030 1691 2069 :
1713 2017 1759 2070 Ver
1772 2017 1840 2069 mili.

1035 2105 1115 2157 Vens.
1135 2108 1175 2159 tt.
1206 2133 1240 2142 -
1256 2103 1379 2158 Formido
1406 2108 1433 2156 et
1460 2105 1550 2170 socen.
1581 2104 1705 2157 Possunt
1720 2105 1780 2158 haec
1793 2109 1842 2157 tam

999 2192 1034 2245 ad
1052 2196 1180 2261 ternpore
1196 2197 1364 2260 martyrum,
1380 2196 1445 2257 cto,
1461 2205 1545 2259 usquc
1572 2191 1610 2246 ad
1626 2190 1667 2245 sic
1697 2192 1784 2245 etiam
1802 2191 1845 2245 liet

999 2278 1030 2332 in
1042 2285 1171 2349 tempora
1183 2278 1359 2332 Antichristi.

1037 2369 1116 2425 Vens.
1136 2370 1177 2422 t8.
1194 2398 1225 2407 —
1242 2368 1352 2436 Aperta
1365 2372 1438 2435 sant,
1468 2373 1521 2422 etc.
1541 2369 1575 2423 Ut
1593 2368 1692 2424 videat
1707 2371 1784 2424 Deus
1797 2370 1845 2424 iai·

1000 2455 1122 2527 quitates
1140 2455 1305 2509 antichristi
1321 2460 1350 2509 et
1361 2455 1480 2525 judicet.
1498 2456 1573 2510 Dum
1592 2457 1672 2511 enirn
1696 2473 1757 2512 non
1772 2458 1847 2529 punit

1000 2549 1126 2610 peecata,
1148 2561 1177 2596 se
1193 2544 1289 2597 ridere
1306 2560 1339 2597 ea
1354 2543 1523 2597 dissimulat.

1037 2631 1226 2686 Fundamenta
1241 2637 1327 2686 terrae.
1344 2632 1489 2702 Principes
1505 2633 1613 2698 saeculi,
1626 2638 1746 2689 terrena
1757 2652 1846 2706 opera.

1038 2719 1117 2775 l’ens.
1136 2723 1178 2775 lt).
1199 2749 1233 2760 -
1257 2722 1454 2787 Corrsraetione
1473 2724 1676 2791 orsrrfrr'npetar.
1698 2726 1764 2780 Non
1780 2726 1848 2798 quod

1003 2812 1078 2862 terra
1089 2809 1237 2879 redigatur
1248 2809 1278 2863 in
1306 2810 1463 2880 pulverem,
1492 2810 1691 2882 velnihilum‚
1722 2814 1850 2887 sedquia

100 2897 196 2968 imago
211 2897 343 2952 coelestis.
363 2899 434 2954 Caro
461 2899 539 2953 enim
566 2902 595 2952 et
618 2899 734 2970 sanguis
755 2915 877 2970 regnum
894 2895 980 2954 heic
1001 2896 1102 2951 omnin
1116 2901 1231 2951 terrena
1252 2897 1424 2953 transibunt.
1447 2898 1479 2952 lli
1492 2901 1637 2969 quomodo
1652 2901 1754 2956 ebrius
1768 2905 1849 2957 nescit

101 3002 159 3040 non
172 2987 365 3056 possidebunt,
388 2986 456 3057 quia
484 2987 604 3041 mortale
617 2986 669 3042 hoc
685 2987 785 3041 induet
796 2989 946 3042 immorta-

100 3073 220 3130 litatem.

137 3162 218 3218 Vens.
243 3166 272 3217 O.
300 3193 334 3202 -
358 3163 513 3218 Maledictis
538 3165 646 3218 rorabit
675 3170 784 3219 temam.
811 3163 889 3220 Sicut
915 3165 946 3219 iu

99 3251 242 3322 principio
274 3250 418 3306 benedixit
454 3252 528 3306 Deris
555 3253 634 3306 omni
676 3257 824 3318 creaturae,
853 3252 893 3307 sic
917 3253 946 3308 in

100 3339 157 3393 line
183 3338 328 3393 maledicit
352 3334 397 3393 his
412 3339 461 3409 qui
481 3339 587 3394 terreni
616 3349 696 3407 sunt;
726 3357 777 3395 nac
792 3341 946 3412 peregrini,

1001 2985 1071 3056 quid
1085 2989 1159 3055 agat,
1174 2986 1213 3039 sic
1242 3001 1341 3040 omnes
1368 2985 1418 3056 qui
1437 2992 1588 3042 vorsantur
1602 2989 1634 3043 in
1651 2995 1732 3044 terra
1762 2992 1849 3047 aialo-

1002 3090 1066 3128 rum
1082 3073 1279 3143 magnitudine
1290 3074 1361 3129 ebrii
1375 3079 1460 3129 erunt
1474 3081 1503 3130 et
1517 3077 1677 3148 stupebunt
1692 3080 1730 3134 ad
1747 3081 1848 3135 omnia.

1037 3164 1121 3216 Vens.
1137 3164 1180 3217 20.
1199 3194 1232 3202 -
1248 3163 1462 3219 Tubernaoatum
1477 3168 1556 3219 uirtus
1578 3169 1674 3221 noetis.
1690 3169 1755 3237 (lo.)
1774 3171 1849 3234 Quod

1001 3250 1139 3304 ariatore
1155 3252 1334 3320 transfertur,
1351 3256 1382 3305 ut
1396 3253 1508 3307 nullum
1523 3261 1674 3309 remaneat
1690 3258 1850 3328 vestigium,

1002 3338 1041 3393 sic
1053 3338 1285 3408 transibitligura
1298 3341 1383 3409 huJ'ns
1393 3342 1493 3395 mundi
1503 3343 1526 3412 [l
1534 3343 1594 3398 Cor.
1604 3343 1665 3412 vn),
1677 3347 1708 3396 et
1718 3346 1852 3400 eritterrs

102 3426 151 3481 sed
163 3426 339 3481 habitatores
354 3432 437 3480 terra
454 3443 461 3482 :
477 3432 505 3481 et
531 3427 580 3497 qni
605 3427 634 3480 in
650 3443 682 3480 ea
707 3432 835 3498 peccant,
864 3426 947 3480 obliti
1001 3427 1113 3482 deserta
1127 3432 1158 3481 ut
1172 3429 1279 3482 nonsit
1293 3428 1431 3483 habitatio
1447 3430 1570 3499 amplius
1593 3431 1749 3487 hominurn
1767 3434 1797 3488 in
1811 3451 1849 3488 aa.

101 3513 274 3568 conditionis
286 3519 479 3568 strec2contra
502 3532 531 3568 se
552 3520 652 3568 mutuo
675 3514 889 3569 debacchantes.
917 3514 948 3568 Et
1038 3517 1116 3571 Vens.
1133 3519 1176 3571 m.
1206 3546 1241 3558 -
1269 3520 1303 3572 at
1330 3520 1391 3579 erit.
1418 3523 1470 3572 ete.
1488 3519 1574 3584 Onasi
1602 3520 1737 3577 diceret:
1769 3524 1852 3577 Faus·

101 3601 184 3672 pauci
198 3602 397 3666 remanebunt,
425 3602 475 3674 qui
500 3603 624 3658 habeant
642 3602 800 3673 imaginem
815 3604 945 3657 coelestis.
1001 3605 1357 3675 straecoeliapertoesunt,
1375 3611 1406 3660 ut
1425 3607 1617 3679 prospiciente
1641 3609 1770 3666 Domino
1800 3617 1851 3665 ter·

136 3688 217 3743 raas.
233 3693 258 3744 7.
275 3718 309 3729 -
328 3691 569 3759 inclinamenta,
586 3695 724 3762 infirmata
743 3694 807 3746 vitis
822 3696 871 3746 est.
883 3691 950 3762 (lo.)
1001 3709 1071 3748 rena
1086 3698 1211 3764 peccata,
1229 3694 1323 3749 omnis
1339 3694 1430 3765 ligura
1445 3699 1626 3751 terrenorum
1642 3713 1770 3768 operum
1785 3716 1852 3770 pra·

102 3775 133 3829 lu
148 3779 404 3844 consummatione,
425 3780 525 3835 rnnndr
548 3781 759 3851 praeteritarum
779 3780 946 3835 deliciarum
1001 3786 1092 3835 torcat
1106 3787 1135 3836 et
1150 3787 1274 3847 corruat,
1287 3798 1381 3852 neque
1397 3783 1427 3836 in
1437 3783 1560 3854 pristina
1574 3789 1687 3840 statura
1712 3792 1851 3859 resurgat.

101 3864 260 3920 recordatio
272 3866 327 3921 erit
339 3868 949 3938 materiacruciatuum3unde.pnrpuratus
1004 3869 1215 3941 Visitabitergo
1242 3869 1425 3926 Dominnsin
1450 3871 1496 3926 die
1520 3871 1570 3926 illa
1599 3888 1689 3945 snper
1723 3876 1853 3933 militiam

101 3952 178 4009 diros
191 3955 242 4026 qui
259 3963 405 4026 reserrerat
429 3957 505 4012 bona
528 3956 559 4010 in
573 3958 631 4011 rita
647 3973 708 4023 sua,
723 3959 835 4011 elevans
850 3958 947 4010 oculos
1001 3958 1073 4024 emti,
1089 3963 1189 4012 utnon
1200 3958 1293 4012 solum
1309 3964 1432 4025 terrena,
1453 3959 1503 4015 sed
1521 3961 1644 4016 ooelestia
1660 3963 1785 4033 judicet.

101 4041 947 4115 deinferno,cernitl.azaruminroquielluc.xn);unde
1037 4048 1124 4116 Super
1141 4047 1280 4100 mititiam.
1298 4047 1530 4116 (Iollnedrtotas
1552 4051 1636 4103 estin
1664 4053 1729 4106 coa
1746 4053 1851 4120 gladius

105 4131 150 4185 Va
164 4131 238 4186 vobis
254 4135 302 4201 qni
315 4134 434 4186 saturati
445 4135 519 4197 estis,
532 4136 598 4203 quta
612 4135 734 4187 esurietis
750 4131 825 4203 (Luc.
845 4132 891 4202 vr).
964 4150 1087 4224 umens.
1102 4136 1187 4189 Astra
1202 4137 1444 4190 nonsuntmanda
1470 4139 1498 4191 in
1511 4144 1655 4207 conspeetu
1670 4140 1743 4208 eiras.
1771 4143 1805 4196 at
1830 4142 1854 4194 ia

138 4220 339 4289 Ingemuernnt,
368 4225 517 4292 omnesqui
540 4221 713 4286 letabuntur,
728 4227 781 4276 etc.
796 4222 854 4277 lloa
869 4220 946 4276 testi·
1003 4225 1107 4291 adpetis
1120 4225 1177 4277 suis
1189 4226 1288 4293 reperit
1297 4227 1459 4292 pravitatem
1468 4225 1537 4294 (Iso.
1555 4242 1647 4293 xxxiv,
1663 4227 1730 4282 Job.
1750 4244 1798 4294 xv,
1811 4229 1852 4295 n).

102 4308 232 4362 monium
261 4307 420 4378 ingerimus
435 4309 476 4363 eis
491 4308 540 4380 qui
556 4309 587 4362 iu
602 4308 740 4363 conviviis
763 4324 824 4364 nou
854 4307 946 4363 solnm
1038 4315 1120 4379 lienes
1148 4316 1234 4366 terra.
1266 4313 1371 4383 (Hran.)
1393 4311 1518 4368 Rectores
1546 4315 1732 4383 taricheorum,
1767 4321 1855 4373 contra

103 4397 170 4467 gula
185 4399 213 4449 et
228 4396 375 4462 ebrietate,
403 4397 451 4452 sed
478 4396 598 4450 auribus
621 4396 813 4463 luxuriantur,
843 4400 874 4449 ut
897 4411 949 4467 per
1002 4401 1163 4469 spiritualia
1189 4402 1317 4468 nequitia
1336 4403 1365 4455 tn
1390 4402 1539 4456 comestas
1565 4404 1678 4471 (Epire.
1695 4406 1757 4475 v1);
1786 4407 1854 4460 nnde

103 4501 203 4539 omnes
214 4485 427 4539 sensnsanimac
437 4484 573 4539 fortitudo
589 4485 743 4540 mollescat.
1003 4488 1032 4542 in
1048 4487 1146 4543 Daniel
1168 4491 1265 4543 :asin
1275 4491 1304 4542 in
1319 4504 1456 4543 occursum
1470 4491 1540 4544 milri
1549 4495 1679 4560 princeps
1701 4498 1785 4561 regni
1800 4497 1854 4549 Per

140 4575 218 4629 Vsus.
230 4575 272 4627 lO.
291 4603 324 4613 -
337 4574 444 4628 Attrita
458 4578 497 4628 est
516 4575 613 4627 ciuitas
626 4574 769 4628 sanitatis.
787 4572 909 4628 blundus
918 4572 949 4627 in
1002 4592 1105 4643 saram,
1122 4581 1147 4630 et
1156 4579 1280 4646 prirroeps
1294 4579 1371 4644 regni
1392 4577 1531 4632 Medorum
1545 4578 1627 4648 (Dan.
1639 4580 1680 4649 a).

103 4660 267 4733 quaomnia
283 4677 364 4728 varra,
380 4661 489 4715 vanitas
504 4662 702 4715 ranitntnmet
715 4661 812 4715 omnia
825 4661 946 4715 vanitas.
1038 4666 1118 4719 Vaas.
1144 4667 1188 4719 Ὠ.
1217 4694 1251 4706 -
1279 4667 1314 4719 at
1337 4665 1584 4734 congregabuntur.
1624 4666 1690 4737 (lo.)
1720 4670 1855 4742 Origenes

139 4750 220 4803 Vens.
248 4753 290 4804 ll.
310 4780 346 4790 -
372 4752 478 4806 Clamor
502 4755 553 4806 erit
575 4765 657 4819 snper
674 4753 746 4803 atrro.
763 4751 815 4803 Per
838 4750 947 4817 vinum,
1003 4752 1071 4808 dicit
1087 4752 1176 4824 quod,
1192 4757 1256 4823 post
1269 4753 1343 4807 hanc
1356 4754 1552 4808 sententiam:
1574 4756 1624 4813 lte,
1641 4758 1800 4823 maledicti,
1829 4764 1854 4814 in

103 4853 245 4904 errorem,
261 4837 332 4892 ebrii
348 4839 425 4892 onim
440 4843 546 4893 errant.
565 4839 618 4893 Per
635 4838 743 4908 plateas
756 4837 830 4908 (quae
854 4838 949 4892 Graeco
1003 4843 1234 4908 ignemaeternam
1250 4841 1359 4912 (blattis.
1380 4853 1454 4908 xxv),
1470 4846 1536 4911 post
1555 4842 1759 4912 multosdies,
1776 4847 1856 4902 idest

103 4925 279 4980 alalitudine
294 4926 437 4993 dicuntur)
453 4927 608 4996 spatiosam
621 4930 650 4980 et
666 4925 752 4979 latam
781 4925 866 4991 riam,
884 4942 949 4997 quae
1004 4931 1068 4998 post
1081 4927 1160 4982 mille
1173 4943 1264 4981 annos
1277 4928 1412 4982 visitandi
1426 4932 1454 4982 et
1472 4927 1614 4983 liberandi
1638 4937 1720 4987 sant.
1735 4933 1792 4990 Sed
1808 4937 1855 4990 hoo

104 5013 183 5069 ducit
191 5014 226 5069 ad
249 5019 382 5080 mortem,
408 5013 573 5085 accipimus.
596 5015 688 5084 Super
702 5013 747 5067 his
762 5029 829 5084 ergo
843 5014 893 5084 qni
907 5031 950 5068 cr·
1004 5015 1127 5070 Ecclesia
1144 5032 1202 5070 non
1214 5016 1322 5086 recipit.
1336 5017 1448 5071 llictnm
1462 5021 1504 5073 est
1515 5018 1615 5073 enim:
1631 5020 1724 5076 Ibunt
1736 5026 1819 5094 impii
1831 5026 1855 5078 a

104 5107 239 5156 naverunt
264 5102 293 5155 in
311 5101 368 5157 lata
398 5106 426 5156 et
449 5101 574 5172 spatiosa
603 5101 647 5156 via
672 5102 760 5173 hujus
788 5101 895 5166 saculi,
920 5103 949 5157 in
1004 5106 1169 5173 suppliciam
1180 5110 1319 5172 aeternam,
1344 5105 1416 5174 justi
1441 5111 1531 5161 aretem
1554 5108 1584 5161 r'n
1607 5110 1696 5164 uitam
1729 5118 1854 5167 eternas

105 5189 152 5244 dio
163 5190 264 5262 judicii
281 5191 391 5245 clamor
408 5189 516 5244 doloris
531 5190 596 5244 crit.
1006 5194 1197 5261 (harleiano).
1219 5194 1299 5258 Quod
1325 5200 1419 5248 autem
1449 5200 1589 5249 aternum
1619 5202 1664 5251 est
1693 5202 1780 5256 omni
1806 5204 1854 5257 bue

142 5280 221 5333 Vens.
238 5281 277 5335 ta.
296 5281 376 5334 —ln
397 5279 485 5334 medio
518 5284 604 5333 terra.
633 5279 881 5350 Jerusalem,quac
909 5283 952 5333 est
1006 5289 1092 5346 caret,
1113 5281 1227 5335 etsicut
1249 5282 1387 5352 gaudium
1403 5284 1651 5349 aetcrnum,itaet
1669 5289 1853 5361 suppliciam.

106 5366 150 5435 (ot
174 5366 262 5436 aiunt)
291 5367 444 5423 umbilicus
484 5371 577 5421 terra..
610 5368 654 5435 Et,
677 5372 829 5423 autumant
856 5367 951 5435 mulli,
1044 5371 1365 5436 Urnessascr'sr'ntacum.
1383 5370 1471 5426 Unde.
1489 5372 1610 5440 Alligute
1628 5389 1727 5446 eapm
1742 5381 1854 5446 fascial-

106 5455 173 5523 qula
203 5453 339 5509 [lominus
364 5456 545 5526 judicaturus
585 5472 670 5527 super
694 5457 833 5526 montem]
861 5456 949 5521 Sion,
1005 5458 1044 5512 los
1060 5458 1326 5513 adcomburendnm.
