3892 6106
107 223 174 275 llos
436 210 635 271 usuarium
652 212 775 270 suanm
790 211 893 269 FULD.
906 209 990 269 uon.
1002 211 1078 269 OPP.
1095 212 1183 269 PARS
1197 213 1219 268 1.
1238 241 1273 254 ···
1287 210 1520 270 rnuotootca.
1795 218 1859 272 troo

104 341 161 397 illm
176 339 334 412 sexaginta,
351 337 488 410 quiasola
500 335 652 391 dilectione
667 339 877 406 praceptorum
900 334 986 389 11313
1006 340 1083 389 33133
1098 335 1240 404 militaris,
1266 335 1444 406 respondens
1469 351 1506 391 ex
1528 351 1596 391 voce
1622 336 1859 405 (1331333333-

103 429 310 503 perfectionem
321 443 439 497 operum
454 425 569 493 habent,
582 425 656 496 quod
666 440 719 495 per
729 423 949 494 multiplicatio·
1004 441 1068 479 cum
1086 424 1218 480 uidelicet
1233 441 1292 480 333
1308 425 1466 495 spiritualis
1482 426 1604 483 militie.

104 537 171 577 uem
187 519 356 575 duodenarii
383 531 435 587 per
447 516 611 587 quinarium
626 520 720 586 potest
734 515 877 585 intelligi:
905 515 949 569 ael
1040 514 1125 569 Vnus.
1144 517 1187 568 ll.
1203 545 1236 554 -
1261 516 1377 578 Nesciat,
1403 516 1682 571 animamarum
1707 515 1749 571 sic
1772 532 1860 588 spon-

104 608 477 682 quiaquinquecorporeos
500 605 651 658 sensusod
678 603 808 673 regulam
837 607 949 675 aposto·
1003 618 1061 668 sus,
1078 603 1198 673 velipsa
1220 603 1354 668 Ecclesia,
1382 603 1497 657 labores
1519 619 1588 659 suos
1613 604 1858 677 evangelicosSy·

102 698 165 753 lica
180 697 318 752 doctrinm
342 691 732 763 temperent00logeoerius
759 695 854 746 aulem
883 706 947 744 crim
1003 706 1124 762 nagoga
1147 692 1263 745 miranti
1283 691 1443 763 praedicat:
1469 692 1518 747 ille
1545 691 1655 747 salubri
1677 694 1856 765 paenitudine

103 786 132 840 in
161 786 236 839 malo
261 783 409 853 accipitur,
436 782 641 852 temporalium
666 796 734 835 cura
763 785 792 834 et
818 780 948 851 implica·
1002 786 1183 849 compuncta,
1212 782 1363 852 protitetur
1389 797 1418 834 se
1452 796 1538 835 causa
1568 781 1700 851 profante
1725 783 1856 840 cenum

102 879 200 929 menta
214 871 368 943 designat:
388 870 456 942 quia
474 875 502 924 et
517 869 611 924 saculi
627 886 725 924 cursus
744 874 868 940 quatuor
895 868 948 922 cir·
1002 867 1109 923 diutius
1124 869 1279 924 aberrasse.
1305 869 1482 926 conturbavit
1508 885 1560 924 nie.
1585 871 1712 941 Propter
1732 887 1853 944 evauge-

100 961 265 1031 aumagitur
278 960 458 1031 temporibus
472 964 501 1013 et
516 959 640 1012 mundus
664 957 725 1027 ipse
746 961 869 1029 quatuor
898 956 949 1010 cli·
1003 957 1086 1011 licam
1102 957 1233 1011 Ecclesiae
1259 957 1504 1028 pradicationem,
1533 974 1586 1028 per
1614 963 1742 1030 quatuor
1756 961 1854 1016 muudi

102 1047 683 1118 malibusoriente,occidente,aquilone
706 1051 735 1100 et
758 1050 855 1100 austro
879 1045 948 1099 diri·
1002 1051 1097 1117 partes
1111 1047 1247 1100 velociter
1268 1046 1486 1112 discurrentem,
1502 1053 1530 1101 et
1559 1055 1688 1119 quatuor
1703 1049 1773 1103 rotis
1788 1049 1853 1105 fidei

102 1140 201 1206 mitur,
215 1141 258 1194 rel
274 1155 305 1194 ex
322 1147 448 1211 quatuor
462 1137 612 1192 elementis
627 1137 813 1207 compositus.
1000 1135 1192 1189 innitentem:
1220 1136 1296 1190 riade
1319 1141 1378 1190 eta
1408 1142 1533 1207 quatuor
1555 1130 1693 1207 personis
1716 1138 1852 1209 scriptum

137 1229 261 1283 113338.
287 1259 322 1267 -
348 1229 406 1282 Una
434 1232 473 1281 est
495 1225 617 1280 columba
641 1241 709 1289 mea,
725 1226 848 1294 perfecta
874 1240 945 1280 mea.
1001 1222 1075 1290 fuit;
1093 1224 1141 1278 sed
1157 1223 1198 1277 illi
1213 1229 1338 1295 quatuor
1361 1225 1429 1296 equi
1451 1225 1551 1280 eodem
1568 1224 1675 1296 spiritu
1697 1227 1734 1281 ad
1747 1226 1851 1283 bellurn

101 1316 236 1382 03331313
263 1317 360 1370 multae
382 1321 409 1370 ct
433 1314 553 1369 diversus
576 1329 718 1385 persona,
746 1318 843 1368 tamen
877 1313 948 1368 tides
1003 1313 1371 1368 33331333333313313331.
1666 1314 1685 1335 “·

101 1411 213 1460 333331
238 1406 267 1458 13
291 1404 341 1470 eis,
371 1419 460 1456 unum
490 1403 641 1474 baptisma,
666 1419 741 1457 3333
756 1402 840 1467 Deus,
857 1418 946 1457 unum
1037 1402 1231 1456 1133311.-
1251 1403 1403 1458 Revertere.
1426 1402 1576 1474 Synagoga
1590 1402 1751 1458 3331113313
1775 1421 1850 1460 suam

100 1510 187 1566 opiis;
203 1509 260 1547 uon
276 1492 411 1546 aliaante
441 1491 544 1561 legem,
561 1490 616 1544 alia
635 1491 688 1545 sub
711 1491 785 1560 lege,
813 1490 869 1544 atie
894 1491 946 1545 sub
1000 1489 1175 1555 tarditatem,
1196 1491 1320 1546 Ecclesia
1347 1491 1519 1546 consolando
1544 1495 1574 1545 et
1601 1492 1785 1548 exhortando
1808 1511 1852 1549 33-

100 1582 212 1654 gratia:
230 1581 277 1634 sed
293 1582 321 1634 in
338 1596 394 1634 una
410 1595 488 1650 paee,
503 1594 561 1632 uno
575 1578 677 1632 timore
691 1579 855 1633 constituta.
885 1579 945 1634 113-
961 1622 981 1676 B
1001 1579 1124 1647 spondet
1141 1595 1148 1632 :
1167 1585 1268 1651 quater
1282 1580 1351 1634 dicit
1369 1586 1510 1648 reuertere,
1538 1580 1607 1651 quia
1622 1579 1719 1637 iudaei
1734 1583 1849 1637 ubicun-

98 1676 143 1725 tcr
156 1675 253 1725 nostra
270 1669 462 1739 regeneratrix
478 1667 570 1738 gralia
587 1672 638 1730 331,
656 1682 720 1737 quae
731 1667 817 1738 clegit
835 1668 944 1737 simpli·
1000 1682 1056 1737 que
1071 1667 1197 1722 modain
1212 1673 1335 1738 quatuor
1347 1668 1447 1723 mundi
1462 1668 1593 1738 partibus
1606 1668 1744 1740 dispersi,
1755 1670 1786 1726 in
1799 1672 1850 1728 1133

99 1776 154 1826 333,
178 1765 207 1812 31
230 1759 336 1812 electos
361 1756 484 1810 custodit
497 1760 525 1809 et
548 1755 685 1808 sublevat.
716 1755 763 1808 Vel
789 1760 881 1808 mater
901 1771 947 1808 su·
976 1743 1067 1808 'suut
1089 1756 1285 1810 convertendi.
1314 1756 1375 1817 Vel.
1411 1761 1545 1811 rmertere
1571 1772 1695 1826 corpore
1723 1766 1848 1816 33333133

99 1863 189 1921 perna
211 1847 378 1910 Jerusalem,
394 1846 551 1913 quiuomne
574 1843 674 1898 dmum
702 1847 832 1913 optimum
854 1843 945 1899 313333-
999 1843 1267 1910 animoaberrore,
1290 1849 1321 1897 ut
1346 1843 1601 1899 declinosamalo.
1629 1845 1741 1901 lterum
1766 1864 1847 1904 33333·

99 1934 397 2002 eumdescenditldac.
416 1936 526 2002 1),quae
553 1947 680 2002 superna
705 1933 863 1987 ierusalem
891 1933 945 1987 hoa
1000 1937 1054 1985 tere
1068 1947 1199 2002 corpore,
1223 1937 1353 1986 3331331333
1375 1933 1481 1998 animo,
1509 1937 1541 1986 ut
1568 1932 1808 2004 iacias-bonum,
1825 1944 1848 1992 ct

98 2025 193 2078 solum
209 2022 243 2077 dc
265 2022 391 2076 humana
404 2019 619 2074 couversatione
640 2021 792 2091 approbat,
818 2020 894 2092 quod
914 2020 945 2075 13
999 2035 1035 2073 33
1050 2019 1119 2072 velis
1131 2035 1192 2073 esse
1216 2023 1340 2074 turbata.
1370 2021 1431 2075 Non
1448 2021 1553 2076 suflicit
1568 2020 1681 2099 reverti·
1695 2025 1845 2092 voluntate,

97 2113 206 2167 unitate
217 2125 275 2164 sure
291 2108 357 2163 lidei
373 2113 401 2162 et
416 2107 575 2162 dilectionis
591 2109 648 2162 [teo
665 2107 769 2162 servire
784 2108 940 2164 desideret.
999 2108 1060 2162 nisi·
1079 2107 1205 2162 reversio
1229 2109 1397 2163 ostendatur
1424 2109 1561 2165 Ecclesiae.
1589 2113 1623 2167 Ut
1640 2113 1799 2167 intueamur
1817 2120 1844 2168 te.

99 2198 244 2254 Viderunt.
272 2197 373 2267 lingna
392 2194 455 2249 laus
475 2195 623 2249 catholicae
647 2194 777 2263 unitatis,
808 2212 894 2267 quam
917 2201 945 2251 et
999 2195 1169 2264 Utspeciem
1192 2196 1329 2250 castitatis
1356 2212 1573 2267 cognoscamus,
1589 2202 1617 2254 et
1631 2201 1790 2270 copulante
1803 2202 1845 2254 ad·

97 2286 189 2358 gratis
209 2291 310 2351 meter,
320 2300 385 2356 quae
400 2283 509 2355 genuit,
521 2283 550 2337 in
567 2276 737 2356 perpetuum
752 2284 850 2354 eligit,
866 2290 895 2339 31
909 2285 943 2340 11-
997 2283 1119 2338 inriaem
1136 2300 1188 2337 nos
1201 2285 1306 2339 Christi
1317 2300 1425 2350 amors,
1440 2300 1526 2339 unam
1542 2285 1666 2340 domum
1677 2287 1748 2342 lidei
1765 2290 1844 2343 ambe

95 2374 239 2444 lisa,quas
268 2372 330 2442 ipsa
346 2388 398 2443 per
412 2371 551 2443 Spiritum
566 2371 667 2441 genuit
691 2377 720 2425 et
749 2371 849 2438 nutrit,
877 2387 944 2426 mox
997 2371 1100 2443 inipso
1116 2372 1248 2443 angulari
1269 2373 1585 2444 lapideconstruamus.

96 2461 240 2525 viderunt,
257 2459 285 2514 id
300 2465 343 2513 est
356 2458 514 2513 castitatem
526 2459 592 2512 vitm
604 2458 666 2528 ejus
677 2458 848 2513 didicerunt.
866 2459 945 2514 Prae-
1351 2502 1463 2559 CAPUT
1488 2503 1534 2558 VH

95 2548 267 2605 dicaverunt.
285 2547 350 2602 Sive
366 2547 418 2613 illi,
435 2546 483 2618 qui
499 2562 564 2600 vere
580 2552 647 2601 3331
662 2546 815 2617 participes
844 2547 942 2618 regni3
1537 2546 1543 2559 ’

96 2637 155 2692 sire
182 2637 269 2690 etiam
299 2636 350 2700 illi,
367 2636 417 2707 qui
441 2635 559 2689 nomine
587 2635 844 2702 tenusadhoerent,
866 2641 894 2689 et
919 2635 943 2689 si
1034 2627 1114 2681 1111111·
1134 2627 1596 2692 1·-01111111111111111811111111111.
1614 2633 1845 2690 ItumEeclssiam

97 2741 161 2798 spes
190 2741 290 2780 eorum
320 2724 356 2779 sit
378 2725 408 2780 ia
435 2723 568 2791 terrenis,
593 2722 675 2777 laude
701 2723 820 2793 diguam
853 2722 944 2777 13133-
998 2722 1096 2770 mouet
1111 2715 1302 2787 Synagogam.
1318 2717 1380 2787 ipse
1395 2718 1573 2790 Redemptor
1599 2737 1740 2778 annuens
1755 2724 1847 2779 133313·

97 2819 155 2870 ω,
997 2803 1202 2870 mentisillius,
1220 2821 1250 2858 se
1269 2804 1402 2861 ellectum
1431 2807 1565 2865 daturum
1594 2812 1753 2881 promittit.
1782 2814 1847 2868 Elias

132 2903 202 2957 11333
230 2901 499 2967 9.-0333311313
528 2898 652 2954 Ecclesia
679 2898 810 2968 gentium
833 2899 873 2953 ile
899 2898 979 2954 tir-c
998 2892 1075 2946 anim
1090 2896 1119 2946 st
1135 2894 1228 2947 Enoeli
1244 2892 1274 2947 in
1294 2894 1352 2949 illis
1367 2898 1564 2952 convertendis
1583 2914 1644 2954 nou
1674 2900 1847 2968 laborarent,

97 2991 182 3046 miter
210 2989 350 3058 instituta,
374 2995 403 3044 et
427 3003 634 3060 usquequaque
660 2987 869 3056 multiplicitate
897 2988 942 3042 sui
997 2981 1053 3036 nisi
1073 2981 1178 3036 divinis
1203 2981 1846 3056 83313133133133331311313133113333113333-

96 3079 199 3136 diffusa
216 3082 244 3133 et
269 3078 408 3149 producta
433 3092 484 3148 per
497 3077 601 3148 gradus
616 3081 644 3130 ct
663 3075 855 3131 successiones
877 3093 941 3131 suas
996 3070 1151 3124 titudinem
1175 3071 1368 3126 conversionis
1393 3089 1493 3127 eorum
1513 3074 1664 3130 habereut.
1684 3078 1760 3142 Quia
1774 3077 1848 3132 aide-

96 3186 187 3242 usque
202 3168 238 3224 ed
248 3167 405 3221 norissima
418 3170 559 3236 tempora,
576 3166 633 3220 iltis
647 3165 808 3219 novissimis
832 3170 942 3236 tempo-
997 3157 1049 3213 1111·
1064 3157 1149 3222 Onesi
1160 3158 1266 3213 diceret
1281 3175 1288 3214 :
1303 3160 1386 3215 Doleo
1399 3160 1435 3215 de
1450 3161 1652 3218 incredulitate
1669 3163 1845 3236 Synagoga23

95 3257 176 3313 ribus
197 3258 258 3328 jam
288 3255 404 3309 intuens
425 3254 577 3326 synagoga
605 3259 665 3309 tam
685 3254 758 3308 bene
782 3261 940 3324 operatam,
997 3245 1130 3300 sedecies
1155 3246 1184 3300 in
1203 3247 1331 3317 proximo
1355 3248 1588 3316 convertendam,
1618 3256 1651 3305 ut
1679 3250 1712 3307 in
1743 3254 1845 3325 eajam

95 3351 322 3418 operantemque
336 3343 426 3414 ipsam
445 3347 572 3396 sanctam
589 3342 752 3410 Ecclesiam,
771 3349 830 3396 lam
854 3343 942 3397 ditiu-
996 3350 1055 3389 uon
1070 3339 1205 3407 appareat
1219 3335 1381 3402 infidelitas,
1397 3338 1445 3393 sed
1468 3353 1554 3409 opera
1570 3339 1769 3410 spiritualium
1783 3358 1847 3413 ago·

94 3437 220 3500 sam,tot
246 3430 544 3502 sapientissimossine
567 3430 720 3484 schismate
744 3431 825 3501 sequi
854 3446 941 3485 unam
996 3439 1078 3488 num,
1100 3429 1129 3477 111
1156 3423 1305 3478 uirtutum.
1335 3425 1423 3490 Quam
1438 3427 1550 3496 pulcbri
1573 3433 1639 3483 3331
1663 3445 1788 3497 prossus.
1819 3431 1846 3485 13

94 3522 182 3577 tidem
199 3537 206 3575 :
224 3523 360 3590 praeterea
375 3519 504 3573 virorum
521 3521 549 3572 et
562 3522 741 3573 mortuorum
754 3518 899 3584 miracula,
913 3525 941 3575 et
995 3511 1153 3581 premissis
1179 3510 1417 3582 descriptionibus
1441 3519 1484 3568 331
1507 3514 1663 3571 descensus
1677 3533 1696 3571 a
1716 3519 1847 3590 superio-

95 3606 716 3677 multaaliaChristianaelideiergumenta3
731 3608 789 3676 jam
819 3611 939 3677 conjun·
994 3599 1127 3653 rihusud
1154 3598 1299 3662 inferiore.
1329 3605 1359 3655 111
1385 3601 1567 3672 superiorum
1588 3609 1704 3660 tantum
1728 3606 1847 3662 111333-

95 3706 150 3766 cta,
166 3698 319 3770 poeuitens,
336 3702 364 3750 et
384 3700 566 3765 compuncta,
582 3696 651 3749 dicit
673 3695 846 3758 admirative,
877 3696 940 3763 Quae
994 3696 1138 3750 mendatio
1154 3696 1359 3752 membrorum,
1379 3699 1410 3753 ln
1426 3699 1479 3753 hac
1496 3702 1743 3758 commendantur
1764 3706 1846 3760 etiam

94 3792 133 3843 331
159 3790 224 3852 1313,
246 3793 300 3840 etc.
322 3785 407 3852 Quasi
433 3799 534 3838 aurora
559 3798 730 3851 eonsurpeas.
746 3785 824 3838 1333
849 3785 939 3840 Eccle-
992 3784 1845 3863 131331333,3131)131331331133333333113333133333333,

94 3873 136 3929 313
150 3873 301 3939 fitaurora,
318 3887 383 3926 cum
404 3871 586 3926 mortalitatis
601 3876 688 3942 elque
703 3871 875 3942 ignorantiae
899 3877 939 3927 te·
993 3873 1213 3939 ulostendatur,
1238 3874 1313 3945 quod
1342 3875 1391 3929 illa
1413 3875 1535 3930 llcclesia
1563 3877 1594 3931 in
1622 3880 1799 3951 norissima,
1817 3899 1846 3937 ex

93 3961 197 4017 nebras
224 3960 352 4014 funditus
376 3960 490 4015 amittit.
506 3959 658 4030 injudicio
673 3975 742 4030 ergo
767 3960 858 4015 adhuc
887 3977 939 4016 au·
992 3958 1050 4014 iltis
1073 3966 1139 4014 ante
1154 3962 1282 4033 reprobis
1305 3969 1470 4030 convocata,
1494 3964 1614 4019 hebebit
1638 3970 1745 4023 tamen
1759 3985 1844 4025 mem·

91 4065 166 4114 rora,
183 4048 230 4102 sed
247 4049 277 4101 in
292 4063 381 4119 regno
403 4048 535 4113 disserit,
554 4049 602 4102 ubi
628 4049 747 4119 plenum
762 4049 853 4102 visum
879 4050 938 4104 reri
993 4047 1045 4103 bra
1060 4050 1325 4119 superioribusnon
1336 4051 1460 4121 imparia
1476 4069 1484 4119 3
1500 4053 1762 4124 iuquedtmentio
1774 4075 1845 4131 gres·

1 4194 10 4211 .
93 4137 302 4191 solisliebebit.
329 4138 445 4190 Pulchra
459 4142 490 4191 ut
516 4138 591 4191 luna.
619 4137 749 4191 lunoete
776 4137 841 4191 vila
861 4153 973 4232 praa-D
993 4152 1088 4212 suum,
1104 4137 1171 4207 quia
1190 4154 1246 4192 non
1262 4137 1293 4192 in
1307 4139 1367 4193 otio
1379 4138 1485 4204 lutura,
1502 4141 1549 4196 sod
1564 4141 1601 4196 ad
1616 4151 1769 4202 certamen
1785 4164 1844 4218 pro·

92 4226 192 4292 sentis,
205 4224 254 4278 obi
275 4225 421 4278 variantur
435 4228 525 4279 status
544 4224 757 4295 temporalium,
785 4241 934 4298 compara·
992 4240 1117 4291 cessure,
1133 4226 1256 4295 primam
1273 4228 1516 4297 pulchritudinem
1528 4245 1559 4284 es
1574 4233 1739 4288 certamine
1753 4241 1844 4291 oslen-

91 4319 139 4369 tur
155 4315 225 4368 luaae
241 4313 323 4385 :quia
347 4328 424 4367 nuuc
443 4314 515 4367 31333
536 4313 656 4381 mundo,
686 4329 763 4368 nunc
786 4315 936 4386 despecla;
989 4314 1068 4368 ditur
1094 4313 1237 4369 habitura.
1264 4316 1350 4381 03331
1376 4316 1486 4386 pulchri
1511 4323 1584 4373 3331.
1609 4319 1712 4377 Primo
1728 4340 1843 4397 operum

92 4402 567 4472 nuucvirtulumcandoreplena‚
585 4418 661 4457 nunc
683 4404 936 4473 pravorumdeho-
989 4401 1177 4457 constantiam
1203 4409 1231 4458 et
1260 4404 1509 4460 mortificationem
1540 4408 1725 4479 voluptatum
1765 4414 1795 4468 in
1817 4428 1843 4467 33

92 4496 201 4546 ueslato
218 4491 300 4545 uitiis.
320 4492 351 4544 ln
367 4490 463 4545 131333
477 4490 665 4557 beatitudine,
677 4491 727 4545 ubi
744 4491 820 4547 idem
847 4497 936 4546 status
990 4490 1338 4562 laudatzouampulcdri
1360 4498 1433 4548 sunt.
1465 4494 1530 4550 llaec
1556 4496 1710 4555 dicensad
1736 4503 1842 4558 taudem

93 4579 158 4645 erit,
171 4581 242 4633 sicut
256 4581 296 4634 sol
317 4579 468 4649 fulgebunt
479 4579 559 4650 justi.
578 4579 716 4635 Terribilis
730 4584 761 4633 ut
786 4585 936 4635 castrorum
991 4580 1080 4651 ipsius
1095 4580 1224 4636 Ecclesia
1239 4583 1399 4652 conjunctae
1419 4599 1454 4637 ex
1483 4583 1635 4640 dulcedine
1652 4603 1684 4642 se
1696 4593 1842 4657 convertit,

91 4667 749 4738 331333άὶ331311313331131333331313331ὴί
779 4670 935 4736 ordinatos,
990 4673 1023 4723 ut
1043 4668 1134 4724 Judaei
1160 4668 1272 4723 facilius
1302 4676 1515 4733 convertantur,
1541 4680 1570 4727 et
1587 4673 1718 4731 Ecclesia
1740 4673 1843 4735 'dsillis

92 4754 355 4826 quiprobabilibus
374 4752 620 4809 sententiisfidem
649 4760 774 4809 nostram
799 4760 937 4810 evacuant
990 4757 1190 4811 convertendis
1213 4759 1279 4828 plus
1303 4758 1420 4814 laboret.
1456 4762 1594 4817 13331333
1619 4764 1773 4829 femorum.
1797 4768 1842 4823 Re

90 4847 266 4898 etterrorcm
279 4843 363 4897 uobis
376 4843 529 4898 incutiunt.
544 4843 624 4909 Quod
639 4843 791 4913 perfectius
806 4845 936 4899 ordinem
990 4852 1035 4901 cte
1049 4850 1113 4916 post
1128 4861 1241 4917 gressus
1255 4847 1406 4910 calceatos,
1423 4848 1559 4918 junctura
1584 4850 1738 4911 femorum
1755 4857 1841 4912 lauda·
1885 4878 1889 4885 ·

90 4930 120 4985 in
137 4947 166 4984 se
187 4932 326 4986 virtutum
350 4932 480 4997 collocat,
510 4947 543 4987 eo
566 4932 721 4986 terribilior
746 4936 787 4987 cst
816 4933 937 4988 Ecclesia
991 4939 1056 4988 tur:
1078 4933 1146 5005 quia
1177 4950 1229 5005 per
1259 4934 1452 4990 ministerium
1486 4937 1716 5008 predicantium
1743 4945 1842 5018 perfidi

90 5019 164 5074 33313
177 5019 376 5090 potestatibus,
396 5020 440 5074 vel
454 5036 577 5091 quaque
591 5020 684 5074 tidelis
697 5019 799 5074 anima.
992 5021 1137 5076 unanimis
1152 5022 1316 5093 conjunctio
1342 5024 1521 5079 credentium
1544 5015 1742 5098 populorum.
1757 5035 1840 5090 Moni-

124 5109 209 5163 Vens.
228 5109 270 5162 io.
286 5139 321 5148 -
336 5109 470 5164 Descendi
481 5111 510 5164 in
526 5111 632 5164 bortum
646 5125 755 5175 nucum,
771 5114 824 5165 313.
839 5111 937 5166 Judoea
991 5111 1039 5165 tia.
1051 5110 1250 5180 blandissima,
1267 5127 1333 5166 cum
1345 5112 1406 5183 jam
1423 5129 1479 5168 non
1492 5113 1668 5173 dissentiant
1682 5119 1717 5175 hi
1733 5122 1772 5178 ab
1786 5122 1839 5185 iuis

92 5196 254 5252 admirante
265 5213 370 5268 agones
385 5197 526 5261 Ecclesiae,
542 5205 571 5252 31
583 5197 761 5269 inquirente;
775 5197 835 5268 ipse
850 5215 937 5270 spon·
992 5199 1040 5254 sed
1056 5199 1085 5253 iu
1106 5199 1240 5253 omnibus
1267 5200 1438 5255 conveniant
1453 5205 1501 5255 :et
1525 5218 1648 5273 operum
1667 5210 1839 5264 attestatione

92 5300 141 5338 sus
166 5285 301 5354 perliibet
325 5286 523 5340 testimonium
550 5284 691 5341 Ecclesiae.
719 5286 776 5353 Vel,
805 5287 938 5342 dicantur
992 5288 1157 5342 clarescant.
1188 5288 1252 5354 Quae
1285 5288 1426 5356 fabricata
1454 5295 1529 5345 sunt.
1557 5291 1630 5356 Quin
1672 5297 1837 5370 coniunctio,

90 5387 152 5426 esse
175 5372 262 5427 rerba
282 5374 421 5441 Ecclesiae,
450 5390 516 5446 quie
530 5375 851 5447 annuitSyuegogasso
874 5377 936 5432 133·
991 5380 1052 5430 3313
1080 5374 1273 5430 inscrutabilis
1297 5376 1412 5432 consilii
1435 5376 1569 5433 ordinata
1594 5386 1665 5450 est;
1693 5387 1764 5458 quie
1773 5386 1837 5443 eun

89 5458 180 5529 danti,
195 5466 223 5514 et
236 5462 373 5516 contiuuo
388 5462 524 5529 insinuat,
539 5480 603 5535 quse
618 5463 656 5517 sit
676 5464 730 5565 pibi
750 5479 834 5519 causa
849 5479 936 5534 appa·
992 5465 1070 5518 norit
1092 5481 1181 5536 quare
1206 5466 1281 5521 Deus
1309 5482 1402 5539 usque
1429 5467 1465 5523 ad
1491 5467 1563 5523 illud
1586 5473 1710 5544 tempus
1737 5478 1836 5533 131333
