3892 6106
132 355 137 368 ,
155 300 207 353 tut
444 279 447 282 ,
484 291 682 348 watanutut
702 290 827 347 STRABI
847 289 949 346 FULD.
971 289 1054 345 uolt.
1074 288 1150 344 OPP.
1173 286 1261 342 PARS
1280 287 1303 342 1.
1322 315 1357 324 -
1376 285 1605 341 theonostus.
1858 287 1911 340 656

190 423 272 477 Vens.
290 423 332 475 ti.
348 450 382 459 -
400 418 565 488 AEdr'ficabil
584 414 752 484 domrrm,id
769 418 812 467 est
825 412 978 467 Ecclesiam
996 427 1002 464 :
1018 411 1040 466 Α
1059 409 1205 475 occidisse,
1219 407 1296 480 quod
1310 407 1379 462 vitio
1399 407 1569 478 scriptorum
1581 412 1624 461 eet
1637 405 1910 474 faetnm,ioabrero

157 511 259 565 domus
282 509 369 563 David
383 514 500 579 propter
515 505 654 575 templum
677 503 725 558 [lei
739 503 773 557 de
784 501 951 556 hominibus
966 500 1004 554 ia·
1059 498 1209 555 duodecim
1226 498 1316 551 millia
1339 497 1503 568 prostravit,
1525 496 1598 550 sicut
1619 496 1650 551 in
1665 495 1753 552 titulo
1766 496 1908 568 quinqua·

156 605 243 665 ctum,
261 614 316 652 non
333 597 368 651 de
384 594 534 667 lapidibus,
550 593 599 647 ubi
614 592 738 663 papulus
750 590 780 645 in
796 597 936 645 aeternum
950 589 1003 642 ha·
1058 587 1160 657 gesimi
1184 586 1298 657 septimi
1320 585 1423 656 psalmi
1444 586 1587 640 scribitur.
1619 585 1669 640 llic
1696 591 1796 640 erstem
1815 585 1906 640 decem

155 687 304 742 bitetoum
331 687 387 739 Deo
402 690 431 737 et
456 683 485 736 in
502 683 569 747 ileo,
583 685 611 735 et
627 681 700 734 Deus
715 695 780 733 cum
793 678 909 750 populo.
936 678 1003 732 Ideo
1059 682 1088 730 et
1113 681 1177 730 octo
1201 675 1298 730 hbisai
1325 674 1500 730 interfecisse
1528 675 1708 744 perhibetur,
1734 675 1784 730 sed
1800 674 1904 746 prodi·

155 791 219 830 cum
234 774 392 829 secundum
417 770 604 842 Septuaginta
627 768 733 822 dictum
751 768 785 821 sil
801 783 852 839 per
869 765 1003 821 Nathan:
1059 765 1166 835 gnitate
1198 763 1277 834 regia
1299 763 1422 832 ascripta
1451 767 1494 817 est
1512 763 1598 818 David
1620 762 1753 818 uictoria.
1786 764 1821 818 Et
1844 762 1905 834 quia

156 864 188 917 Et
201 863 345 916 nuntiabit
359 861 411 915 tihi
428 861 566 914 Dominus
585 857 724 928 quoniam
742 856 860 910 domum
876 854 1004 908 oeditica·
1060 852 1188 907 Christus
1216 850 1355 905 examinis
1379 850 1422 903 sni
1453 850 1630 906 districtione
1664 852 1693 905 in
1733 852 1780 906 his
1803 851 1902 923 quide

154 952 198 1007 bis
213 951 277 1021 ipsi,
294 955 393 1023 postea
416 947 569 1020 perflavid
586 947 710 1000 dicitur:
728 946 862 1011 Quantam
879 948 919 1009 tu,
937 946 1004 998 Deris
1060 958 1094 996 eo
1121 957 1209 1012 prava
1246 938 1383 1005 sentiunt,
1413 939 1565 993 stultitiam
1589 941 1778 1023 immoderati
1805 941 1903 1010 saporis

154 1042 250 1106 Israel,
264 1041 391 1095 revelasti
412 1053 504 1092 aurem
519 1037 592 1090 servi
607 1037 657 1101 tui,
673 1034 764 1088 dicem
780 1049 786 1088 τ
810 1034 926 1088 Domum
937 1031 1004 1086 adi·
1060 1030 1226 1100 exstinguit,
1241 1027 1318 1082 uude
1335 1044 1342 1081 ι
1359 1027 1411 1094 Qui
1429 1031 1511 1083 vortit
1525 1029 1648 1097 liugnam
1657 1044 1750 1096 ιιιαιιι,
1765 1028 1863 1084 incidit
1878 1031 1900 1083 r‘a

51 1172 54 1182 .
153 1129 241 1196 ficabo
264 1128 442 1198 tibilllflcp.
476 1124 533 1195 ιιι).
564 1126 641 1180 Hanc
663 1123 740 1177 enim
753 1122 871 1176 domum
901 1125 930 1175 et
952 1136 1006 1174 nos
1059 1120 1249 1189 melamlProv.
1267 1115 1347 1187 xru.)

156 1217 407 1272 aedificamusbene
420 1214 552 1280 virendo,
563 1213 674 1267 etheus
682 1211 823 1281 juvando,
837 1209 910 1264 unde
926 1210 1005 1266 :Nisi
1095 1209 1174 1261 Vnus.
1204 1209 1245 1260 to.
1265 1235 1296 1246 -
1317 1205 1499 1261 Achimelech.
1516 1207 1545 1262 ld
1560 1212 1612 1269 est.
1627 1207 1717 1261 nater
1731 1222 1815 1261 meus
1839 1221 1896 1260 rex:

157 1307 293 1361 Dominus
304 1304 479 1374 edificaverit
490 1302 609 1366 domum,
623 1305 666 1354 etc
681 1300 762 1368 (Psal.
780 1302 881 1362 cxxvi.)
1060 1297 1109 1368 qni
1135 1295 1165 1349 in
1180 1295 1289 1365 Regum
1305 1293 1481 1360 Abimclech,
1504 1293 1534 1350 id
1556 1299 1607 1358 est,
1639 1301 1723 1366 pater
1747 1310 1831 1349 meus
1847 1310 1895 1360 rex,

191 1397 226 1450 Et
252 1396 374 1449 thronus.
391 1391 576 1463 Ryperbotiee
591 1389 626 1443 dc
649 1388 711 1468 filio
727 1387 781 1442 lsai
796 1387 886 1458 aecipi
911 1389 1005 1456 potest
1059 1385 1190 1440 Ecclesiae
1202 1383 1364 1437 sacerdotes
1379 1383 1505 1450 instruit,
1523 1388 1555 1437 ut
1569 1383 1620 1454 qui
1635 1399 1689 1454 per
1707 1383 1840 1438 ordinem
1861 1383 1895 1436 di·
1927 1426 1930 1433 .

156 1483 192 1535 Αι
215 1495 281 1535 vero
296 1480 427 1535 Christus
442 1479 477 1533 de
493 1477 601 1532 semine
629 1474 716 1542 David
742 1479 836 1541 natus,
865 1475 1004 1528 exaltatus
1059 1474 1185 1546 gnitatis,
1209 1471 1412 1543 patristenent
1435 1472 1541 1538 locum,
1569 1471 1829 1543 perhumilitatem
1848 1471 1894 1524 lra-

156 1575 198 1625 est
212 1584 298 1639 snper
312 1583 428 1622 omnem
452 1567 645 1637 principatum
662 1570 690 1618 et
713 1568 884 1635 potestatem
902 1567 931 1616 et
946 1562 1001 1615 vir·
1059 1571 1117 1619 tres
1130 1566 1311 1624 censeantur,
1327 1564 1355 1613 et
1367 1561 1618 1615 nandomiueulru·
1631 1560 1662 1614 in
1678 1560 1768 1615 clero.

155 1662 261 1727 tutem,
276 1656 320 1710 cui
336 1657 419 1710 Pater
436 1654 547 1708 meavit
568 1668 673 1719 nomeu,
689 1651 761 1721 quod
776 1656 816 1705 cst
835 1667 916 1720 super
929 1665 1004 1704 omae
1094 1653 1174 1706 l'ens.
1186 1655 1227 1704 ll.
1241 1649 1412 1703 -Phelcthr‘,
1426 1649 1565 1719 tutanos.)
1581 1648 1774 1703 admirabiles
1787 1647 1893 1704 velriri-

156 1761 260 1810 nomeu,
281 1749 312 1798 ut
339 1747 370 1797 ia
396 1746 502 1798 tremine
524 1745 587 1796 iesu
604 1756 679 1796 emite
700 1756 769 1809 partu
791 1743 925 1808 flectatur,
950 1743 1003 1792 etr.
1062 1743 1203 1807 ficatores,
1215 1754 1287 1809 qnos
1301 1737 1420 1807 quidam
1435 1737 1535 1793 dicunt
1547 1738 1634 1792 fuisse
1643 1738 1827 1808 septuaginta
1834 1737 1894 1807 judi

159 1834 266 1904 (Philip.
283 1832 325 1903 u.)
1062 1847 1108 1885 ces
1125 1843 1205 1883 more
1220 1841 1321 1880 corum
1337 1841 1408 1896 quos
1425 1827 1532 1898 ldoyses
1547 1827 1669 1881 Domino
1684 1826 1895 1897 praecipientrin

479 1973 590 2028 CAPUT
605 1972 685 2027 xvm
1062 1934 1158 1975 eremo
1173 1915 1268 1987 elegit.
1291 1913 1346 1968 alii
1361 1914 1460 1970 dicunt
1485 1916 1647 1971 cerethaeos
1662 1915 1698 1970 ad
1712 1915 1767 1969 hoc
1787 1915 1894 1984 depota-

690 2012 696 2025 '
1062 2014 1105 2063 tos
1127 2011 1159 2060 ut
1185 2021 1250 2059 reos
1264 2002 1411 2072 punirent,
1433 2003 1612 2059 Pheletbceos
1628 2018 1697 2059 vero
1717 2008 1751 2058 ut
1782 2003 1894 2057 insontes

194 2100 274 2152 Vens.
294 2099 417 2152 t.-nt
443 2095 526 2164 filias.
561 2093 653 2166 (Rea.)
679 2093 801 2147 tdinorcs
820 2091 947 2146 civitates
971 2091 1007 2146 ad
1060 2095 1255 2155 defenderent,

160 2187 341 2258 metropolim
359 2183 545 2256 pertinentes,
562 2182 780 2251 etc.,usquead
799 2187 908 2235 etcaro
924 2180 1006 2251 cogi-
1095 2186 1188 2240 Parra.
1222 2185 1286 2240 Filii
1314 2182 1415 2253 David,
1443 2181 1549 2237 Christi
1575 2184 1642 2234 sunt
1656 2179 1769 2244 fideles,
1794 2176 1896 2251 quossi

158 2281 204 2329 tnr
218 2275 323 2328 servire
338 2272 464 2343 spiritui.
1060 2278 1156 2327 sancta
1172 2275 1247 2344 parit
1263 2273 1395 2338 Ecclesia,
1419 2270 1548 2341 quisunt
1562 2283 1646 2338 genus
1671 2269 1797 2336 choium,
1820 2267 1897 2334 repnte

191 2365 275 2418 vens.
292 2366 317 2417 3.
331 2391 366 2403 -
380 2362 531 2415 ,adorarem
557 2358 610 2424 Oui
636 2353 844 2429 interpretatur
870 2359 1005 2413 decorum
1059 2361 1241 2416 sacedotium
1256 2361 1280 2432 (l
1293 2363 1365 2416 Patr.
1383 2361 1421 2427 ιι.)

156 2453 313 2517 auxilium;
344 2467 392 2504 rex
416 2450 498 2513 Saba,
524 2450 574 2519 qui
592 2448 798 2518 interpretatur
826 2448 942 2502 incensa
961 2447 1006 2502 vel
1094 2451 1180 2504 Primi
1204 2451 1375 2505 admanum.
1405 2447 1476 2512 Quia
1504 2446 1741 2517 bouisoperibus
1762 2449 1898 2502 merentur

157 2545 335 2606 convertens,
366 2537 508 2609 significat
536 2536 703 2608 gentilitatis
721 2535 791 2589 vitia
811 2533 936 2589 naturali
955 2534 1007 2589 fer
1059 2538 1115 2592 sibi
1142 2555 1265 2609 regnum
1298 2538 1372 2605 omli,
1397 2541 1477 2592 tanto
1515 2536 1571 2590 ileo
1603 2535 1768 2597 viciniores,
1804 2537 1899 2606 quanta

158 2646 225 2684 vore
239 2643 376 2682 accensa:
399 2633 499 2681 contra
525 2640 590 2697 quie
613 2624 741 2680 Christus
755 2624 887 2695 conlligit
900 2628 928 2678 el
942 2624 1004 2679 vin·
1060 2626 1225 2683 sanctiores.

156 2719 194 2772 cit
206 2717 299 2784 alodio
310 2718 437 2786 spiritus,
450 2713 522 2784 quod
535 2719 574 2767 cst
587 2712 697 2767 veham
714 2714 760 2767 Dei
772 2712 948 2783 (Ephesii).

191 2806 272 2859 Vens.
311 2806 338 2858 4.
366 2835 400 2844 -
436 2802 677 2870 subnervavitque.
703 2799 1005 2854 SubnerratChristus
1379 2767 1491 2823 CAPUT
1517 2767 1581 2822 xlx·

156 2896 366 2964 repugnantem
389 2890 442 2945 sibi
457 2890 610 2961 superbam
626 2888 726 2944 mundi
742 2887 924 2942 altitudinem
949 2890 1004 2943 hu·
1095 2894 1176 2947 Vens.
1195 2896 1219 2947 l.
1237 2925 1270 2932 -
1285 2893 1400 2947 Ammon
1423 2892 1517 2962 (Rea.)
1535 2891 1588 2956 Qui
1601 2891 1818 2962 interpretatur,
1842 2893 1896 2951 etc..

155 2998 248 3036 manre
263 2980 425 3052 sapientire,
442 2980 519 3050 quod
534 2983 632 3032 tamen
651 2980 846 3050 opportunum
863 2980 892 3031 et
906 2981 1005 3049 aptum
1021 2978 1041 3034 C
1060 2996 1145 3049 usque
1188 2981 1225 3034 ad
1267 2981 1460 3052 cujusvultas
1485 2984 1629 3049 estsuper
1666 2980 1809 3047 facientes,
1835 2978 1896 3032 mola

155 3069 353 3141 praedicationi
368 3069 485 3140 reperit,
498 3070 623 3121 reservat
632 3065 696 3120 sibi.
1060 3069 1150 3136 (Psal.
1164 3068 1272 3140 xxxur.)

190 3159 270 3212 Vens.
287 3160 312 3211 e.
329 3185 364 3197 -
377 3158 409 3210 ln
429 3155 577 3208 Damasco.
604 3154 757 3206 Damascus
785 3152 891 3206 nobilis
906 3152 1005 3208 civitas

156 3245 306 3310 phenicis,
334 3244 477 3310 sanguinis
518 3242 644 3311 poculum
680 3241 895 3312 interpretatur.
925 3241 1005 3312 Syria
1391 3208 1504 3264 CAPUT
1522 3209 1575 3264 xx·

155 3333 279 3387 sublimis
304 3331 348 3385 rel
375 3332 507 3384 humecta.
535 3329 684 3384 Gentilitas
717 3330 806 3392 enim,
830 3329 911 3399 prius
940 3328 1004 3383 libi·
1095 3337 1174 3390 vans.
1193 3338 1218 3388 ι.
1234 3364 1267 3374 -
1295 3335 1485 3401 conaremur.
1512 3333 1604 3404 (Rau.)
1632 3331 1703 3386 Joab
1732 3331 1840 3387 bellum
1863 3332 1893 3386 iu

156 3421 223 3476 dine
242 3420 329 3475 fluida
346 3424 376 3474 θ)
389 3417 492 3488 spiritu
506 3419 638 3489 superba,
655 3417 826 3487 ³³¹¹E¹¹iss0m
843 3419 1004 3472 humanum
1057 3425 1177 3489 choavit,
1199 3423 1288 3478 David
1315 3422 1445 3493 perfecit.
1469 3421 1597 3476 Christus
1610 3420 1689 3475 enim
1715 3420 1824 3477 bellarm
1834 3420 1891 3492 ugit

156 3508 291 3563 sitiebat:
317 3523 394 3561 nnnc
419 3505 591 3576 baptismale
617 3506 720 3561 Christi
745 3506 892 3573 mundata,
911 3506 1003 3578 profe·
1058 3529 1123 3567 cum
1139 3511 1358 3583 praedicatorum
1374 3509 1445 3565 ordo
1472 3514 1570 3563 contra
1597 3508 1698 3563 mundi
1726 3507 1891 3581 potentesll·

155 3602 204 3652 stu
227 3597 367 3651 virtulum
387 3595 516 3656 exaltata.
540 3595 688 3666 sanguinis
701 3595 762 3664 ejus
777 3594 911 3664 poculum
926 3595 1004 3651 desi·
1056 3601 1100 3657 dei
1118 3600 1248 3671 opponit,
1257 3599 1305 3653 sad
1319 3599 1383 3652 linis
1393 3597 1558 3653 certaminis
1566 3603 1595 3651 ct
1606 3597 1773 3669 triumphus
1784 3597 1893 3668 adChri·

156 3683 247 3738 derat.
1058 3691 1133 3740 stum
1147 3687 1277 3753 refertur,
1294 3689 1525 3757 quiopcratarin
1543 3687 1619 3741 nobis
1633 3687 1699 3740 velle
1727 3692 1754 3743 el
1779 3689 1893 3758 per'heat

192 3773 270 3826 vans.
289 3776 314 3825 7.
349 3800 375 3810 -
403 3771 561 3826 Plraretras.
579 3771 717 3842 Dogmata
732 3769 883 3841 gentilium
900 3771 1004 3842 quibus
1057 3776 1175 3846 (Philip.
1202 3775 1243 3845 ιι.)
1273 3775 1327 3840 Qui
1355 3790 1501 3841 coronata,
1522 3791 1608 3846 quam
1636 3775 1752 3830 diabolo
1779 3776 1892 3839 abstulit,

155 3861 313 3933 disciplinae
344 3860 476 3915 liberales
505 3860 699 3928 continentur,
728 3876 799 3932 quas
832 3860 958 3915 Christus
986 3877 1003 3915 a
1057 3865 1110 3919 sibi
1125 3864 1242 3935 aptavit,
1274 3864 1383 3931 fideles,
1408 3864 1515 3919 scilicet
1538 3864 1589 3936 qui
1611 3863 1814 3935 quasicorona
1839 3878 1894 3920 cun

155 3951 316 4022 gentilitate
334 3949 452 4004 abstulit
475 3955 504 4005 et
523 3950 553 4003 in
568 3949 716 4004 servitium
735 3949 867 4004 Ecclesiae
881 3966 1003 4006 conrer-
1056 3953 1197 4020 ambiunt,
1223 3953 1299 4008 unde
1332 3969 1339 4009 ε
1363 3953 1504 4008 nmedtccs
1519 3968 1621 4008 corona
1648 3955 1718 4008 anni
1732 3954 1894 4024 benignitatis

155 4042 213 4094 tit:
250 4043 370 4111 prosunt
411 4038 490 4093 enim
518 4039 553 4093 ad
581 4038 943 4110 expugnationemcrroris
975 4041 1004 4091 et
1057 4043 1212 4112 tuaelflevt.
1229 4046 1287 4105 ιιι).

155 4127 559 4182 confirmationcmveritatis.
1092 4132 1174 4185 Vnas.
1204 4133 1231 4186 2.
1259 4161 1294 4169 -
1316 4130 1455 4197 Emonam,
1484 4134 1537 4186 etc.
1573 4131 1713 4202 (Rranou.)
1743 4132 1816 4197 Quia
1839 4144 1893 4187 eon·

192 4218 269 4270 Vens.
286 4219 312 4269 8.
343 4214 525 4268 -Salomort
553 4214 708 4285 Quiaergo
730 4231 779 4269 rex
808 4218 905 4269 noster
923 4214 1002 4286 paci·
1057 4219 1153 4274 flando
1187 4218 1321 4290 purgavit
1362 4219 1521 4273 secundum
1561 4220 1663 4290 legem.
1693 4220 1823 4276 Tradunt
1854 4233 1894 4274 au·

155 4303 236 4369 licus,
259 4307 429 4356 vetustatem
453 4302 621 4357 elocutionis
647 4302 682 4356 de
709 4302 871 4356 humililate
898 4318 1003 4358 eversae
1018 4310 1038 4364 b
1056 4313 1114 4363 tem
1139 4307 1253 4363 Hebraei
1280 4307 1357 4377 (quir
1374 4306 1505 4361 illicitum
1526 4312 1588 4362 erat
1611 4307 1725 4362 homini
1751 4308 1847 4363 tuneo
1866 4307 1893 4360 de

155 4391 324 4464 gentilitatis
340 4390 374 4444 ud
394 4391 607 4445 emundandam
623 4391 744 4461 gratiam
757 4391 894 4462 baptismi
907 4397 936 4446 cl
951 4392 1003 4446 lir-
1057 4396 1141 4450 idolis
1167 4395 1277 4466 aliquid
1303 4394 1366 4448 auri
1387 4396 1432 4450 vel
1463 4394 1574 4466 argenti
1598 4397 1738 4467 accipere,
1768 4398 1836 4469 quia
1858 4396 1894 4450 lex

154 4486 333 4536 momentum
349 4478 417 4533 lidei
435 4478 734 4550 perproedicalionem
759 4479 801 4549 pii
816 4480 958 4549 dogmatis
973 4480 1003 4534 in
1057 4482 1249 4539 idololatriam
1277 4484 1362 4554 vetat)
1388 4483 1470 4538 Ethai
1498 4483 1646 4539 Rethtennr
1675 4485 1788 4557 (quide
1820 4484 1893 4541 Phili·

155 4585 240 4624 usum
268 4567 397 4621 Ecclesiae
417 4566 567 4622 convertit.
598 4567 705 4622 Tebath
744 4566 1003 4638 eniminterpreta·
1057 4571 1153 4626 sthmis
1173 4572 1309 4626 adDavid
1338 4571 1461 4639 venerat)
1476 4587 1611 4627 coronam
1623 4572 1764 4644 decapite
1780 4575 1893 4630 llelchon

158 4662 205 4712 tur
225 4655 361 4728 parvulas
386 4659 468 4725 veuit,
498 4661 527 4710 et
552 4657 633 4712 Chun
656 4656 840 4726 pulchritudo.
858 4656 911 4722 Qui
926 4656 1004 4712 enim
1057 4661 1196 4731 rapuisse,
1213 4665 1244 4714 ut
1261 4660 1361 4714 liceret
1377 4659 1475 4714 iudan
1495 4659 1532 4714 de
1547 4675 1635 4715 mann
1652 4661 1780 4718 hominis
1794 4676 1892 4734 capere,

153 4747 306 4817 parvulum
323 4761 353 4798 se
367 4744 505 4816 agnoscit,
522 4745 642 4817 pulcher
657 4749 684 4799 et
699 4744 845 4815 speciosus
859 4745 890 4799 in
902 4745 1003 4800 decore
1057 4749 1134 4820 qnod
1146 4749 1181 4803 de
1198 4749 1289 4819 capite
1304 4749 1374 4803 idoli
1387 4764 1446 4803 non
1462 4748 1573 4804 licebat.

154 4837 293 4890 virtutum
304 4835 437 4890 eflicitur.
1091 4838 1206 4894 Bellum.
1229 4839 1321 4909 (Rae.)
1352 4838 1518 4892 Notandum
1541 4838 1618 4911 quod
1633 4838 1664 4893 in
1681 4837 1896 4912 Paralipomenis

191 4925 272 4978 Vens.
294 4925 429 4978 li.-ln
445 4922 739 4979 vallesattuaram.1n
752 4921 863 4991 Regum
878 4919 919 4974 ita
934 4921 1004 4975 stri·
1055 4927 1110 4981 tria
1130 4927 1205 4981 bella
1235 4927 1326 4981 barid
1354 4926 1551 4998 principaliter
1587 4927 1736 4999 leguntur,
1764 4946 1848 5001 usqae
1867 4925 1898 4984 ad

154 5019 234 5083 ptum
245 5017 287 5066 est
299 5027 305 5066 :
316 5015 390 5067 Fecit
399 5013 453 5067 sibi
465 5010 658 5067 Davidnomm
669 5025 728 5065 cum
737 5013 914 5063 reverteretur
923 5013 1005 5078 capta
1056 5013 1133 5068 unde
1149 5030 1156 5067 ε
1172 5016 1204 5069 lu
1219 5016 1270 5067 ileo
1284 5015 1416 5080 facimus
1438 5017 1577 5081 virtutem,
1593 5019 1647 5069 eto.
1666 5014 1752 5087 (Psoi.
1764 5021 1833 5087 ιιι).

155 5102 238 5169 Syria
264 5103 295 5154 in
320 5102 390 5157 valle
413 5102 583 5165 Salinarum,
606 5100 680 5153 casis
704 5098 793 5152 decem
815 5102 911 5152 alveto
938 5098 1004 5152 mil·
1092 5103 1178 5157 Vnus.
1204 5102 1378 5157 s-auaa
1406 5103 1514 5157 bellum.
1545 5103 1614 5175 (lv.)
1642 5104 1675 5158 ln
1702 5105 1816 5177 Regum
1835 5105 1898 5161 libro

156 5190 227 5244 libus
244 5189 286 5258 ul
298 5191 361 5256 Rea.
382 5187 671 5259 viu),quia,scilicet,
692 5186 781 5241 erexit
797 5186 850 5241 sibi
865 5185 1003 5241 fornicem
1056 5191 1097 5246 ila
1123 5206 1130 5244 t
1175 5192 1294 5244 Tertium
1320 5192 1378 5256 suit
1409 5193 1439 5244 iu
1468 5191 1523 5247 Goh
1554 5195 1648 5246 eontra
1677 5193 1850 5250 Philisthaeos
1874 5195 1900 5247 ia

153 5277 358 5346 triumphalem
389 5277 484 5331 :lecit
512 5276 599 5329 ctiam
629 5275 682 5330 sibi
704 5291 819 5343 nomen,
842 5276 910 5345 quia
931 5275 1004 5329 victa
1058 5293 1110 5346 quo
1135 5280 1267 5345 percussit
1287 5278 1444 5333 adeodatus
1467 5281 1540 5348 fitius
1567 5281 1670 5347 Sallus,
1700 5283 1899 5351 polymitarius,
1935 5290 1938 5309 '

159 5365 241 5434 Syria
256 5364 385 5419 Damasci
397 5369 425 5417 et
434 5364 509 5433 Syna
524 5363 608 5418 Sobal
624 5364 878 5419 alterumerexisse
888 5360 1006 5417 dicitur.'
1056 5366 1257 5421 bethlehemites
1297 5368 1649 5435 anticlaudianum.
1676 5371 1714 5437 (u
1741 5374 1807 5442 Rea.
1836 5369 1891 5441 xxi}

193 5454 296 5508 Decem.
320 5454 351 5507 lu
380 5452 551 5521 quibusdam
579 5457 675 5507 autem
693 5453 835 5508 codicibus
858 5453 1004 5507 inuenitur
1056 5455 1123 5519 tlob,
1148 5460 1214 5522 eta,
1235 5470 1319 5524 usque
1346 5456 1383 5509 ad
1404 5457 1596 5512 Rebrmirero
1622 5460 1761 5531 Araphan
1786 5467 1903 5517 manen

155 5540 243 5596 David
269 5557 330 5596 non
348 5540 452 5611 viginti
464 5545 493 5594 et
517 5545 582 5595 orto
596 5541 688 5595 millia
710 5541 741 5596 in
754 5542 826 5596 valle
840 5541 1002 5597 Salinarum
1056 5542 1205 5614 gigantum
1218 5543 1343 5615 Orpbam
1359 5561 1465 5600 nurum
1480 5546 1578 5603 Noemi
1597 5546 1787 5606 arbitrantur.
