3892 6106
65 255 113 309 ras
646 246 779 306 ocosse
797 248 1003 307 oanrnsrus.
1023 279 1058 290 -
1078 249 1145 308 nra.
1165 248 1246 306 ean.
1358 320 1362 328 .
1766 256 1819 313 rso

61 380 120 436 ibit.
135 380 255 436 Benarii
268 379 349 435 enim
362 376 477 434 numeri
504 376 598 449 ligura
618 380 648 432 et
674 390 789 432 crucem
808 374 913 431 Christi
927 377 950 433 Α
968 379 998 432 et
1014 375 1123 442 adorat,
1148 375 1268 448 angelos
1292 374 1404 432 videtur
1421 375 1596 452 intelligam
1612 380 1682 436 dum
1696 380 1732 436 ad
1748 380 1820 437 rete·

61 469 213 540 significat.
967 464 1092 520 ctionem
1116 464 1245 536 corporis
1268 465 1379 532 inritat,
1407 466 1539 523 homines
1565 468 1681 524 ridetur
1704 472 1818 540 putare.

92 557 177 612 vans.
200 559 247 610 tl.
267 584 296 594 -
316 575 331 603 ιι
346 552 462 624 Loquar
487 551 523 608 ad
549 551 714 619 Domimm,
730 555 783 606 etc.
804 551 912 616 (Gneo.
967 552 1012 608 Sic
1032 552 1067 608 de
1082 553 1126 608 bis
1146 558 1175 608 et
1187 553 1222 608 de
1238 553 1294 608 illis
1310 553 1360 625 qni
1371 555 1492 611 Abrahae
1506 562 1704 628 apparuerunt
1731 557 1824 613 idem·

59 645 191 701 lib.xvus
211 643 323 712 iterat,
339 658 363 698 c.
386 643 441 712 33.)
461 642 581 709 ltpstr'cc.
601 640 696 696 Sancti
724 642 831 712 quanto
856 656 914 694 ma·
967 639 1186 710 intelligendum
1202 646 1251 695 est
1271 642 1308 696 Ex
1337 643 1391 697 hoc
1417 648 1513 698 autem
1542 644 1603 699 loco
1620 643 1774 716 Scripturas
1790 648 1818 701 et

57 734 101 806 gis
125 731 290 790 divinitatis
313 731 429 787 interna
450 728 641 801 prospiciunt,
668 733 748 783 tanto
773 727 864 798 magis
884 744 913 783 se
967 726 1066 781 multis
1081 726 1144 780 eliis
1161 727 1380 783 commendatur
1399 729 1488 783 virtus
1502 730 1711 802 hospitalitatis.
1736 731 1818 788 Unde

58 822 131 879 nihil
156 837 222 878 esse
249 819 440 891 conspiciunt.
468 818 617 889 Nusquam
643 817 749 888 legitur
770 816 912 871 Abraham
968 815 1073 870 Paulus
1097 814 1254 885 lieblxur:
1283 836 1297 865 α
1319 817 1547 888 Hospitalitatem
1562 820 1650 875 nolite
1665 820 1817 878 obliviscit

56 928 87 967 se
114 911 245 967 cinemm
270 913 300 964 et
319 908 467 979 pulverem
495 906 657 978 professum
680 920 751 973 esse,
773 905 829 961 nisi
848 921 913 960 cum
967 918 1020 974 per
1033 902 1189 959 hancenim
1200 905 1369 975 placuerunt
1383 906 1502 978 quidam
1518 907 1585 974 Deo,
1597 909 1706 979 angelis
1720 910 1818 983 hospi·

56 1001 168 1056 meruit
193 997 427 1055 Deilocntionem
444 996 564 1053 hahere.
584 996 617 1050 Et
642 995 703 1050 ait:
720 1014 734 1043 «
751 994 864 1066 Loquar
877 994 912 1049 ad
968 990 1009 1046 tio
1021 990 1152 1063 receptis.
1169 1008 1182 1044 a

59 1089 223 1145 hominum
246 1101 358 1153 meum,
386 1100 453 1140 cum
478 1083 532 1139 sim
560 1083 666 1154 pulvis,
679 1104 693 1133 a
715 1086 768 1139 etc.
788 1083 914 1137 Fortasse
1005 1079 1110 1148 (illoesa
1129 1078 1244 1149 uraca.)
1277 1079 1438 1135 Notandum
1463 1080 1512 1136 nbi
1536 1080 1675 1137 beneficia
1700 1081 1750 1138 Dei
1766 1098 1817 1137 ex·

59 1178 143 1234 enim
163 1177 275 1250 aliquid
295 1191 325 1230 ae
353 1189 416 1230 esse
430 1172 568 1237 crederet,
594 1170 619 1226 si
638 1187 733 1226 reram
750 1169 913 1237 essentiam,
968 1166 1127 1240 plicantur,
1143 1168 1233 1223 Deum
1248 1167 1363 1235 adesse;
1379 1169 1429 1224 ubi
1445 1185 1511 1224 voro
1530 1170 1669 1242 supplicia
1685 1186 1818 1226 exercen-

60 1282 128 1339 quse
143 1281 234 1337 super
247 1265 341 1337 ipsum
368 1265 421 1331 est,
441 1276 500 1316 non
515 1260 660 1316 sensisset.
689 1260 770 1315 Unde
784 1263 813 1314 et
827 1258 913 1314 David
968 1260 1026 1324 tur,
1045 1257 1163 1325 angelos
1177 1256 1268 1324 mitti;
1284 1261 1317 1312 nt
1343 1256 1464 1311 sciamus
1492 1257 1549 1312 lleo
1568 1257 1746 1327 benefacere,
1768 1259 1817 1329 ju·

61 1356 229 1410 exclamat:
261 1376 275 1403 a
303 1353 458 1417 hlemcnto,
493 1349 624 1416 Domine,
655 1347 793 1421 quoniam
820 1345 915 1418 pulvis
968 1345 1094 1401 cundum
1122 1349 1152 1399 et
1176 1344 1311 1418 placitum
1340 1345 1397 1400 ileo
1422 1346 1539 1417 proprie
1554 1361 1614 1403 esse
1629 1347 1727 1402 ulcisci
1749 1363 1817 1403 vero

60 1460 127 1498 sum
142 1443 229 1513 (Paul.
241 1442 280 1512 x),
295 1462 309 1490 a
326 1445 381 1495 etc.
968 1435 1027 1489 ileo
1042 1433 1189 1504 ingratum
1203 1449 1274 1490 esse.

96 1532 253 1588 llorots‘ter.
270 1527 411 1595 Quosdam
425 1541 476 1598 per
494 1528 639 1581 tumorem
654 1539 755 1580 seusus
781 1538 839 1579 non
863 1522 915 1576 ele
1003 1523 1082 1577 Vens.
1097 1525 1188 1577 n.-«
1209 1522 1320 1578 lavate.
1340 1542 1353 1572 s
1369 1522 1450 1588 Quod
1469 1522 1630 1593 hospitibus
1657 1523 1816 1593 soletlieri,

61 1626 119 1687 rat,
144 1619 197 1675 sed
221 1634 274 1690 per
299 1614 501 1672 misericordia
531 1629 632 1686 opera3
656 1612 774 1684 qnidam
799 1611 913 1666 dnmse
971 1614 1004 1666 ut
1023 1611 1140 1667 allectus
1165 1616 1281 1667 terreno
1307 1612 1424 1685 pulvere
1451 1611 1599 1679 sordidati,
1616 1617 1644 1666 et
1666 1612 1774 1680 acedia,
1787 1620 1817 1670 et

60 1708 187 1765 terrenis
218 1706 365 1762 abundare
397 1702 588 1774 conspiciunt,
614 1716 695 1755 veras
713 1700 825 1755 divitias
856 1715 913 1754 non
933 1669 1218 1770 Bpusillanimitate,
1234 1705 1372 1772 tanquam
1398 1700 1606 1773 pulverulentis
1624 1702 1815 1774 squaloribus,

60 1798 226 1870 requirunt,
243 1798 420 1850 etreternum
431 1807 553 1863 reguum
564 1806 622 1846 non
635 1793 744 1856 amant,
759 1789 828 1860 quia
843 1792 914 1844 tem·
969 1789 1170 1844 emundentur.
1197 1789 1277 1844 Unde
1302 1789 1333 1844 in
1360 1789 1539 1845 monasteriis
1558 1805 1611 1863 pro
1635 1789 1817 1847 venientibus

59 1885 173 1957 poralia
188 1882 321 1938 sullicsre
332 1883 446 1952 putant.
471 1878 533 1934 Non
548 1881 591 1932 est
611 1892 680 1946 ergo
701 1890 800 1931 musas
814 1875 845 1930 in
858 1874 913 1931 cri·
969 1877 1004 1933 de
1018 1878 1062 1932 ria
1077 1878 1168 1934 oratio
1181 1878 1350 1934 celebratur.

61 1975 150 2042 mine,
167 1972 219 2027 sed
234 1970 362 2026 allectus.
378 1969 486 2025 Cuncta
509 1966 586 2021 enirn
612 1980 678 2038 qua
698 1965 773 2020 lleus
787 1963 915 2020 condidit
1003 1967 1156 2021 vensi-7.
1172 1988 1227 2017 -ι
1242 1965 1465 2038 Compulitillos.
1487 1964 1817 2038 »(A1.c.)Angeliquasi

60 2063 135 2118 bona
147 2066 230 2116 sunt
240 2060 293 2115 Sed
308 2058 359 2131 qui
374 2057 457 2113 bonis
471 2056 546 2111 male
559 2054 662 2124 utitur,
680 2055 726 2110 hic
739 2055 800 2127 agit
817 2058 851 2110 ut
864 2070 915 2125 per
968 2054 1059 2110 coacti
1073 2054 1191 2110 domum
1221 2055 1273 2110 hot
1292 2054 1503 2127 ingrediuntur,
1529 2059 1561 2109 ut
1584 2054 1708 2109 charitas
1727 2053 1817 2126 ipsius

62 2151 208 2208 mannus
233 2147 392 2220 ingluviem
424 2160 469 2212 eo,
500 2160 558 2217 quo
586 2143 680 2199 virere
702 2143 812 2207 debuit,
840 2158 914 2215 pene
967 2148 1078 2198 tentata
1103 2148 1131 2198 et
1158 2143 1279 2214 probata
1292 2148 1535 2211 remuneraretur,
1555 2150 1584 2198 et
1607 2149 1638 2199 ut
1652 2144 1816 2199 ostendere-

60 2241 214 2295 moriatur.
232 2239 346 2308 Pauper
370 2233 407 2289 ad
432 2232 563 2303 requiem
580 2232 703 2287 Lazarus
717 2235 844 2298 venerat,
864 2247 913 2286 su·
969 2237 1016 2287 tur
1030 2237 1169 2305 qnantum
1186 2239 1261 2288 esset
1281 2232 1486 2304 hospitalitatis
1500 2231 1620 2287 bouum.
1638 2232 1814 2303 hospitalem

58 2329 184 2400 perham
209 2327 329 2382 divitem
357 2322 524 2378 cruciabant
549 2325 694 2376 tormenta
717 2319 793 2388 (huc.
815 2329 912 2383 xtrt:
968 2321 1087 2377 domurn
1111 2321 1232 2392 ingressi
1259 2327 1335 2387 sunt,
1372 2327 1402 2377 et
1423 2320 1564 2392 hospitem
1596 2320 1816 2389 liberaverunt,

57 2417 137 2472 dives
152 2422 256 2472 tamen
273 2411 417 2469 Abraham
440 2409 543 2477 luerat,
575 2409 625 2480 qui
641 2407 778 2463 lanariam
803 2406 835 2461 in
850 2407 913 2461 sinu
968 2409 1077 2463 clausas
1091 2407 1250 2480 hospitibus
1275 2409 1377 2464 domos
1402 2408 1476 2479 ignis
1489 2407 1636 2480 ingressus
1654 2413 1816 2478 peccatores

59 2506 188 2562 tenebat.
205 2504 254 2558 Ait
264 2507 361 2556 tamen
382 2517 389 2555 :
411 2520 425 2549 a
447 2500 559 2570 Loquar
578 2496 615 2551 ad
635 2496 789 2551 Dorrrinum
816 2511 914 2550 meum
967 2494 1103 2568 perdidit.

59 2590 305 2664 cumsimpulris
332 2594 361 2644 et
382 2589 465 2654 cinis,
487 2607 501 2636 n
527 2585 579 2641 eie.
608 2584 681 2650 Quid
707 2583 820 2639 divitias
849 2600 916 2638 sasas
1004 2585 1083 2640 Vens.
1103 2586 1130 2653 8,
1147 2588 1252 2640 9.-«
1270 2584 1365 2640 liabeo
1379 2584 1450 2640 duas
1472 2583 1556 2639 illias.
1575 2603 1589 2633 n
1607 2585 1700 2650 (luo,
1725 2584 1758 2651 Q.
1787 2587 1816 2640 tn

60 2681 234 2747 estimabat,
247 2677 308 2750 ‘qni
334 2677 461 2748 seipsum
481 2674 629 2746 pulverem
654 2672 838 2744 cineremque
867 2688 916 2742 pu·
969 2673 1047 2742 (lert.)
1079 2673 1180 2728 Utrum
1207 2672 1383 2727 admittenda
1405 2671 1442 2726 sit
1468 2673 1662 2745 compensatio
1689 2673 1816 2745 llagitio·

59 2772 284 2840 tabat‘lAperte
305 2767 450 2821 cernimus
474 2763 506 2818 in
532 2777 590 2834 quo
615 2760 677 2814 loco
704 2775 734 2815 se
765 2764 913 2831 posuerat,
968 2776 1045 2827 rum,
1077 2760 1120 2815 rel
1150 2759 1346 2832 quorumlibet
1379 2764 1572 2831 peccatorum,
1612 2766 1644 2814 ut
1681 2760 1818 2816 lacmmus

59 2860 108 2932 qni
122 2858 319 2930 sepnlrerem
334 2859 362 2909 et
382 2853 519 2920 cinerem,
541 2848 627 2904 etiam
642 2864 709 2903 cum
729 2849 786 2903 lleo
814 2849 914 2920 loque·
968 2848 1054 2915 mala,
1070 2862 1107 2901 ne
1128 2845 1199 2903 hant
1213 2846 1342 2918 graviora
1359 2863 1366 2901 :
1384 2862 1420 2902 an
1442 2846 1651 2918 perturbationi
1675 2847 1735 2916 Lot,
1758 2864 1816 2903 non

60 2944 334 3014 retnr,restimahat.
354 2941 416 3007 Qua
439 2954 510 3011 ergo
523 2952 610 3010 prena
623 2935 756 3004 feriendi,
772 2941 847 3004 sunt,
863 2936 914 3009 qni
932 2963 953 3020 ς
968 2937 1005 2991 sit
1028 2936 1146 2992 consilio
1170 2936 1363 3004 tribuendum,
1393 2936 1494 2990 mento
1510 2935 1707 3007 quaeritnrlet
1729 2936 1817 2992 nimi·

60 3037 96 3093 ad
121 3050 242 3091 summa
265 3048 324 3088 non
340 3029 495 3103 proliciunt
520 3032 550 3082 et
572 3024 754 3081 dominionis
777 3042 807 3081 se
826 3027 916 3082 extol·
968 3038 1034 3078 rum
1059 3023 1300 3094 periculosissime
1314 3022 1376 3078 baec
1390 3022 1585 3094 compensatio
1599 3023 1771 3082 admittitur.
1787 3024 1818 3082 Si

62 3122 149 3180 punt?
969 3116 1064 3167 antem
1087 3112 1267 3184 perturbatio
1295 3112 1399 3168 mentis
1426 3111 1522 3178 luerit,
1555 3112 1635 3167 nullo
1665 3113 1752 3169 modo
1774 3120 1818 3170 est

95 3214 180 3268 Vxns.
196 3210 293 3266 284³.
311 3229 369 3255 -ι
387 3205 521 3278 Quinque
549 3202 669 3260 luerint.
695 3223 707 3250 ι
724 3201 857 3274 Quinque
871 3201 913 3257 ci·
968 3201 1117 3260 imitanda.

62 3302 161 3357 ritatee
176 3297 272 3371 igneis
286 3293 430 3350 imbribus
442 3293 609 3348 combustae.
634 3291 739 3347 Omnes
763 3290 843 3344 euim
858 3289 911 3361 qni
1004 3290 1082 3344 vans.
1097 3291 1140 3344 lll.
1157 3319 1193 3331 -
1204 3309 1218 3339 «
1233 3289 1499 3346 Etintroduxeruut
1512 3289 1547 3344 ad
1564 3304 1594 3344 se
1611 3289 1693 3345 Lot.»
1704 3291 1815 3362 (uam,

63 3391 193 3462 quinque
207 3383 337 3458 corporis
351 3397 451 3437 seusus
471 3378 625 3435 hbidinoso
653 3381 855 3444 hactavernnt,
871 3377 914 3432 lu·
968 3377 989 3432 l.
1009 3378 1156 3444 villerot,
1176 3394 1238 3449 cap.
1266 3378 1321 3449 tt.)
1338 3377 1416 3433 ltalia
1440 3378 1655 3435 adversantibus
1677 3380 1816 3438 intrado·

65 3485 127 3535 turo
143 3474 282 3533 incendio
298 3477 364 3526 sunt
378 3467 535 3525 cremandi.
967 3482 1047 3521 mum
1064 3466 1116 3521 hot
1131 3465 1277 3522 reducitur
1291 3471 1320 3521 et
1335 3467 1480 3523 munitur:
1497 3467 1565 3538 qnia
1577 3470 1698 3541 quisque
1718 3471 1818 3541 justus

98 3565 210 3632 «erid
234 3558 397 3628 siinrenti,
410 3580 424 3608 s
449 3563 502 3612 etc.
528 3555 616 3628 (nm.)
644 3555 707 3610 Non
735 3568 850 3609 necesse
873 3557 916 3609 est
968 3570 1124 3626 pravorum
1139 3554 1258 3610 insidias
1277 3544 1432 3624 sustinens,
1446 3555 1481 3611 od
1507 3562 1635 3611 mentem
1651 3557 1814 3626 revertitur,

66 3657 117 3713 hoc
130 3657 169 3712 de
186 3653 268 3709 omni
295 3652 359 3707 loco
384 3648 521 3720 accipere.
540 3648 579 3701 lle
594 3644 727 3701 Sodomis
752 3648 847 3698 autem
862 3658 914 3714 po·
968 3649 998 3699 et
1011 3648 1108 3699 manet
1131 3644 1288 3699 interritus.
1316 3644 1470 3700 Sodomita
1484 3644 1515 3699 in
1532 3644 1619 3701 domo
1645 3646 1695 3700 bot
1709 3646 1815 3704 ostium

66 3746 118 3802 tuit
132 3744 202 3811 dici,
219 3741 289 3814 quia
303 3738 410 3794 sciebat
424 3738 500 3792 Deris
521 3750 574 3791 nec
597 3734 695 3790 decem
723 3748 785 3787 esse
807 3732 860 3801 ibi,
886 3736 916 3787 et
967 3732 1097 3788 invenire
1113 3739 1262 3804 nequeunt
1278 3749 1285 3787 :
1302 3733 1370 3805 qnia
1383 3739 1567 3803 corruptores
1586 3734 1725 3790 mentium
1746 3752 1816 3792 con·

67 3836 127 3891 ideo
145 3834 189 3888 sic
212 3827 442 3901 respondebatur
456 3824 576 3881 Abrahae
600 3823 635 3879 ad
663 3820 914 3894 exaggerationem
968 3824 1012 3876 tra
1027 3822 1115 3876 vitam
1127 3820 1197 3893 justi
1220 3821 1332 3876 nullum
1351 3820 1581 3892 reprehensionis
1607 3822 1718 3877 aditum
1736 3824 1816 3879 inre·

66 3921 223 3995 iniquitatis
236 3919 418 3975 Sodomorm.
442 3958 446 3964 .
967 3910 1061 3965 uinnt.
1077 3909 1206 3965 Percussi
1230 3909 1357 3965 caecitate
1384 3908 1466 3981 qnasi
1485 3908 1602 3964 domum
1626 3911 1815 3980 circumeunt,

97 4008 256 4065 «Decem
295 4027 307 4056 s
345 4001 484 4060 Denarius
512 4016 625 4056 crucem
655 3998 758 4055 Christi
785 3998 915 4069 designat
967 3998 1034 4070 quia
1049 3997 1209 4053 inridentes
1221 3997 1295 4053 tacte
1304 4003 1334 4053 et
1348 3997 1423 4053 dicta
1434 4001 1657 4067 perscrutantur.
1670 3997 1724 4055 Sed
1747 4001 1816 4072 quia

65 4100 130 4172 qnia
152 4114 172 4153 x
195 4096 303 4163 littera,
331 4108 390 4165 qua
414 4090 550 4147 denarius
571 4088 750 4161 exprimitur,
771 4088 801 4142 in
820 4086 914 4159 ligura
967 4089 1002 4144 de
1022 4087 1078 4142 rita
1094 4087 1175 4158 justi,
1200 4086 1281 4140 tortis
1306 4091 1334 4141 et
1352 4085 1501 4141 laudabilis
1529 4086 1602 4140 actio
1630 4086 1739 4160 ubique
1766 4090 1817 4144 ols-

65 4187 154 4243 crncis
169 4186 323 4240 formatur.
967 4175 1034 4245 rial,
1046 4181 1174 4231 errantes
1184 4176 1323 4248 parietem
1335 4176 1464 4247 palpant.

98 4275 218 4333 allisit.
237 4295 250 4323 s
270 4271 383 4328 suebat
404 4267 482 4324 enim
498 4283 550 4323 nec
575 4282 667 4323 annm
687 4265 728 4322 ihi
759 4281 820 4320 esse
840 4255 951 4336 pres-⁰
1005 4264 1087 4320 Vxns.
1100 4268 1189 4321 tt-ts.
1203 4282 1264 4319 —u
1277 4265 1538 4336 percusseruntque
1556 4265 1717 4322 caecitate.»
1734 4268 1813 4338 (dua.

67 4370 106 4422 ter
119 4367 191 4433 Lot;
202 4362 241 4419 ad
255 4358 484 4433 exaggerandam
512 4356 695 4428 iniquitatem
723 4354 778 4409 hoc
800 4353 915 4421 dicitur,
969 4353 1123 4424 udisupru)
1137 4355 1232 4409 Graece
1251 4351 1374 4429 ἁορασία,
1391 4353 1488 4421 idest,
1514 4353 1664 4417 euidentia,
1689 4355 1712 4410 si
1726 4357 1816 4428 possit

67 4455 136 4510 sicut
149 4452 228 4526 apud
242 4449 449 4507 teremiamar
474 4444 574 4500 Videte
595 4443 618 4499 si
646 4441 800 4498 inveniatis
817 4441 913 4496 homi·
969 4442 1034 4509 dici,
1049 4459 1113 4514 quse
1132 4443 1218 4498 iaciat
1236 4458 1293 4497 non
1317 4441 1419 4512 rideri,
1445 4457 1505 4498 nou
1533 4443 1640 4510 omnia,
1663 4444 1713 4500 sed
1737 4442 1815 4515 quod

68 4560 129 4599 nem
154 4540 310 4597 facientem
337 4534 481 4609 justitiam
509 4528 915 4604 (Jer.v);qussi:1nrsnite
969 4545 1027 4585 non
1052 4534 1095 4584 est
1117 4545 1200 4601 opus.
1229 4528 1377 4595 Quomodo
1395 4529 1473 4587 enim
1488 4529 1643 4587 delicerent
1657 4533 1815 4603 quaerendo

67 4633 107 4688 rel
120 4632 268 4698 nnum,et
279 4640 366 4699 parco
385 4623 437 4679 eis.
969 4617 1085 4685 ostium,
1102 4618 1126 4672 ei
1145 4617 1272 4673 caecitate
1292 4619 1420 4691 percussi
1443 4626 1547 4686 essent,
1572 4619 1621 4675 ubi
1639 4620 1712 4675 nihil
1734 4621 1814 4676 ride·

968 4706 1057 4762 renti
1071 4723 1122 4762 sua
1137 4706 1216 4762 euim
1231 4707 1393 4764 calamitate
1407 4709 1525 4778 turbati,
1542 4709 1615 4765 nihil
1633 4707 1753 4765 ulterius
1768 4725 1811 4765 re·

392 4764 504 4822 CAPUT
523 4764 589 4820 m·
968 4796 1108 4868 quierant.
1127 4797 1183 4850 flac
1212 4793 1325 4871 depacta
1343 4795 1471 4868 percussi
1486 4802 1579 4865 erant,
1610 4797 1660 4871 qui
1688 4798 1812 4855 Eliseum

97 4900 181 4954 Vns.
200 4899 227 4951 t.
244 4922 279 4936 -
295 4913 310 4943 a
325 4891 526 4960 veneruntque
551 4886 609 4942 duo
635 4883 740 4957 angeli,
755 4905 766 4932 ο
783 4887 837 4939 etc.
859 4884 914 4939 No·
968 4884 1145 4956 querebant,
1161 4885 1249 4957 etqui
1260 4884 1403 4940 Christum
1414 4888 1479 4954 post
1494 4887 1733 4944 resurrectionem
1746 4905 1812 4946 cum

67 4989 182 5046 tandum
203 4981 282 5056 quod
310 4984 368 5036 tres
398 4976 492 5049 angeli
516 4990 639 5032 numero
663 4972 767 5046 impari
792 4973 914 5029 Abrahae
966 4972 1030 5045 ipso
1041 4972 1218 5028 ambulantes
1227 4989 1285 5028 non
1296 4971 1513 5044 cognoscebant.

66 5078 216 5151 apparent,
231 5071 302 5144 quia
316 5082 438 5124 numero
466 5064 571 5136 impari
586 5065 661 5119 Deus
689 5061 804 5135 gaudet.
828 5061 914 5118 Sodo·
1002 5062 1084 5118 Vane.
1115 5063 1158 5116 ll.
1180 5091 1216 5103 -
1236 5062 1410 5132 «Egressus,
1435 5065 1489 5117 etc.
1505 5060 1657 5130 (Hira.,·in
1668 5064 1701 5131 Q.
1717 5065 1813 5135 Hebe.)

67 5184 137 5224 mam
152 5164 301 5220 venerunt
313 5155 377 5229 pari
391 5168 521 5220 numero,
533 5150 560 5207 id
572 5155 614 5206 est
629 5150 697 5217 duo,
712 5148 762 5223 qni
776 5165 913 5205 numeros
967 5151 1000 5206 ln
1014 5150 1199 5224 sequentibus
1214 5148 1282 5204 litiae
1302 5149 1352 5204 hot
1362 5149 1487 5221 virgines
1501 5150 1589 5206 luisse
1616 5152 1763 5225 legentum
1786 5160 1814 5210 et

65 5257 170 5328 primus
182 5251 221 5308 ab
236 5248 348 5304 unitate
362 5241 479 5308 recedit,
492 5238 679 5312 estprinceps
693 5243 737 5293 cat
750 5237 912 5303 alteritatis,
965 5237 1028 5311 ipse
1043 5239 1080 5295 ad
1096 5238 1258 5297 sodomitas
1273 5237 1346 5293 dixit
1361 5254 1369 5293 :
1384 5258 1398 5287 «
1413 5238 1555 5295 wadum
1570 5239 1638 5296 illisa
1660 5258 1733 5298 men
1747 5259 1813 5315 quas

61 5345 141 5419 ¹qnasi
172 5340 333 5399 femineam
366 5331 495 5404 figurans
520 5326 680 5384 mollitiem.
713 5326 861 5382 Venerunt
881 5326 912 5383 in
966 5344 1026 5385 uon
1054 5331 1250 5400 cognorerunt
1277 5326 1409 5393 virum.»
1428 5330 1481 5382 etc.
1498 5327 1580 5383 Nunc
1595 5333 1694 5386 autem
1708 5330 1814 5387 dicitnr

65 5455 77 5488 ι
102 5446 235 5506 vespere,
264 5449 279 5479 o
307 5423 379 5496 quia
400 5420 463 5492 jam
490 5415 645 5475 Sodomitis
671 5414 844 5471 occubuerat
869 5416 912 5471 sol
965 5415 1099 5473 babuisse
1118 5431 1249 5487 generos.
1277 5415 1333 5473 Sed
1347 5416 1466 5490 quidam
1482 5417 1660 5474 arbitrantur
1674 5436 1722 5475 eas
1747 5436 1814 5492 ques

63 5524 172 5596 justitie
199 5543 213 5571 s
234 5515 369 5584 Quicum
384 5506 512 5570 vidisset.
527 5525 540 5557 s
556 5509 613 5561 etc.
629 5504 704 5561 llum
723 5503 847 5561 occurrit
862 5503 912 5560 Lot
965 5503 1042 5560 viros
1056 5503 1219 5561 habuerunt
1233 5503 1409 5563 inSodomis
1423 5503 1542 5578 perissa,
1557 5510 1587 5563 et
1608 5522 1673 5579 quta
1686 5507 1812 5580 virgines

1332 5661 1347 5691 ὓ
