3892 6106
67 286 71 293 ,
90 220 145 275 seb
408 217 610 274 waterulnl
628 216 750 273 stulu!
770 216 791 271 F
793 217 871 273 Ulli.
891 216 974 273 llON.
992 215 1068 272 OPP.
1089 216 1177 307 Ellis
1195 216 1219 272 l.
1238 243 1274 256 -·
1291 214 1520 273 indulcatus.
1794 220 1843 274 dib

89 339 336 408 anbnaeredeent,
356 354 415 395 non
428 338 620 410 tamendigni
633 343 700 395 sunt
714 339 763 412 qui
777 339 814 395 ad
827 355 941 395 secrum
957 339 1171 395 Avocabentur
1199 339 1283 407 tude,
1318 343 1384 408 etc,
1414 354 1501 409 esque
1527 338 1567 395 ud
1599 337 1638 395 de
1665 336 1771 411 quibus
1794 339 1845 395 sibi

92 432 217 505 gredum
233 430 429 486 restituantur.
447 430 481 484 Et
505 428 622 484 sienim
650 429 727 484 inter
740 428 839 484 fideles
855 429 943 484 vitem
997 428 1170 500 promittunt
1196 428 1298 496 Judaei,
1324 429 1401 501 quod
1417 433 1556 502 regnante
1571 427 1687 485 Christo
1707 442 1771 495 suo,
1784 444 1845 484 cum

93 523 258 592 exspectent
271 523 422 581 eternam,
451 533 511 572 non
531 521 629 573 tamen
655 517 829 589 scripturam
848 517 941 589 gradu
997 517 1108 572 ceteris
1132 534 1192 573 suae
1214 517 1307 589 gentis
1331 516 1497 573 bominibus
1523 517 1583 573 sint
1607 516 1640 572 in
1654 516 1783 573 luderem
1803 532 1845 573 re·

95 610 150 679 sui,
166 624 252 680 quern
271 612 401 679 repetere
426 613 575 679 nequeunt
600 607 676 662 inter
694 608 836 678 periectos
849 623 943 662 secer·
996 607 1119 672 versari,
1134 606 1207 662 etin
1225 610 1285 661 toto
1301 607 1368 659 orbo
1386 606 1544 678 regnaturi.

96 700 176 755 dotes
190 695 349 751 inveniunt.
1032 695 1194 767 allegorico
1221 696 1392 762 sacerdotes,
1411 695 1525 763 Levitae,
1540 700 1684 761 cantores,
1698 694 1841 766 innitere.

133 787 227 843 Omnis
253 784 399 839 multitudo
421 785 502 853 quasi
530 784 575 837 etr
587 798 669 850 unus,
689 787 742 838 etc.
761 784 849 853 (lien,
863 783 943 852 ibid.)
998 788 1027 838 et
1041 783 1193 851 Netbinmi,
1210 784 1361 857 omnisque
1388 784 1475 855 lsrael
1495 784 1526 839 iu
1541 783 1707 839 ciritstibus
1725 783 1784 838 suis
1801 785 1846 840 bs-

98 874 192 930 ll'ieos
202 872 366 943 significent
376 871 425 943 qui
440 871 567 942 proiectu
579 871 784 926 emendatioris
794 872 861 927 vite
876 872 946 927 vitia
998 871 1102 939 bitent,
1132 887 1198 927 cum
1231 872 1356 928 ministri
1383 872 1481 928 ulteris
1514 876 1544 928 et
1567 873 1703 928 doctores
1727 879 1756 928 et
1774 874 1848 944 plebs

97 978 243 1034 superare,
270 965 299 1015 et
322 960 461 1016 virtutum
487 961 601 1015 culmen
626 960 777 1015 ascendere
800 964 945 1032 satagunt,
999 961 1159 1023 Christiane
1180 961 1212 1016 in
1239 961 1298 1016 suis
1324 961 1462 1032 gradibus
1481 963 1538 1017 lieo
1566 961 1694 1016 fideliter
1717 962 1848 1029 serviunt,

96 1051 226 1106 nondum
239 1054 337 1104 tamen
364 1047 418 1103 sibi
433 1048 468 1103 ed
491 1048 694 1120 providendam
709 1049 784 1103 viem
807 1048 947 1120 regularis
1000 1050 1057 1105 sive
1073 1050 1122 1121 qui
1138 1050 1238 1105 codem
1265 1051 1356 1121 gradu
1371 1050 1527 1123 aliquunde
1541 1050 1619 1105 vitiis
1648 1049 1795 1105 sordidato
1810 1050 1849 1107 rel

75 1139 165 1194 'vitre
198 1137 354 1203 sufiiciunt,
381 1137 430 1192 sed
456 1152 558 1191 eorum
587 1136 638 1208 qni
653 1137 682 1191 in
701 1136 811 1192 Christo
826 1152 946 1210 prreces·
1000 1139 1124 1211 perdito,
1139 1155 1193 1210 per
1207 1139 1408 1210 poeniteutiam
1420 1140 1545 1210 correpti
1560 1144 1638 1208 sunt,
1655 1139 1717 1194 sire
1729 1138 1780 1210 qui
1795 1155 1848 1194 nu·

99 1231 199 1283 serunt
213 1225 354 1281 industria
368 1229 536 1280 coercentur
550 1229 579 1279 et
594 1224 768 1295 diriguntur.
1000 1244 1053 1300 per
1066 1229 1101 1283 de
1120 1243 1210 1299 regno
1225 1228 1331 1283 diaboli
1351 1228 1387 1283 ad
1403 1227 1557 1283 Ecclesiam
1576 1228 1728 1282 venientes
1746 1227 1849 1283 bonum

135 1319 171 1373 Et
186 1318 216 1370 in
229 1317 308 1386 ipsis.
324 1313 416 1384 (lien,
432 1313 514 1384 ibid.)
535 1313 660 1385 llystice,
676 1313 706 1368 iu
720 1314 828 1384 templo
839 1312 882 1369 vel
898 1330 948 1385 po·
1001 1317 1056 1372 sibi
1083 1316 1205 1388 gradum
1230 1314 1436 1386 acquisierunt.
1459 1315 1530 1371 Sues
1555 1315 1635 1370 enim
1663 1315 1794 1370 civitates
1808 1315 1848 1369 in·

100 1406 169 1478 pulo
186 1404 237 1459 Dei
260 1408 327 1458 sunt
340 1407 481 1470 cantores,
499 1406 564 1469 etc,
584 1417 669 1472 usque
692 1402 947 1473 cdetquasisua·
1002 1405 1143 1459 troicrunt
1160 1403 1264 1459 Levites
1289 1404 1334 1458 vel
1362 1403 1416 1457 lilii
1427 1404 1525 1471 lsrael,
1542 1419 1601 1458 non
1622 1403 1721 1458 solum
1743 1403 1850 1475 quiens

100 1496 188 1550 vitate
200 1508 259 1547 suae
268 1490 489 1561 vocisadjurant
504 1489 676 1546 edificantes
687 1491 840 1561 templum.
1002 1491 1136 1563 captivati
1145 1491 1312 1559 emiserant,
1327 1491 1377 1546 sed
1396 1490 1484 1546 etiem
1506 1491 1557 1564 qui
1571 1491 1606 1546 de
1630 1490 1752 1563 captivis
1766 1488 1851 1563 geniti

135 1583 217 1637 Vens.
242 1583 286 1636 es.
312 1610 347 1620 -
370 1580 441 1636 lluti
467 1594 570 1636 emm.
603 1578 765 1649 (1n.,ibid.)
784 1579 875 1634 llnlus
915 1594 948 1633 ex
1003 1581 1126 1651 adipsas
1141 1596 1172 1635 se
1190 1585 1310 1650 paterna
1329 1580 1506 1635 successione
1525 1579 1671 1651 pertinere
1687 1579 1851 1636 didicerant

101 1671 181 1727 esino
198 1675 228 1725 et
246 1685 321 1741 equa
335 1667 474 1738 gignitur,
490 1668 566 1722 mala
579 1683 613 1722 ex
627 1682 702 1738 equo
716 1671 744 1722 et
761 1667 853 1723 asina.
872 1667 949 1722 luter
1003 1669 1173 1742 Quicunque
1198 1686 1265 1725 vero
1278 1670 1318 1725 ita
1333 1669 1469 1742 captivati
1494 1674 1571 1736 sunt,
1587 1673 1620 1724 ut
1647 1682 1800 1741 nunqusm
1814 1684 1855 1723 re·

102 1758 235 1816 homines
248 1756 298 1828 qui
326 1757 361 1811 de
376 1755 541 1826 captivitate
569 1756 757 1811 escenderent
784 1756 870 1812 etiam
886 1756 948 1811 ani·
1002 1759 1076 1814 versi
1108 1758 1172 1813 aliis
1198 1758 1303 1815 lundos
1342 1775 1408 1813 suos
1440 1757 1627 1829 possidendos
1662 1758 1853 1829 reliquerunt,

103 1847 189 1904 malie
215 1845 320 1916 quibus
348 1843 556 1914 adjuvabantur
570 1842 780 1899 describuntur.
797 1844 830 1898 Et
849 1859 948 1898 cortun
1002 1847 1068 1902 illos
1082 1846 1256 1918 significant,
1281 1846 1333 1918 qui
1351 1846 1392 1902 sic
1414 1847 1558 1918 peccando
1568 1846 1605 1901 ab
1623 1845 1752 1901 Ecclesia
1765 1846 1853 1901 disce·

103 1936 176 1991 sicut
189 1933 342 1988 hominum
357 1946 494 1986 numerus
509 1930 683 2002 designatur,
698 1931 766 2003 quis
785 1936 852 1986 sunt
866 1931 951 1986 multi
1003 1936 1085 2003 drrnt,
1103 1941 1134 1991 nt
1155 1951 1304 2007 nunquam
1327 1934 1503 2006 resipiscant,
1520 1940 1549 1990 et
1566 1934 1630 1989 aliis
1644 1935 1789 2007 promissa
1798 1934 1852 1991 sibi

103 2024 134 2078 in
149 2020 273 2078 Ecclesia
300 2021 345 2074 vel
364 2036 447 2075 sensu
471 2019 622 2089 tardiores,
636 2020 680 2075 vel
708 2021 795 2075 etiam
810 2021 949 2087 carnales,
1003 2025 1320 2099 praemiarelinquant3
1346 2025 1439 2081 uude:
1465 2027 1566 2081 liemor
1590 2029 1646 2080 esto
1681 2025 1756 2080 unde
1784 2027 1855 2080 ecci·

105 2111 156 2184 qui
169 2117 268 2165 tamen
294 2109 438 2179 magistris
464 2108 661 2179 spiritualibus
679 2109 780 2191 devote
801 2109 951 2180 obtempe·
1004 2116 1087 2184 deris,
1101 2119 1127 2169 et
1140 2130 1191 2184 age
1202 2116 1401 2185 penitentiam,
1424 2115 1553 2184 etprimn
1567 2128 1650 2184 opero
1667 2116 1731 2180 soc:
1753 2116 1855 2169 siene

105 2203 180 2269 rant,
205 2202 234 2253 et
259 2198 295 2253 ad
323 2198 463 2269 portenda
498 2212 586 2253 onera
608 2198 741 2253 fraterne
762 2196 950 2264 necessitatis,
1004 2209 1057 2259 tem
1084 2204 1161 2258 venio
1187 2203 1248 2267 titi,
1276 2206 1303 2257 et
1328 2201 1434 2257 movebo
1461 2201 1656 2256 condelabrum
1684 2206 1774 2268 imm,
1803 2206 1852 2257 ete.

105 2290 223 2346 dorsum
237 2285 342 2342 mentis
370 2285 520 2355 inclinant,
546 2291 576 2341 et
599 2301 665 2343 cum
688 2287 797 2342 ceteris
810 2286 906 2342 electis
916 2286 952 2342 de
1006 2292 1104 2361 (Apcc.
1116 2291 1163 2362 n),
1178 2289 1205 2346 ei
1219 2290 1304 2345 olibi:
1323 2290 1393 2345 Tene
1406 2290 1482 2359 quod
1496 2290 1589 2358 tobes,
1604 2295 1636 2347 et
1648 2305 1727 2346 mmo
1737 2293 1854 2361 occipiat

106 2376 271 2432 confusione
303 2373 452 2429 diabolice
465 2373 636 2445 captivitatis
656 2376 758 2447 erepti,
773 2376 953 2448 adsupernee
1006 2395 1132 2437 eoronam
1147 2384 1222 2435 tuom
1236 2378 1324 2451 (ibid.
1340 2377 1392 2445 111).

106 2465 229 2522 civitatis
257 2464 362 2564 moenia
383 2463 516 2531 tendunt,
553 2479 677 2535 quorum
705 2465 792 2519 etiam
814 2480 953 2520 numerus
1343 2518 1456 2575 CAPUT
1472 2519 1510 2575 m

105 2554 246 2610 memorie
274 2554 325 2608 Der
348 2556 461 2622 integer
479 2557 681 2620 conservatum
711 2554 801 2609 unde:
823 2555 954 2624 imperte-
1514 2561 1521 2574 ·

105 2648 178 2699 com
206 2657 293 2697 meum
319 2640 447 2695 ereum
478 2642 550 2695 oecis
576 2642 619 2696 tus
646 2642 727 2711 (eso.
757 2640 896 2711 cxxxvm),
921 2642 955 2696 ut
1043 2632 1277 2698 Jamcwvmerat
1303 2629 1402 2682 menso
1422 2629 1560 2697 sepumus.
1578 2627 1667 2699 (⁸¹0³
1681 2630 1712 2683 sn
1727 2629 1855 2697 ninam,

106 2731 190 2787 alibi:
228 2731 354 2786 Homines
381 2734 407 2784 et
431 2729 557 2799 jumento
583 2729 703 2786 sctocbts
728 2731 840 2785 Domino
872 2729 953 2800 (ibid
1008 2723 1080 2774 tom.
1097 2716 1142 2787 ll.)
1165 2715 1219 2780 Qui
1244 2714 1385 2785 epudnos
1398 2715 1519 2771 October
1542 2731 1602 2787 praa
1625 2717 1737 2772 ceteris
1763 2718 1848 2789 tegeli

106 2819 199 2892 xxxv).
1010 2803 1207 2861 observatione
1229 2802 1375 2869 solemnis,
1396 2802 1427 2857 in
1450 2819 1509 2875 quo
1535 2805 1623 2860 ctiam
1647 2805 1797 2862 celebrata
1819 2810 1859 2861 cst

143 2909 225 2963 pm·
242 2909 286 2963 gg,
310 2934 345 2947 ..
372 2905 473 2974 sponte
500 2905 654 2960 obtulerunt
666 2906 697 2961 sn
716 2905 825 2961 domam
846 2906 900 2960 Dei
917 2899 989 2959 adu
1008 2892 1149 2950 dedicatio
1164 2892 1275 2963 templi.
1296 2892 1429 2962 Congrue
1442 2907 1511 2962 ergo
1534 2894 1713 2964 comprimo
1731 2895 1857 2950 civitates

108 3001 161 3052 ete.
179 2993 328 3066 (ln.,ibid)
345 2994 453 3065 ldeguae
479 2993 635 3048 devotionis
658 2994 797 3049 indicium
811 2998 863 3063 est,
887 2997 954 3060 ete,
1008 2999 1073 3039 sues
1087 2981 1241 3036 intrassent
1265 2987 1294 3035 et
1312 2979 1477 3036 mensiones
1497 2981 1550 3036 sibi
1576 2981 1781 3052 providissent,
1796 2999 1856 3039 mor

108 3100 193 3154 usquc
207 3083 245 3138 od
254 3087 361 3155 quanto
374 3098 423 3137 eos
437 3097 490 3136 nec
504 3082 591 3137 licitis
602 3082 644 3137 uti
657 3082 847 3137 considerant.
1008 3071 1039 3127 in
1067 3070 1223 3126 Jtr⁰³³l0m
1237 3070 1446 3135 0⁰⁰fl⁰¹⁰ffl¹¹b
1463 3072 1492 3124 ti
1519 3070 1606 3124 illim
1626 3076 1857 3139 00¹1⁵iffl¹⁰r¹1¹¹b

145 3174 226 3229 pm,
244 3175 288 3228 69,
303 3170 504 3228 —Secundum
517 3173 598 3226 vires,
629 3172 694 3225 ΗΜ
709 3176 752 3226 est
768 3170 846 3225 enim
874 3186 957 3226 men.
1009 3165 1037 3215 et
1052 3176 1086 3215 eo
1101 3162 1232 3229 tempore
1248 3173 1306 3228 quo
1317 3156 1459 3227 templum
1485 3173 1551 3212 cum
1578 3157 1661 3213 altari
1676 3164 1707 3213 et
1725 3160 1856 3215 omnibus

111 3276 177 3314 sura
203 3258 396 3330 perlectionis,
420 3274 472 3329 pro
496 3274 580 3328 posse
608 3274 660 3312 suo
671 3274 816 3330 quemque
827 3274 879 3329 pro
900 3260 958 3314 00-
1009 3248 1083 3302 vasis
1106 3247 1175 3301 olim
1189 3252 1385 3300 consecratum
1411 3250 1463 3314 est,
1484 3252 1513 3300 et
1538 3248 1648 3317 quoad
1668 3247 1746 3303 diem
1760 3263 1854 3304 conse·

112 3347 192 3402 mino
215 3347 355 3413 laborare,
386 3350 415 3400 et
442 3351 547 3400 statum
575 3345 706 3400 Ecclesioe
737 3346 832 3417 primo
862 3345 891 3400 in
916 3361 957 3416 se,
1010 3336 1146 3393 erationis
1160 3334 1418 3390 annuaiimlessire
1433 3334 1572 3390 ⁸0¹0b³1¹t1

113 3433 218 3489 deinde
232 3434 263 3489 in
286 3433 424 3504 proximis
447 3433 629 3489 contirmare.
652 3433 705 3499 Qui
730 3433 827 3489 taliter
840 3449 957 3488 conver·
1045 3424 1167 3497 Mystico·
1191 3423 1336 3493 Septimus
1351 3422 1593 3494 meusisssfflliam
1619 3422 1761 3493 spriritus
1773 3422 1852 3480 meli

112 3525 221 3586 gantur,
237 3527 312 3576 recte
340 3521 484 3593 principes
499 3528 613 3592 patrum
629 3527 775 3589 vocantur,
808 3522 877 3594 quja
892 3537 958 3593 pgr.
1012 3513 1165 3585 Significat.
1179 3512 1212 3566 ln
1229 3512 1285 3567 hoc
1299 3527 1397 3566 melli&
1419 3519 1485 3582 post
1499 3512 1696 3582 captivitatem
1714 3514 1751 3569 de
1765 3514 1851 3569 cliiii·

112 3609 265 3666 sectionem
286 3609 351 3664 vitae
384 3615 412 3664 et
433 3609 570 3665 doctrinm
592 3611 650 3665 illis
664 3610 714 3683 qui
728 3611 758 3665 in
771 3612 895 3666 Ecclesia
909 3628 962 3682 per
1012 3603 1088 3658 tibus
1111 3600 1253 3655 ῦθῦῑΐῑὸὶῦ
1275 3601 1432 3655 Jer¹¹⁸⁸¹0m
1451 3601 1649 3668 wsslflssifflllb
1669 3618 1738 3657 0⁰⁰¹
1751 3603 1848 3658 abitt„
1892 3606 1894 3621 '

114 3695 312 3753 sollicitudinis
339 3697 467 3752 studium
481 3703 576 3769 patres
587 3704 725 3753 vocantur
742 3699 825 3753 attius
840 3699 960 3755 vivendo
1014 3691 1111 3745 sordes
1121 3688 1255 3744 lififfl'tlm
1268 3694 1333 3760 Ρθθῒ
1353 3689 1565 3745 issch0³fi0¹¹⁰m
1578 3688 1723 3744 b⁰¹10r1¹¹¹¹
1742 3703 1849 3761 ⁰lt0¹¹¹¹1¹

115 3784 324 3859 principantur,
1014 3778 1124 3849 majore
1152 3777 1278 3848 ejusdem
1303 3778 1426 3849 Spiritus
1454 3777 1545 3849 gratia
1565 3778 1758 3842 illuminetur,
1780 3783 1806 3833 et
1824 3777 1848 3830 in

150 3875 223 3930 Auri
231 3873 342 3929 solidos.
356 3873 665 3945 (Ean.,ibid.)durum
680 3878 708 3929 et
718 3878 868 3947 argentum
878 3881 962 3933 etve-
1015 3881 1112 3921 ³⁰¹⁰?ss
1145 3881 1277 3936 ⁵⁰P⁰r¹¹ae
1299 3865 1386 3935 9⁸⁰1&
1403 3882 1468 3937 ‹11¹oe
1487 3865 1518 3921 1¹¹
1532 3882 1599 3921 ΝΜ
1622 3867 1733 3921 ΰῑὶῑῑθῖθ
1747 3871 1846 3933 ΟΜ·

116 3968 171 4018 stes
200 3961 397 4031 sacerdotales,
414 3967 484 4031 etc,
500 3978 586 4032 usque
609 3965 646 4018 ud
672 3964 734 4029 Ouo
749 3965 828 4019 enim
846 3966 962 4036 grevius
1015 3955 1174 4010 cendimur.
1190 3953 1347 4008 ierusalem
1359 3953 1437 4007 enim
1452 3954 1521 4009 visio
1535 3954 1615 4026 pacis
1627 3955 1745 4011 dicitur.

115 4066 146 4104 se
162 4063 270 4104 erresse
293 4047 499 4117 meminerunt,
516 4064 549 4105 eo
565 4050 711 4106 ardentius
729 4051 813 4106 bonis
827 4051 963 4123 operibus
1052 4044 1132 4097 VEBS·
1149 4045 1176 4097 2·
1191 4071 1220 4087 ··
1241 4044 1278 4098 Ei
1291 4043 1413 4097 summi
1427 4042 1521 4097 J⁰⁸¹⁴⁶=
1539 4044 1579 4098 De
1594 4043 1674 4098 tribu
1685 4039 1845 4105 sacerdottli·

116 4136 262 4192 insistunt.
1016 4147 1082 4203 que
1098 4131 1241 4202 significat
1269 4129 1412 4185 Christum
1440 4145 1540 4184 verum
1566 4132 1744 4187 sacerdotem
1747 4128 1846 4205 ,quiin

153 4220 234 4274 Vens.
273 4219 384 4273 70-
418 4219 615 4275 Habitooerent
650 4236 713 4289 ergo
748 4222 899 4279 sacedotes
936 4226 962 4280 et
981 4219 1155 4291 nsenguine
1171 4236 1221 4274 suo
1251 4235 1333 4273 nosa
1364 4218 1485 4291 peccatis
1506 4218 1584 4287 lavit,
1605 4223 1634 4275 et
1656 4221 1766 4277 assistit
1783 4233 1845 4277 nunc

117 4309 226 4363 leude.
253 4305 350 4362 Levita
376 4322 393 4361 a
423 4306 561 4362 Cbsldaeis
584 4308 741 4379 captivatus
756 4309 901 4365 civitatem
916 4327 961 4366 re·
1016 4307 1165 4363 vulturnu
1178 4323 1231 4378 pro
1246 4306 1338 4363 nobis.

119 4396 198 4467 cipit,
227 4411 292 4450 cum
317 4394 455 4451 diaconus
479 4394 614 4450 virtutem
640 4398 822 4468 perfectionis
849 4415 963 4470 quama
1051 4397 1092 4451 Et
1106 4398 1208 4463 iratres
1235 4396 1466 4465 eiussccerdotes.
1490 4398 1529 4452 lle
1549 4395 1654 4469 quibus
1680 4397 1795 4454 dicitur:
1807 4397 1844 4458 te,
1892 4456 1894 4481 Ι

119 4485 233 4540 diebolo
260 4483 392 4539 seductus
417 4484 580 4556 perdiderat
603 4485 724 4540 Domino
744 4487 869 4542 donante
883 4487 962 4542 rein·
1016 4487 1140 4539 nuntiate
1165 4485 1303 4551 tratribus
1329 4487 1396 4539 meis
1425 4485 1536 4554 (nette.
1561 4486 1672 4557 xxvia).
1700 4488 1734 4543 lli
1747 4483 1844 4543 suntin
1891 4494 1894 4561 t

118 4576 221 4645 tegret.
233 4573 267 4626 In
283 4572 426 4643 Babylone
439 4577 600 4629 veronatus
615 4574 756 4630 civitatem
784 4576 815 4630 in
835 4576 964 4632 iudaeam
1017 4573 1140 4628 Ecclesia
1153 4573 1278 4640 altiores,
1302 4577 1331 4628 et
1354 4572 1464 4628 Christo
1492 4572 1665 4628 familiarius
1681 4575 1845 4632 inherentes.
1891 4566 1894 4631 l

117 4660 236 4716 veniens
263 4661 434 4732 ingreditur.
454 4678 519 4716 cum
545 4667 728 4734 regeneratus
747 4664 778 4719 in
801 4664 913 4721 Christo
936 4669 965 4719 et
1018 4659 1171 4715 Ecclesiam
1195 4659 1346 4715 aedificant.
1375 4660 1438 4715 Toti
1471 4660 1559 4715 etiem
1586 4659 1693 4715 dicitur
1721 4659 1845 4717 Ecclesiet

119 4750 193 4805 bene
205 4748 353 4804 institutus
371 4749 400 4806 in
414 4749 535 4804 Ecclesia
554 4755 701 4820 acceptum
723 4752 811 4806 semel
831 4752 964 4807 diacona·
1021 4751 1391 4819 Vescutemgenusetectum,
1403 4748 1689 4817 consacerdotem
1704 4744 1845 4822 (recent

118 4841 181 4892 tum
196 4837 367 4908 regulariter
393 4837 524 4893 custodit
545 4837 623 4893 Sicut
642 4838 719 4893 enim
733 4839 782 4894 ille
796 4856 848 4911 per
861 4839 966 4895 Christi
1018 4838 1091 4894 Sunt
1111 4838 1188 4893 enim
1202 4838 1284 4893 electi
1302 4838 1434 4893 membre
1447 4838 1552 4894 summi
1567 4838 1733 4905 sucerdotis,
1748 4845 1848 4909 corpor!

119 4925 333 4997 gratiamquasi
347 4925 383 4981 de
398 4926 530 4981 Chaldoea
548 4924 683 4981 servitute
704 4926 840 4983 liberatus
856 4933 906 4995 est,
925 4928 966 4984 ita
1020 4942 1071 4981 sua
1082 4926 1233 4982 olicrentes
1248 4927 1373 4981 bostiam
1388 4925 1492 4982 rivam.

121 5010 168 5066 hic
192 5028 245 5083 per
258 5012 471 5069 exsecutionem
499 5012 654 5084 bonorum,
679 5013 709 5069 in
735 5015 839 5086 quibus
854 5016 965 5087 praede·
1054 5015 1315 5086 Etaediflccoemut.
1340 5017 1430 5084 (Ean,
1457 5016 1505 5071 ubi
1523 5015 1633 5086 supro)
1664 5015 1764 5088 llagna
1777 5007 1849 5086 picti·

77 5095 80 5099 ’
118 5115 245 5156 cessores
275 5101 404 5173 ejusdem
440 5103 545 5172 gradus
581 5103 739 5159 conversati
779 5107 855 5170 sunt,
888 5102 967 5158 velut
1020 5103 1101 5159 sione
1130 5105 1223 5176 primo
1252 5106 1340 5159 altere
1368 5104 1591 5171 edificaverunt,
1620 5108 1687 5170 etc,
1722 5094 1850 5175 usquead

119 5188 156 5243 ad
171 5187 275 5244 muenia
304 5189 430 5261 proprie
448 5190 561 5246 virtutis
583 5192 626 5247 vel
655 5191 776 5247 civitatis
798 5192 964 5248 escendunt.
1020 5192 1224 5249 sedcbristum
1248 5193 1324 5264 epod
1342 5193 1457 5248 Patrem
1483 5192 1652 5247 advocatum
1673 5208 1735 5249 non
1757 5191 1851 5248 babut-

157 5278 354 5346 Universusqce
376 5280 472 5334 lsrael.
501 5279 587 5350 (Eam
600 5280 649 5335 ubi
671 5281 780 5352 supro.)
796 5280 967 5335 Universum
1019 5285 1097 5335 runt.

119 5364 218 5433 lsrael,
233 5379 290 5417 non
314 5365 412 5421 decem
431 5366 522 5420 tribus
544 5372 655 5423 tanturn
683 5368 761 5436 dicit,
782 5384 847 5440 quoe
870 5383 963 5439 quon·
1056 5370 1135 5424 Veas.
1157 5371 1183 5424 3.
1198 5399 1233 5407 -
1247 5370 1328 5424 Buces
1352 5383 1430 5425 scus.
1448 5368 1510 5440 (ln,
1534 5367 1617 5440 ibid.)
1643 5368 1738 5426 Corda
1762 5365 1855 5425 sciticct

119 5450 186 5507 dem
200 5453 374 5510 vocabantur
386 5456 472 5511 lsrael
485 5456 521 5512 ed
535 5456 749 5513 distinctionem
763 5472 965 5530 quarumque
1020 5458 1177 5513 electorum
1194 5456 1229 5512 ad
1251 5456 1429 5529 suscipienda
1445 5455 1512 5513 tldei
1526 5461 1706 5513 sacramenta
1717 5454 1856 5531 preceptis

1890 4348 1894 4415 1Ι
