3892 6106
136 227 189 281 tto

468 217 668 276 wutnrulut
686 217 808 274 santur
824 216 1111 275 intumuere.
1129 217 1217 273 PARS
1232 217 1252 272 l.
1272 246 1308 257 —
1321 214 1554 273 ruuotoolca.

1842 218 1895 271 960

137 344 242 400 trarius
252 347 296 398 est
313 349 406 397 castus
421 342 517 408 timor,
540 340 590 412 qui
617 337 706 410 gratis
734 338 830 409 ipsum
852 338 1023 405 amat,inA
1078 340 1156 395 vm«,
1176 341 1203 394 l.
1220 369 1253 380 -
1273 340 1476 393 Gloriutisuut.
1498 338 1592 410 (Aue,
1608 337 1707 404 Cass.)
1725 337 1896 392 Devictoria

136 433 291 507 quohahet
306 431 414 487 omnia.

172 523 253 577 Vnus.
264 523 309 576 28.
321 550 356 563 -
375 521 409 575 lu
429 520 517 588 portis
527 518 591 586 Aliae
612 517 690 573 Sion.
707 517 800 587 (Auo.)
816 517 848 571 ln
859 514 986 587 publice,

135 611 177 664 rel
194 611 225 664 in
236 608 390 663 concordia
404 607 620 676 Apostolorum,
636 605 686 676 qui
702 609 769 659 stunt
783 608 873 676 porta
890 605 984 658 Ecclc·

137 699 197 753 sire.
213 697 285 762 Quia
305 694 480 766 praedicatio,
498 710 563 766 quae
578 699 622 748 est
645 699 750 765 praeter
776 693 917 747 unitatem
943 693 989 747 Ec·

136 786 242 854 clrsiae,
266 784 360 838 inanis
384 787 435 838 est.
468 785 526 850 Vel,
543 782 706 837 virtutibus.
737 781 858 836 Ecclesia
874 780 989 835 estfilia

136 875 214 940 Sion,
231 874 260 928 id
274 877 317 927 est
327 872 543 944 speculationis.

419 960 575 1017 PSALllUS
591 960 705 1016 txxttl.

170 1050 252 1105 vaus.
267 1054 293 1105 l.
303 1051 500 1105 -lntellectus
513 1050 623 1120 Asapt.
639 1048 730 1119 (Aua.)
742 1049 911 1119 synagoge,
922 1051 989 1116 etc.,

134 1153 219 1208 usque
232 1139 270 1193 od
285 1143 316 1193 ut
332 1138 447 1192 duritia.
463 1137 629 1194 ludaeorum
652 1137 694 1190 vel
706 1135 917 1191 calamitatibus
933 1140 990 1190 ter·

136 1232 255 1293 roratur,
271 1226 316 1281 vol
333 1226 503 1281 molliretur.
532 1225 616 1296 (Cas.)
632 1226 734 1287 Monet,
750 1224 856 1278 relictis
871 1223 985 1295 liguris,

138 1315 261 1369 transire
274 1315 310 1370 ad
326 1315 486 1369 raritatem.

175 1406 209 1459 Ut
222 1403 291 1473 quid
313 1406 395 1459 Deus.
417 1404 479 1469 (lu.)
497 1403 664 1458 Describam
677 1401 855 1455 eversionem
869 1402 984 1455 lamsa-

1042 444 1103 483 sua.
1121 429 1188 483 Ecca
1203 427 1279 499 quod
1290 427 1433 481 nonhono
1449 427 1510 481 zelo
1520 427 1664 482 lecerunt.
1685 425 1817 495 Gronau,
1833 442 1896 483 cnm

1043 517 1134 573 scelus
1148 516 1239 571 soleat
1252 515 1334 587 requi
1344 515 1505 586 poenitudo,
1519 516 1551 570 hi
1575 515 1609 570 ad
1626 514 1754 586 gloriam
1768 519 1895 584 remunt3

1043 606 1131 675 quite
1158 604 1280 671 oderunt,
1295 605 1369 658 sarri
1384 598 1560 670 damonum,
1575 604 1627 677 qui
1650 604 1822 659 nullatenus
1833 609 1897 660 suut

1042 692 1193 747 tolerandi.
1209 694 1240 747 lu
1254 695 1342 748 medio
1356 695 1534 749 solemnitatis
1559 698 1620 748 tua.
1638 695 1701 749 Nou
1718 693 1749 747 in
1770 697 1895 748 exuemo

1043 782 1117 849 loco,
1132 781 1180 837 sed
1196 781 1224 835 in
1242 782 1335 836 media
1350 781 1432 836 atrio.
1448 782 1510 837 Alia
1523 781 1630 849 littera,
1646 781 1805 854 sacrilegia
1818 797 1894 836 com·

1043 871 1193 926 miserunt.
1224 873 1361 926 lnsoacto
1389 871 1475 942 (Cas.)
1500 873 1532 927 lu
1562 870 1728 927 sanctuario
1751 887 1808 942 per
1834 886 1896 926 ron·

1042 963 1174 1031 tempam
1189 961 1279 1014 sancti
1293 960 1405 1030 templi,
1421 959 1470 1016 uhi
1489 961 1584 1015 Deitas
1602 960 1719 1014 videtur
1732 958 1854 1030 despici,
1868 960 1896 1014 in

1043 1053 1267 1120 praesumptores
1287 1049 1410 1102 concitat
1440 1049 1588 1103 invidiam.
1620 1050 1709 1118 Sipuo
1738 1052 1770 1103 et
1802 1047 1896 1119 (Aua.)

1043 1137 1171 1207 Aquilas‚
1186 1142 1251 1204 etc,
1264 1151 1349 1207 usquc
1359 1137 1397 1191 od
1415 1137 1442 1191 id
1458 1142 1511 1202 est,
1528 1153 1582 1208 par
1594 1137 1673 1191 edita
1685 1137 1760 1192 loca.

1078 1227 1164 1281 Vens,
1180 1229 1205 1279 5.
1226 1227 1309 1281 —In
1323 1228 1410 1281 exitu.
1436 1224 1521 1296 (Cas.)
1551 1227 1599 1280 Vel
1629 1225 1705 1279 sicut
1731 1224 1763 1278 in
1784 1240 1896 1295 egressa

1044 1314 1178 1386 desuper,
1194 1314 1224 1368 id
1235 1318 1288 1380 est,
1303 1329 1361 1368 non
1383 1317 1588 1385 cognoverunt,
1601 1318 1683 1384 quod
1708 1314 1772 1367 haec
1787 1312 1895 1368 licentia

1044 1405 1134 1460 alico
1149 1404 1343 1473 egrederetur,
1360 1406 1445 1471 Quasi
1457 1405 1487 1457 in
1509 1403 1589 1469 silua,
1605 1406 1658 1456 etc.
1691 1401 1796 1469 (Cass.)
1817 1404 1894 1457 Aute-

138 1489 986 1563 lcmirreparehilem,quaeritcausam,quareadmiranset
1044 1509 1131 1566 quam
1146 1496 1372 1556 construeretur,
1395 1491 1548 1563 prophetat
1586 1490 1770 1545 eversionem
1789 1490 1893 1563 templi.

136 1596 332 1652 conquerens;
349 1584 378 1636 et
390 1585 524 1652 precatur
538 1596 589 1651 pro
606 1580 719 1651 repulso
730 1578 848 1650 populo,
864 1582 894 1632 et
907 1577 991 1633 ultio-
1080 1585 1112 1638 ln
1126 1583 1214 1636 securi
1236 1587 1261 1636 rt
1289 1582 1364 1636 uscia
1386 1581 1540 1651 polluerunt
1556 1579 1766 1634 tohemucutum
1785 1582 1895 1635 nomme

138 1686 203 1725 uem
228 1670 259 1725 in
275 1671 477 1736 destructores,
503 1685 567 1739 qum
594 1668 713 1739 quidem
740 1666 942 1731 eisutilisest‚
959 1670 988 1720 et
1042 1674 1091 1739 tut,
1106 1675 1159 1725 etc.
1177 1670 1269 1742 (Aua.)
1281 1670 1388 1726 Securis
1400 1668 1483 1724 credit
1497 1668 1616 1723 trahes:
1648 1670 1729 1723 ascia
1758 1667 1893 1723 minutius

135 1760 196 1832 jam
212 1760 284 1814 iacta
309 1763 361 1813 est.
377 1757 580 1828 nepotianum.
605 1757 667 1828 (lu.)
683 1756 769 1821 Quasi
783 1756 893 1810 alienos
909 1772 925 1809 a
940 1758 989 1810 tua
1041 1759 1233 1832 persequitur.
1253 1760 1306 1812 Per
1319 1758 1373 1813 hoc
1386 1773 1465 1830 ergo,
1475 1760 1504 1812 at
1522 1772 1642 1829 magnas
1658 1772 1706 1812 res
1721 1760 1753 1810 et
1765 1755 1893 1811 minimas

136 1847 363 1903 distensionem
386 1846 485 1916 finem.
505 1847 561 1901 Nec
587 1845 695 1915 templo
725 1844 860 1916 parcitur.
894 1846 988 1899 Inter·
1042 1848 1112 1904 dicit
1126 1848 1260 1919 dejectas,
1277 1850 1308 1900 ut
1322 1846 1423 1902 civitas
1436 1845 1566 1901 funditus
1578 1846 1616 1900 sit
1643 1844 1892 1917 devastata,prias

139 1936 212 1991 itum
225 1939 254 1990 et
266 1934 460 2006 captivitatem
477 1933 628 2005 significat,
648 1948 713 2004 que
734 1932 825 1988 a'l'ito
840 1938 869 1987 at
883 1933 988 2004 Vespa·
1041 1936 1141 2005 incisa,
1157 1934 1305 2007 postignis
1319 1935 1540 1991 omniavorarit.

138 2023 229 2078 siano.
246 2024 318 2079 Ores
345 2023 485 2090 nominat,
499 2028 531 2078 ut
559 2022 599 2094 pii
615 2020 737 2094 pastoris
762 2021 987 2077 misericordiam
1078 2045 1157 2099 qm
1175 2048 1200 2097 7,
1218 2073 1253 2083 ,
1266 2044 1298 2097 1„
1313 2047 1397 2108 qma,
1413 2045 1468 2096 010·
1484 2042 1578 2113 Usque
1598 2041 1634 2095 ad
1659 2043 1775 2095 ,πω
1789 2039 1889 2111 (qq-000,

137 2114 327 2166 ⁰⁰m¹¹¹⁰le³²·
351 2113 421 2166 TW·
447 2111 479 2165 ¹¹¹
508 2127 558 2166 ⁰⁰⁸
579 2110 988 2182 ¹0mP⁰ffl¹¹¹i¹¹³Vi⁰ffi⁰³m⁰⁶r
1041 2131 1294 2188 runtculmiuaad
1321 2131 1436 2185 laudem
1465 2130 1515 2185 liei
1539 2133 1642 2184 erecta.
1672 2132 1774 2201 Auget
1796 2128 1888 2194 scelus,

140 2199 814 2272 (11105811φηῦᾶοῙῦἰῧθθῃοῧῖωὓωθωίὓίωΰε·
982 2283 987 2296 ⁸
1041 2224 1075 2277 ut
1098 2221 1221 2275 atrocius
1235 2219 1405 2274 vindicetur.
1420 2217 1504 2290 (Cas.)
1529 2218 1577 2272 Vel
1605 2220 1704 2289 potest
1723 2222 1821 2273 totum
1840 2216 1889 2289 legi

174 2289 257 2343 vm·
287 2291 314 2341 ²·
343 2318 379 2328 ·“
400 2288 557 2343 Ρθθῧθάῑθῆ·
583 2285 680 2358 (effi)
706 2286 766 2353 Vss'v
796 2285 908 2349 mam·
936 2289 990 2339 ⁰²³¹
1043 2325 1216 2381 capersana
1245 2307 1459 2379 desperantium
1482 2306 1661 2374 ludecanum,
1678 2311 1750 2373 etc„
1766 2305 1890 2376 usquead

139 2392 242 2431 omnes
259 2379 334 2430 creat
364 2379 392 2429 et
415 2376 551 2447 disponit,
575 2375 687 2429 ludaeos
703 2379 799 2429 tamon
815 2373 988 2445 specialiter,
1042 2396 1092 2468 qui
1117 2396 1193 2450 ime,
1218 2396 1279 2451 Μ,
1295 2411 1352 2450 non
1374 2394 1521 2466 poenqenq
1547 2392 1641 2466 (Am.)
1668 2395 1738 2448 qm
1755 2393 1889 2462 dimum,

138 2464 246 2535 (ΨΜ
269 2465 363 2534 ¹⁰8⁰¹¹¹
386 2468 414 2518 et
433 2465 591 2536 milhem
607 2463 694 2518 ‘¹⁰⁶¹st
714 2463 863 2519 nemim
889 2463 988 2533 (ΗΜ)
1043 2486 1092 2540 sed
1122 2500 1274 2555 usquequo
1297 2483 1404 2555 pateris
1429 2481 1584 2555 opprobria
1597 2483 1767 2539 ludaeorum
1801 2499 1808 2538 :
1837 2482 1890 2537 Non

139 2552 176 2606 Te
190 2551 292 2623 pretio,
318 2551 345 2606 id
362 2556 416 2618 cst,
430 2567 481 2623 per
496 2557 523 2607 te
547 2551 683 2622 pretium.
696 2553 781 2606 Mons.
805 2550 897 2622 (Aua.)
913 2550 989 2604 Emi-

1043 2574 1097 2629 hoc
1125 2572 1208 2639 dixit,
1237 2576 1269 2626 ut
1291 2588 1338 2627 eos
1358 2571 1425 2627 velit
1449 2570 1542 2643 perdi,
1571 2571 1620 2625 sod
1649 2571 1839 2626 commutari.
1865 2573 1892 2626 la

141 2640 249 2709 nentia,
266 2639 333 2695 Sion
346 2641 503 2711 speculatio
527 2644 577 2701 est,
607 2639 637 2694 iu
656 2638 988 2711 quo‚iuquarehabi·
1040 2662 1124 2731 finem
1140 2661 1252 2730 mundi,
1275 2677 1422 2734 vesperam
1446 2659 1561 2729 scilicet,
1586 2659 1890 2732 quandoqudaeieou.

139 2728 217 2783 testi.
236 2728 285 2783 Vel
309 2729 434 2784 vacatio
461 2746 507 2784 eu.
523 2728 625 2800 (lirun.)
656 2730 780 2784 Mentem
817 2730 861 2784 rel
883 2728 990 2783 montis
1044 2756 1202 2807 mmmm,

141 2816 220 2882 Sion,
235 2815 292 2870 sire
316 2816 346 2871 iu
363 2831 408 2870 eo.
435 2818 587 2888 Hucusque
614 2816 675 2870 veri
706 2817 882 2871 Testamenti
905 2817 988 2879 lacta,

142 2920 207 2977 quae
221 2905 359 2976 sequitur,
370 2905 473 2959 veritas
487 2905 638 2975 promissa.
664 2907 718 2961 Per
733 2905 811 2972 Sion,
830 2905 987 2961 ierusalem
1004 2903 1025 2961 C

141 2993 245 3064 signat,
262 2992 362 3065 inqua
379 2993 534 3064 presentia
549 2993 652 3049 Christi
669 2993 816 3061 habitarit,
832 2997 861 3048 et
874 2993 938 3048 ideo
953 3008 988 3048 ne

143 3082 223 3137 daret
249 3097 313 3137 eam
343 3082 468 3137 restituti
493 3083 646 3153 supplicat.
678 3085 792 3150 Virqom
809 3082 987 3137 haereditatis.

142 3168 237 3240 (Aua.)
260 3170 326 3240 lpse
359 3171 556 3242 congregatio,
579 3171 661 3243 virga
685 3171 863 3226 haereditatis
885 3170 953 3226 dicit
980 3187 986 3225 :

142 3275 231 3330 quam
245 3259 344 3314 rolens
369 3259 515 3331 possidere
527 3259 637 3330 virgam
655 3260 743 3330 ldoysi
771 3260 801 3314 in
826 3265 989 3331 serpentem

142 3346 237 3411 vertit,
252 3346 301 3400 sed
314 3347 493 3419 apprehensa
505 3348 595 3402 cauda
611 3347 697 3403 rediit
709 3348 739 3401 in
750 3348 869 3418 virgam.
887 3347 990 3417 (illan.)

143 3434 215 3498 Quia
230 3449 307 3487 mors
319 3450 403 3489 siresa
414 3436 555 3506 serpentis
571 3436 689 3490 intravit
702 3437 732 3489 in
746 3437 897 3502 muudum,
910 3436 992 3507 virge

143 3522 174 3576 iu
190 3525 333 3592 serpente,
356 3522 485 3577 Christus
507 3522 538 3577 in
553 3527 655 3578 morte.
683 3524 762 3579 Unde
775 3529 803 3579 et
816 3524 867 3596 qui
896 3524 990 3580 intue-

144 3610 230 3665 hatur
243 3615 414 3681 serpentem,
443 3611 538 3677 idest,
567 3613 712 3669 Christum
729 3614 990 3684 mortuumcredit,

145 3702 263 3752 sanatur
281 3715 298 3753 a
312 3700 503 3771 serpentibus,
520 3701 548 3756 id
564 3705 617 3767 est,
634 3709 751 3757 amorte
766 3706 884 3757 aeterna.
902 3704 990 3774 Erpa-

144 3787 185 3840 rit
197 3787 304 3858 Moyses
320 3793 348 3842 et
373 3788 457 3860 fugit,
484 3789 524 3846 sic
551 3790 680 3861 Apostoli
695 3791 835 3846 moriente
866 3791 989 3849 Christo.

145 3877 265 3931 Retenta
280 3875 380 3941 cauda,
396 3876 489 3942 idest,
515 3879 734 3949 posterioribus,
758 3880 791 3935 lit
816 3881 905 3951 virga,
923 3881 992 3952 quia

144 3965 239 4034 primo
249 3964 368 4033 occisus,
382 3970 483 4037 postea
497 3969 629 4022 annexit.
648 3968 742 4023 Cauda
756 3968 842 4023 etiam
868 3975 911 4024 est
925 3969 991 4024 linis

145 4053 252 4116 saculi,
269 4053 298 4107 iu
314 4071 371 4125 quo
386 4056 512 4110 redimus
529 4056 564 4112 ad
580 4072 697 4112 manum
706 4057 767 4124 liei,
783 4062 812 4112 el
829 4058 992 4114 stabilimur

146 4143 194 4213 qui
206 4158 259 4212 per
273 4146 396 4196 mortem
408 4145 490 4215 quasi
500 4161 552 4215 per
562 4151 722 4216 serpentem
738 4146 882 4201 fluximus.
896 4147 989 4218 (Aua.)

144 4230 196 4284 Scd
213 4230 280 4301 quia
299 4230 360 4285 haec
372 4235 399 4284 at
415 4232 450 4287 do
475 4234 632 4303 gentibus:
653 4234 798 4305 exprimit,
825 4235 859 4290 da
887 4237 991 4308 quibus

147 4317 231 4385 dicat,
247 4320 323 4374 Mons
337 4320 412 4375 Sion.
427 4321 458 4375 ld
473 4324 526 4388 est,
539 4338 595 4375 uon
611 4322 804 4393 degentibus.
831 4324 880 4378 Vel
911 4340 992 4379 mon·

146 4411 204 4461 tem
219 4407 285 4463 Sion
300 4408 400 4478 istum,
416 4424 501 4480 quem
527 4410 692 4466 inhabitasti
707 4411 737 4465 iu
751 4411 814 4482 ipso
827 4427 833 4468 :
844 4414 916 4468 heau
933 4429 993 4468 mo·
1049 4464 1054 4476 ,

146 4504 212 4550 num
237 4500 311 4552 tuom
332 4500 362 4553 iu
380 4498 522 4568 superbias
550 4515 650 4567 eorum,
663 4517 679 4554 a
693 4500 799 4572 quihus
826 4517 923 4557 eversa
951 4506 995 4557 est

145 4584 315 4651 Jerusalem,
331 4585 421 4654 idest,
436 4586 552 4657 regibus
567 4588 708 4658 gentium.
733 4591 765 4645 ln
779 4592 870 4660 pacm,
884 4591 952 4662 quia
966 4594 995 4645 et

146 4673 202 4744 ipsi
215 4673 358 4729 Christum
371 4675 432 4747 jam
452 4682 602 4732 noverunt.

183 4761 266 4815 Vsus.
286 4763 312 4816 3.
338 4792 374 4802 —
388 4764 470 4817 Leon.
486 4764 573 4834 (Cas.)
599 4763 771 4830 Potentiam,
786 4769 819 4819 ut
830 4767 993 4837 superbiam

148 4864 248 4904 eorum
262 4853 354 4904 vertas
368 4850 403 4906 ad
430 4851 632 4918 humilitatam,
661 4851 769 4906 ducens
788 4868 835 4905 eo-·
850 4850 879 4904 iu
895 4851 993 4919 finem,

148 4935 177 4991 id
193 4942 245 5005 est,
273 4939 418 4993 Christum
442 4941 519 5010 quod
530 4946 559 4994 et
574 4941 725 5012 impletum
748 4945 801 5006 est,
816 4939 884 5010 qnia
899 4940 996 4995 Romoe

148 5024 309 5080 Christiana
323 5025 426 5097 religio
437 5027 575 5083 effloruit.
590 5029 671 5095 Leon,
686 5027 754 5099 quia
765 5043 799 5082 ax
813 5027 936 5083 multum
948 5044 995 5081 su·

148 5112 310 5183 perstitiose
326 5114 399 5169 facta
427 5119 469 5170 est
490 5116 676 5171 sanctissima.
701 5117 809 5183 Quanta
829 5116 996 5183 moliquntus

147 5205 196 5269 est,
213 5207 266 5258 etc.
286 5204 375 5273 (Auo.)
386 5203 551 5260 Sacerdotes
566 5212 594 5259 et
612 5205 767 5260 ministeria
783 5204 883 5276 templi
895 5204 992 5275 praeda

148 5289 273 5345 fuerant.
288 5292 358 5346 Tuta
380 5308 461 5364 gens,
484 5294 528 5348 vel
556 5293 648 5348 occisa
667 5294 712 5348 rel
726 5293 876 5363 captivata.
900 5294 996 5349 Inimi-

49 5382 57 5391 '
148 5392 206 5445 cus,
217 5379 364 5434 Romanus
378 5381 529 5448 exercitus,
546 5383 582 5437 ad
611 5383 665 5438 hoc
679 5398 732 5454 per
745 5380 904 5455 prolepsim
919 5398 996 5455 qra-

148 5465 228 5522 misit
242 5482 346 5525 eorum.

1059 2885 1061 2888 ·
1080 2859 1163 2914 vaus.
1181 2860 1251 2913 9.-
1268 2857 1357 2925 Siqua
1370 2861 1465 2913 noenu
1477 2872 1531 2913 uon
1546 2856 1676 2912 uidimus.
1696 2855 1893 2928 (suamne)

1043 2944 1128 3009 Quasi
1142 2943 1286 2998 dicerent:
1302 2943 1398 2998 Alerito
1421 2943 1481 2998 hrec
1512 2943 1587 2997 mala
1600 2941 1684 2997 nohis
1697 2942 1893 3014 contigerunt,

1043 3029 1116 3096 Quia
1134 3047 1192 3086 non
1205 3031 1330 3085 vidimus
1342 3031 1438 3102 sigum
1464 3031 1545 3102 quasi
1565 3031 1652 3087 dica:
1675 3031 1820 3099 Vidimus,
1846 3031 1893 3086 sed

1044 3120 1303 3176 uonialolleximus
1319 3126 1369 3175 :et
1384 3136 1448 3175 rere
1461 3119 1593 3185 ridimos,
1609 3121 1678 3192 quia
1693 3121 1751 3175 hoc
1767 3119 1892 3192 siguum,

1045 3209 1196 3281 quianon
1223 3214 1266 3264 cst
1292 3209 1449 3279 Propheta,
1472 3209 1517 3263 vel
1544 3209 1686 3276 sacerdos,
1707 3209 1753 3264 val
1780 3208 1893 3275 unctio;

1044 3298 1123 3352 unde
1140 3314 1146 3352 :
1163 3299 1233 3351 Cum
1248 3300 1350 3353 uenerit
1359 3297 1476 3352 Sanctus
1489 3300 1658 3365 sanctorum,
1672 3299 1790 3354 cessabit
1804 3299 1893 3353 acatia

1045 3385 1128 3458 (Dan.
1143 3386 1181 3453 rr)
1196 3389 1298 3439 restra.
1318 3387 1354 3440 st
1368 3401 1417 3441 aas
1430 3400 1483 3440 non
1507 3389 1644 3455 roquoscet
1670 3386 1805 3457 amplius.
1831 3388 1894 3442 Pro

1044 3475 1132 3547 pheta
1147 3473 1260 3545 aliquis,
1276 3473 1321 3528 vel
1334 3474 1409 3529 Deus
1432 3489 1484 3545 per
1509 3473 1700 3545 Prophetam3
1723 3474 1754 3529 id
1768 3478 1824 3545 est,
1838 3490 1894 3530 non

1045 3561 1226 3617 annuntiabit
1253 3561 1398 3616 Christum
1423 3566 1586 3627 venturum,
1616 3563 1685 3634 quia
1710 3562 1774 3634 jam
1806 3562 1892 3619 uenit.

1044 3651 1181 3720 Amplius.
1199 3650 1260 3721 (lu.)
1292 3649 1341 3704 Vel
1366 3666 1422 3705 uon
1446 3655 1598 3723 cognoscet
1611 3650 1717 3718 adhuc,
1734 3652 1828 3707 donec
1842 3650 1893 3706 sci·

1045 3738 1112 3794 lieet
1126 3738 1242 3795 iudaeus
1257 3743 1394 3808 agnoscat
1408 3754 1484 3793 eum.

1081 3846 1163 3901 vans.
1181 3846 1222 3899 ro.
1239 3873 1274 3885 -
1304 3845 1468 3915 Usquequo?
1488 3848 1544 3901 etc.
1564 3844 1651 3916 (Cas.)
1681 3845 1716 3900 at
1734 3845 1820 3916 quasi
1848 3862 1892 3899 su-

1046 3933 1105 3988 bito
1120 3932 1294 4004 cognoverit.
1322 3935 1462 4004 Usquequo
1486 3933 1650 4003 supposuit,
1670 3934 1769 3988 irritat
1794 3933 1890 3988 udon-

1046 4022 1155 4078 sariusl
1170 4021 1253 4092 quasi
1263 4021 1391 4076 diceret:
1409 4021 1518 4076 Taudiu
1529 4021 1751 4093 improperabit,
1761 4022 1891 4094 quandiu

1046 4109 1237 4175 adversarius,
1266 4109 1295 4165 id
1310 4115 1364 4175 est,
1391 4110 1521 4178 ludaeus,
1545 4109 1639 4165 irritat
1665 4126 1776 4166 nomeu
1799 4115 1889 4166 tuum.

1005 4187 1027 4242 ὓ
1048 4202 1082 4256 Ut
1094 4200 1163 4270 quid
1177 4201 1286 4254 avertis.
1311 4198 1404 4270 (Aua.)
1428 4200 1496 4254 Post
1507 4198 1623 4270 siguum
1639 4197 1738 4269 virgae,
1763 4199 1891 4255 additum

1046 4293 1090 4343 ost
1112 4302 1228 4357 signum
1243 4302 1345 4341 manus
1367 4287 1465 4358 hioysi,
1479 4286 1526 4360 hic
1549 4290 1592 4342 est
1604 4286 1731 4358 populus
1747 4287 1824 4344 Dei:
1847 4289 1892 4361 qui

1046 4376 1122 4432 foras
1134 4376 1169 4431 ab
1182 4390 1216 4429 eo
1228 4374 1331 4428 missus
1350 4375 1519 4430 immundus
1531 4380 1584 4441 est,
1595 4374 1644 4429 sed
1658 4380 1814 4432 reuocatus
1826 4376 1893 4432 radit

1047 4481 1079 4520 ru
1089 4480 1175 4518 surim
1189 4463 1324 4518 calorem.
1339 4463 1412 4519 llicit
1423 4479 1492 4534 crgo
1508 4463 1680 4534 :Quousque
1697 4478 1760 4519 nun
1784 4481 1892 4521 revocas

1048 4568 1177 4619 manum,
1194 4558 1228 4606 ut
1239 4557 1375 4623 agnoscat
1408 4551 1592 4607 salvatorem.
1617 4552 1739 4608 Manum
1772 4556 1892 4610 memet

1049 4639 1202 4707 deuterum,
1216 4639 1244 4693 id
1258 4643 1311 4704 cst,
1327 4638 1450 4694 ludreos.

1083 4747 1166 4801 Vsus.
1197 4749 1239 4800 la.
1262 4774 1297 4786 -
1320 4748 1389 4800 licus
1415 4749 1504 4800 autem
1528 4760 1578 4800 rsa
1605 4750 1706 4802 noster.
1731 4748 1821 4820 (Cas.)
1846 4748 1891 4804 lit·

1048 4835 1165 4889 structis
1180 4834 1280 4902 siquis,
1297 4833 1422 4888 ostendit
1449 4849 1510 4888 reru
1534 4833 1637 4904 ipsam,
1664 4835 1789 4905 scilicet,
1809 4837 1839 4891 iu
1851 4835 1892 4892 ad·

1048 4928 1134 4978 ventu
1149 4923 1253 4978 Christi
1279 4923 1401 4978 salutem
1428 4922 1534 4994 ubique
1562 4922 1676 4978 iactam.
1702 4922 1800 4996 (Auo.)
1823 4928 1889 4988 Dent.

1049 5016 1150 5069 autem.
1164 5012 1238 5066 Dicit
1250 5011 1345 5081 Asaph
1363 5009 1538 5080 intelligens,
1561 5014 1624 5077 etc,
1635 5026 1708 5080 uque
1734 5013 1775 5067 nd
1788 5013 1813 5067 si
1833 5024 1893 5081 ergo

1051 5116 1109 5155 nou
1120 5099 1274 5171 precessit,
1292 5099 1393 5153 saltem
1409 5102 1554 5168 sequatur.

1084 5190 1119 5245 In
1141 5187 1228 5243 medio
1251 5193 1342 5244 terrm
1377 5186 1460 5255 (Cas.)
1494 5187 1586 5241 Homo
1616 5184 1722 5256 iactus,
1744 5188 1892 5244 temsalsm

1049 5276 1155 5333 dicitur
1164 5292 1223 5332 esse
1236 5276 1265 5331 iu
1279 5275 1385 5331 medio.

1086 5385 1172 5440 Vsus.
1207 5386 1249 5440 tt.
1273 5413 1308 5425 -
1334 5388 1376 5439 Pu
1402 5383 1578 5448 manusueti.
1595 5380 1693 5453 (Aua.)
1709 5383 1821 5455 hapsus
1844 5397 1890 5439 mr·

1050 5471 1091 5528 ris
1119 5471 1209 5529 Rubri
1234 5471 1368 5540 firmavit,
1395 5477 1428 5527 nt
1464 5476 1539 5527 essct
1560 5470 1638 5526 iuter
1669 5469 1792 5529 siccum.
1819 5472 1892 5544 Cujus
