3892 6106
48 265 108 318 829
641 261 768 317 GLOSSA
788 261 991 317 ottuluauht.
1011 288 1046 299 -
1065 261 1129 315 ltu.
1150 259 1220 316 tou.
1757 269 1812 323 830

92 380 905 452 ·Nectapidisardonicho.»8ard0nichasterrarubrae
924 382 947 435 A
999 400 1013 429 u
1030 379 1206 449 Viditillam,
1223 401 1236 429 a
1252 384 1305 434 etc.
1323 380 1408 448 Vidit,
1440 382 1509 453 quia
1536 383 1647 454 specics
1663 389 1716 453 est,
1744 394 1811 452 etc,

52 471 276 526 similitudinem
293 475 381 537 tenet,
397 470 550 541 sapphirus
564 485 678 525 aeream
693 471 835 541 speciem:
856 486 908 542 per
961 483 1045 539 usque
1058 468 1096 522 ud
1111 468 1188 539 quod
1202 468 1238 523 de
1260 468 1311 523 illa
1323 469 1411 524 homo
1427 477 1611 541 cognosceret
1624 471 1656 526 iu
1678 488 1718 539 se,
1736 474 1812 529 unde

54 560 262 615 sardonichum
277 575 346 630 ergo
361 558 505 626 homines,
521 558 565 612 rel
578 565 672 630 patres
686 560 796 614 Veteris
809 561 907 614 Testa·
961 556 1096 613 subditur
1111 573 1118 611 ι

55 649 148 703 menti
170 654 284 703 terrena
313 648 447 719 quaedam
477 651 636 713 sectantes3
662 663 715 718 per
738 648 908 719 sapphirum
998 645 1078 699 Vnus.
1095 647 1139 700 28.
1155 674 1190 687 -
1213 666 1227 696 a
1250 646 1283 700 El
1307 645 1379 701 dixit
1403 645 1555 714 homini,»
1584 652 1638 703 etc.
1663 648 1736 713 Quia
1757 667 1810 705 na·

57 738 130 792 Novi
149 736 324 792 Testamenti
335 735 547 806 predicatores,
560 736 685 791 coelestia
699 737 759 791 sola
777 753 909 810 qnaeren·
963 735 1058 787 turam
1078 733 1227 803 sapientia
1248 739 1398 804 penetrare
1423 751 1481 790 non
1506 752 1659 806 possumus
1687 738 1758 809 quid
1777 739 1814 794 sit

56 832 111 890 tes,
132 829 175 880 vel
186 826 282 896 angeli
293 825 484 895 accipiuntur.
962 819 993 874 in
1006 837 1051 875 se:
1078 837 1112 876 er
1135 823 1376 878 condescensione
1394 823 1443 878 Dei
1459 824 1619 880 audivimus
1635 825 1705 897 quid
1731 827 1812 883 sitin

95 917 176 969 Vnus.
200 918 241 968 tl.
258 915 397 968 -aNon
427 913 624 984 adaequabitur
648 914 675 969 ei
699 915 905 969 autumnat.»
962 909 1055 966 uobis.
1073 910 1201 982 Namque
1217 913 1291 966 hanc
1316 912 1422 968 habere
1452 919 1563 969 certum
1590 920 1642 982 est,
1668 931 1756 986 quem
1775 916 1811 971 ti·

57 1005 165 1074 (Guac.)
181 1005 334 1074 Postquam
362 1002 470 1057 dictum
496 1007 548 1069 est,
578 1008 643 1070 etc,
671 1019 756 1073 usque
775 1003 812 1058 ad
840 1004 909 1075 quia
964 1000 1304 1056 mcreDeumincertum
1320 1008 1445 1056 nonest.

56 1096 280 1146 creaturasunt.
1000 1090 1099 1144 «Ecce
1128 1091 1215 1145 timor
1244 1090 1359 1145 Domini
1387 1091 1490 1162 ipsas
1514 1096 1579 1158 etc,
1607 1092 1811 1165 qussidiceret

95 1202 110 1229 «
128 1181 185 1234 Nec
198 1178 453 1234 commutabuntur
466 1195 518 1251 pro
534 1194 568 1233 ea
580 1195 656 1234 vasa.
672 1200 687 1230 »
704 1180 909 1235 Excelsumras
962 1176 992 1232 Si
1011 1178 1102 1232 Deum
1130 1178 1223 1244 times,
1252 1184 1362 1234 constat
1385 1179 1453 1250 quia
1482 1180 1623 1251 sapientia
1650 1183 1753 1252 plenus
1780 1198 1811 1236 es

54 1269 133 1337 auri,
148 1275 213 1334 ete,
224 1268 352 1338 usquead
362 1269 412 1323 sed
428 1268 797 1340 Dominumprophetarum
807 1271 907 1325 credit.
963 1282 1027 1335 quoe
1043 1265 1121 1337 apud
1135 1267 1282 1322 hominem
1298 1267 1386 1322 timor
1400 1269 1516 1324 Domini
1531 1274 1658 1325 vocatur.
1674 1271 1730 1325 Sed
1742 1269 1811 1342 quia

93 1360 175 1412 Vens.
194 1361 236 1412 l8.
248 1387 283 1396 -
301 1377 314 1406 «
328 1358 384 1411 Nec
396 1358 700 1413 commemorabuntur
714 1359 744 1412 in
756 1374 909 1428 compara·
963 1355 1010 1409 ille
1023 1370 1089 1409 vere
1102 1355 1159 1410 vim
1176 1356 1266 1411 divini
1282 1357 1394 1412 timoris
1404 1357 1549 1430 intelligit,
1564 1359 1613 1431 qui
1623 1376 1653 1414 se
1669 1360 1705 1415 ab
1720 1360 1813 1414 omui-

53 1445 906 1516 tioue.souidenimsunthomiuesDeocomparati‘?Nihil.
962 1443 1016 1499 bus
1034 1444 1129 1515 pravis
1142 1445 1277 1517 operibus
1291 1446 1423 1515 custodit,
1451 1447 1602 1502 subditza
1631 1448 1664 1503 Et
1678 1449 1812 1504 recedere

96 1535 259 1590 «Trahitur
273 1541 372 1589 autem
387 1534 535 1606 sapientia.
557 1556 568 1583 ι
586 1534 658 1600 Quia
677 1550 742 1590 curn
756 1536 793 1590 sit
807 1535 909 1590 invisi·
963 1533 1071 1587 amalo
1098 1533 1301 1606 intelligentia.
1320 1556 1332 1584 a

55 1623 136 1690 hilis,
152 1629 218 1691 etc,
247 1638 332 1691 usque
347 1622 384 1677 ud
396 1645 407 1672 ι
421 1624 455 1677 Et
469 1623 560 1677 nescis
575 1624 652 1677 unde
666 1623 762 1678 veniat
787 1629 838 1678 aut
849 1639 907 1695 quo

56 1712 154 1766 vadas.
172 1731 186 1763 s
926 1664 948 1720 Β
1281 1675 1494 1733 cartuxux.

95 1801 238 1855 Vassis.
263 1819 329 1850 -‹
356 1801 417 1854 Non
449 1799 651 1872 adaequabitur
675 1800 702 1855 ei
729 1801 867 1872 topazius.
894 1820 909 1854 s
1001 1799 1080 1854 Vsus.
1098 1803 1122 1854 l.
1140 1829 1174 1840 -
1197 1820 1211 1851 a
1236 1799 1352 1856 Addidit
1373 1816 1489 1872 quoque
1515 1800 1609 1868 tob,s
1638 1805 1692 1856 etc.
1719 1800 1812 1873 (leid.)

57 1891 116 1944 Pro
132 1903 166 1943 eo
182 1888 259 1959 quod
274 1888 354 1942 omni
369 1889 464 1942 colore
479 1889 651 1960 resplendet,
668 1895 733 1956 etc,
761 1904 846 1959 usque
873 1890 911 1946 cd
965 1887 997 1941 ln
1006 1886 1060 1941 hoc
1073 1887 1177 1944 ultimo
1192 1905 1335 1956 sermone,
1353 1893 1417 1955 etc,
1432 1904 1515 1958 usque
1535 1890 1573 1944 od
1587 1894 1618 1944 ut
1629 1890 1690 1944 haec
1715 1895 1814 1944 nostra

57 1978 139 2049 quod
154 1977 355 2032 ostenditdum
366 1978 481 2032 subdit:
965 1976 1070 2031 misera
1085 1983 1216 2049 tempora
1229 1994 1294 2033 cum
1310 1978 1435 2049 suspirio
1450 1979 1601 2047 desideret,
1630 1979 1705 2034 uude
1723 1977 1811 2033 dicit:

95 2065 298 2121 Nectincturae
314 2066 522 2121 mundissimae.
542 2087 553 2116 ι
571 2065 910 2123 Mundissimoetincturae
1001 2064 1084 2119 Vnus.
1102 2068 1128 2120 2.
1145 2095 1180 2107 -
1210 2066 1306 2131 «Quis
1326 2066 1398 2121 mihi
1426 2067 1545 2136 tribuat,
1573 2073 1606 2121 ut
1627 2066 1693 2129 sim,
1717 2085 1731 2118 a
1758 2070 1811 2121 ete.

56 2158 127 2208 sunt
146 2153 197 2224 qui
212 2154 360 2209 humiliter
384 2155 551 2210 custodiunt
566 2156 818 2227 supervenientem
833 2155 863 2210 in
879 2173 910 2210 se
964 2153 1092 2209 Statutus
1119 2154 1232 2209 diarum
1262 2171 1400 2209 uumerus
1425 2170 1538 2210 menses
1574 2161 1720 2222 vocantur,
1746 2161 1813 2223 ete,

56 2244 202 2298 virtutum
217 2243 348 2314 gratiam.
369 2242 460 2298 Tincti
470 2244 548 2298 enim
571 2260 630 2299 non
644 2251 748 2311 essent,
767 2244 791 2298 si
805 2245 909 2299 sancti·
964 2257 1049 2311 usque
1069 2241 1106 2296 ed
1120 2243 1235 2313 quando
1251 2242 1306 2297 erit
1319 2257 1401 2296 error
1414 2248 1532 2314 apertus
1544 2242 1595 2314 qui
1608 2245 1695 2298 modo
1716 2244 1812 2299 ocerrl·

53 2336 148 2387 tatem
168 2331 338 2387 naturaliter
358 2332 536 2388 habuissent.
963 2336 1011 2386 tus
1023 2336 1075 2386 ost.

95 2422 180 2476 Vnus.
200 2423 244 2475 20.
261 2450 295 2464 -
312 2422 418 2477 «Unde
438 2421 658 2492 ergosapientia
684 2421 812 2476 veuit‘l»
838 2422 911 2487 Quia
1002 2419 1140 2475 «Menses
1168 2420 1344 2491 pristinos.»
1373 2420 1450 2486 Dies,
1490 2436 1555 2474 cum
1580 2420 1814 2491 colliguntur,in

55 2510 94 2565 ab
104 2509 242 2564 invisibili
258 2516 338 2580 patre
364 2510 502 2577 nascitur,
519 2514 584 2577 etc,
600 2524 685 2579 usquc
707 2509 745 2565 cd
761 2531 775 2559 ι(
800 2509 911 2582 etquis
965 2508 1113 2562 mensibus
1138 2509 1368 2576 subtrahuntur3
1382 2509 1450 2581 qnia
1475 2509 1605 2574 Ecclesia,
1626 2510 1695 2564 dum
1715 2510 1813 2565 lucen-

58 2601 104 2653 est
118 2598 198 2652 locus
210 2596 430 2669 intelligentie?
445 2617 459 2648 s
965 2600 1009 2651 tes
1023 2597 1132 2652 animas
1154 2597 1274 2668 colligit,
1297 2598 1327 2652 in
1342 2597 1451 2653 intimis
1466 2598 1624 2653 abscondit.
1654 2598 1713 2666 Vel,
1729 2614 1814 2652 men-

96 2688 177 2741 Vaus.
203 2690 248 2742 tl.
278 2717 314 2729 -
334 2709 345 2736 ι
368 2685 540 2741 abscondita
568 2689 619 2740 est.
645 2704 659 2736 a
687 2685 759 2749 Ouia
782 2684 911 2756 quandiu
966 2685 1014 2752 sis,
1030 2701 1083 2757 pro
1100 2685 1273 2763 perfectione
1288 2686 1416 2757 ponitur,
1434 2702 1499 2758 quae
1511 2685 1565 2742 erit
1592 2687 1633 2740 eis
1656 2686 1686 2740 in
1702 2685 1813 2758 requie,

61 2776 110 2830 liic
121 2776 233 2844 vivitur,
248 2775 336 2830 videri
353 2777 427 2830 Deus
442 2791 494 2846 per
507 2789 565 2829 suae
579 2779 689 2828 naturae
705 2775 829 2844 speciem
852 2791 910 2829 non
965 2773 1071 2843 quibus
1086 2762 1162 2828 nunc
1176 2779 1218 2829 est
1239 2774 1270 2829 in
1292 2775 1471 2846 operatione,
1488 2776 1569 2847 cujus
1593 2792 1670 2830 nuuc
1691 2775 1814 2830 remini-

61 2868 231 2935 potest;per
245 2864 385 2935 imagines
400 2879 466 2918 vero
477 2863 552 2917 visus
561 2862 689 2924 estllosi,
700 2863 786 2919 Jacob
798 2868 826 2916 at
836 2863 908 2917 aliis.
965 2862 1054 2915 scitur
1069 2854 1198 2917 Ecclesia.

99 2954 264 3008 «volucres
293 2969 409 3024 quoque
441 2952 505 3007 coeli
524 2952 598 3007 latet.
627 2970 641 3003 a
673 2951 768 3022 (Gaas.
797 2955 827 3006 tn
849 2953 945 3018 tobi}
1002 2950 1304 3018 ·Secundnmeies‚»
1323 2951 1464 3017 eteocle
1489 2967 1518 3006 se
1533 2955 1602 3006 tunc
1617 2949 1647 3005 in
1674 2949 1814 3006 deficien-

61 3043 84 3096 l.
101 3043 172 3112 xix.)
188 3042 297 3107 Duiain
310 3042 362 3096 hac
373 3056 458 3095 carna
473 3039 652 3110 corruptibili
668 3039 826 3104 constituti,
843 3044 909 3107 etc,
965 3037 1043 3093 tibus
1058 3054 1091 3094 ex
1106 3039 1302 3110 persecutione
1316 3040 1468 3096 estimabit
1487 3040 1598 3109 cadere,
1614 3055 1678 3111 quae
1693 3055 1723 3094 se
1737 3055 1814 3094 nuuc

58 3146 147 3200 usque
170 3131 208 3185 ad
230 3130 260 3184 in
288 3145 389 3185 eorum
418 3129 502 3184 dictis
516 3134 602 3199 atquc
616 3127 861 3184 consolationibus
875 3126 910 3182 ab
965 3127 1066 3182 inistis
1079 3127 1349 3198 respicitcustodiri.

58 3220 147 3290 hujus
162 3219 226 3272 ritae
240 3217 409 3290 fatigatione
420 3217 572 3289 respirant.
1001 3216 1084 3270 Vnus.
1101 3219 1176 3272 3.-
1201 3237 1215 3269 a
1241 3216 1361 3280 Quando
1387 3216 1557 3288 splendebat
1583 3217 1710 3284 lucerna,
1727 3229 1740 3265 a
1758 3219 1812 3272 ete,

98 3310 283 3362 tansea-
307 3328 322 3357 a
345 3305 474 3361 Perditis
507 3310 537 3359 et
562 3320 639 3359 mors
663 3303 806 3372 dixerunt,
825 3325 836 3353 s
854 3309 908 3359 etc.
965 3303 1203 3359 Luceroelumen
1224 3320 1311 3359 sacrae
1325 3304 1622 3375 Scripturaevocatur.
1640 3305 1722 3359 Nunc
1742 3319 1813 3376 ergo

57 3396 243 3466 (ibid.)0uia
271 3395 366 3450 ridere
392 3396 492 3460 Deum,
522 3395 576 3448 boc
605 3394 748 3464 estquod
778 3393 907 3448 habere:
964 3393 1182 3464 lucemasuper
1205 3399 1292 3464 caput
1320 3395 1449 3450 Ecclesiae
1473 3394 1615 3466 splendet,
1641 3394 1709 3466 quia
1735 3409 1815 3448 sacro

59 3485 124 3540 ideo
140 3484 234 3555 iniqui
249 3484 322 3538 hanc
336 3482 507 3553 sapientiam
522 3498 580 3537 non
592 3481 698 3546 vident,
715 3482 783 3554 quia
802 3481 911 3553 repulsi
965 3481 1080 3553 eloquia
1095 3483 1227 3538 tenebras
1241 3487 1346 3538 nostrae
1361 3485 1465 3538 mentis
1477 3484 1627 3539 irradiant.

58 3571 777 3644 persuperbiamnequaquamhabcrepotuerunt.
793 3571 909 3625 Famam
1000 3571 1112 3627 «Etad
1133 3572 1232 3627 lumen
1260 3573 1331 3643 ejus,
1357 3591 1371 3626 a
1410 3579 1464 3628 etc.
1487 3573 1582 3644 (ibid)
1610 3570 1739 3636 Ecclesia,
1761 3568 1814 3624 etsi

58 3666 157 3716 autem
173 3662 235 3732 ejus
253 3660 376 3730 audisse,
403 3665 447 3715 est
476 3660 538 3731 ejus
566 3660 724 3730 potentiam
745 3676 779 3714 cx
803 3660 909 3715 virtute
965 3659 1066 3714 alienae
1081 3660 1266 3731 cogitationis
1280 3662 1390 3715 occulta
1400 3677 1458 3716 non
1472 3664 1615 3732 penetrat,
1638 3659 1706 3731 quia
1732 3657 1814 3729 quasi

57 3751 239 3820 cognovisse.
963 3747 1065 3802 taciem
1093 3747 1144 3802 Dei
1167 3765 1226 3803 non
1262 3749 1409 3819 cognoscit
1431 3749 1461 3803 in
1490 3753 1583 3815 nocte,
1611 3748 1694 3819 ponit
1717 3752 1813 3802 tamen

94 3841 179 3894 Vnus.
195 3842 239 3895 23.
254 3869 290 3880 -
304 3859 318 3889 a
339 3840 413 3893 Deus
427 3837 563 3908 intelligit
579 3838 692 3894 viam.»
711 3840 750 3892 Ac
773 3838 797 3891 si
822 3837 907 3907 dicat,
964 3852 1078 3907 gressus
1091 3836 1161 3891 boni
1187 3837 1282 3908 operis
1310 3837 1419 3893 directo
1443 3837 1554 3891 lumine
1578 3850 1710 3906 supernae
1733 3837 1812 3889 loeu-

57 3935 127 3998 etc.,
149 3945 235 3998 usque
255 3927 293 3983 od
315 3927 345 3983 in
360 3928 469 3983 cunctis
484 3927 586 3982 mundi
610 3927 908 3999 partibuselectorum
964 3923 1060 3978 tionis.

57 4019 154 4074 fuerat
165 4017 251 4072 corda
261 4018 416 4088 repletura.
433 4018 588 4087 Sequitur:
999 4013 1082 4069 Vnus.
1098 4014 1125 4067 4.
1142 4041 1176 4053 -
1201 4011 1310 4067 «Sicut
1340 4011 1382 4067 fui
1410 4011 1441 4067 in
1457 4011 1557 4067 diebos
1568 4009 1779 4066 adolescentiae.
1797 4030 1810 4060 s

96 4107 175 4160 Vens.
193 4106 237 4159 24.
255 4134 289 4145 -
306 4123 320 4157 a
337 4106 396 4174 lpse
422 4104 501 4158 enim
525 4103 626 4158 mundi
640 4103 712 4157 fines
736 4103 876 4158 intuetur.
893 4125 908 4154 s
965 4101 1070 4156 adulta
1083 4106 1145 4155 erat
1157 4101 1291 4168 Ecclesia,
1307 4105 1380 4169 etc.,
1395 4116 1479 4171 usque
1496 4102 1533 4156 od
1560 4116 1626 4155 cuni
1641 4114 1693 4173 per
1706 4097 1813 4170 pradi-

59 4195 213 4265 llespicere
228 4194 276 4249 Dei
287 4199 330 4248 est
344 4192 454 4262 perdita
467 4193 502 4247 ad
518 4193 638 4263 gratiani
655 4193 821 4246 reformare.
964 4193 1107 4245 cntionem
1122 4190 1197 4245 lilios
1211 4206 1312 4262 parere
1326 4191 1483 4245 convalet.

94 4284 179 4337 Vsus.
196 4285 240 4336 25.
256 4281 390 4346 -aDui
409 4279 475 4334 tecit
498 4279 589 4333 ventis
615 4279 770 4350 pondus.»
797 4278 945 4355 Veloci-0
1002 4280 1151 4345 sonando
1167 4284 1275 4334 secreto
1291 4280 1367 4334 Deus
1381 4285 1443 4334 erat
1456 4280 1486 4334 in
1514 4279 1707 4336 tabernaculo.
1726 4296 1740 4329 a
1759 4279 1811 4332 Ta-

56 4377 118 4427 tate
132 4377 161 4425 et
173 4370 349 4425 sublimitate
364 4374 525 4437 ventorum,
551 4372 617 4435 etc,
644 4384 728 4438 usque
740 4368 909 4440 adgloriam
964 4369 1152 4424 bernaculum
1171 4368 1389 4435 habitationem,
1407 4374 1478 4435 etc.,
1494 4383 1579 4439 usque
1603 4367 1641 4422 nd
1664 4366 1811 4433 conando

56 4459 196 4532 permiste
212 4457 380 4513 infirmitate
400 4463 571 4528 temperare.
964 4462 1026 4512 erat
1039 4458 1222 4528 omnipotens
1238 4473 1360 4513 mecum.
1377 4477 1390 4510 a
1407 4456 1560 4528 Sequitur:
1836 4524 1838 4528 Α
1863 4508 1867 4515 f

89 4567 105 4600 a
125 4548 161 4602 Et
188 4562 276 4618 aquas
304 4545 454 4616 appendit,
483 4566 498 4596 s
527 4550 580 4600 etc.
607 4544 699 4616 (lota.)
717 4548 814 4615 Aquas
841 4544 909 4599 dicit
1000 4546 1283 4614 «Etincircuitu,»
1308 4552 1361 4602 etc.
1392 4546 1477 4602 Pueri
1508 4550 1655 4613 vocantur,
1678 4544 1729 4617 qui
1752 4559 1811 4600 coe·

57 4639 171 4691 mentes
185 4635 292 4706 Spiritu
306 4640 413 4701 sancto,
442 4639 507 4702 etc,
530 4649 614 4703 usque
628 4633 666 4688 ud
680 4633 730 4687 sed
756 4634 909 4688 mulierem
964 4635 1081 4689 lestibus
1096 4635 1238 4689 mandatis
1253 4635 1423 4701 inserviunt,
1440 4635 1491 4707 qui
1504 4650 1581 4690 nunc
1607 4634 1638 4689 in
1658 4633 1811 4688 circumitu

57 4723 142 4794 fugit,
160 4723 427 4795 timoreperculsus.
963 4722 1025 4793 ejus
1040 4725 1122 4787 suut,
1134 4721 1201 4795 quia
1211 4722 1242 4776 in
1262 4723 1371 4777 cunctis
1384 4723 1442 4777 lere
1463 4722 1597 4792 gentibus
1613 4720 1809 4793 reperiuntur.

95 4814 177 4867 Vens.
200 4816 245 4867 26.
274 4812 471 4876 -aouando
500 4809 625 4881 ponebat
642 4809 747 4881 pluviis
770 4811 906 4880 legem·
998 4812 1172 4866 Vrsae·
1191 4833 1201 4860 ι
1219 4811 1338 4876 Quando
1367 4810 1495 4865 lavabam
1512 4810 1599 4883 pedes
1624 4811 1812 4865 meos.»Pe·
1869 4844 1872 4849 ·

60 4901 171 4970 Pluvia,
185 4899 405 4972 predicantium
424 4899 509 4966 dicta,
525 4904 590 4962 etc,
616 4913 702 4967 usquc
724 4897 841 4969 adquae
854 4899 909 4953 hoc
962 4899 1155 4954 desEcclesiae
1179 4905 1247 4954 saint
1266 4899 1569 4970 interiorumoperum
1594 4896 1730 4968 ministri,
1746 4902 1811 4964 stc..

57 4990 136 5061 quod
151 4989 257 5058 sonuit,
273 5005 361 5060 opere
375 4992 535 5043 conservat.
962 4988 1092 5057 usquead
1105 4988 1194 5060 pedes
1205 4994 1273 5042 sunt
1286 4988 1337 5059 qui
1353 4987 1493 5042 exteriora
1513 4987 1686 5044 ministrant

92 5080 175 5134 Vnus.
198 5081 242 5133 27.
264 5108 295 5118 -·
326 5079 434 5133 «lunc
451 5076 524 5131 vidit
561 5075 652 5142 illam,
677 5079 706 5130 et
731 5075 906 5130 enarravit»
999 5096 1014 5126 α
1030 5077 1063 5131 Et
1076 5082 1157 5148 petra
1171 5076 1310 5131 fundebat
1324 5075 1406 5136 mihi,
1431 5079 1516 5131 eetc.
1532 5075 1630 5147 (idid.)
1646 5077 1718 5142 Quia
1732 5076 1764 5131 in
1779 5093 1813 5132 ea

55 5168 136 5235 itanc
150 5167 325 5221 incarnatam
342 5165 513 5236 sapientiam
525 5164 604 5232 vidit,
621 5163 649 5218 id
663 5168 707 5219 est
721 5164 811 5220 videri
829 5164 906 5235 tecit,
963 5164 1067 5220 Christi
1082 5165 1304 5237 praedicamenta
1317 5164 1428 5219 intima
1444 5164 1586 5219 unctionis
1609 5169 1754 5220 emanant.
1772 5167 1812 5222 Do

54 5260 84 5310 et
99 5253 237 5315 enarrari,
259 5269 275 5306 a
298 5252 534 5323 predicatoribus
553 5250 732 5323 praepararit,
749 5256 777 5306 et
790 5251 906 5306 investi·
961 5253 1015 5308 hac
1038 5257 1121 5324 petra
1134 5253 1189 5308 riri
1217 5253 1273 5308 olei
1301 5253 1431 5308 exierunt
1459 5252 1701 5325 evangelistarum
1719 5252 1810 5321 libri;

53 5344 117 5415 gari
128 5343 165 5398 ab
180 5341 360 5397 auditoribus
371 5341 448 5397 lecit.
464 5340 524 5397 Sibi
538 5340 646 5412 quippe
660 5339 739 5395 illam
750 5344 905 5411 praeparat,
960 5341 1003 5395 vel
1019 5340 1095 5397 rivos
1109 5340 1165 5396 olei
1176 5341 1252 5396 dona
1261 5341 1383 5412 Spiritus
1395 5341 1473 5397 dicit.

52 5432 187 5505 quisquis
200 5431 281 5486 illam
300 5430 374 5487 bene
397 5430 518 5488 vivendo
535 5429 566 5485 in
579 5428 737 5500 diejudicii
749 5428 905 5501 propitiam
999 5431 1080 5486 Vens.
1107 5435 1133 5487 7.
1165 5459 1200 5472 -
1234 5453 1245 5480 ι
1274 5430 1393 5496 Quando
1412 5430 1613 5501 procedebam,
1629 5452 1644 5482 u
1674 5435 1726 5486 etc.
1757 5433 1811 5488 Per
1892 5424 1895 5430 ’

51 5521 164 5578 habere
177 5517 297 5574 curavit.
960 5523 1075 5591 portam
1085 5517 1218 5584 civitatis,
1228 5523 1295 5588 etc,
1307 5534 1393 5590 usque
1404 5519 1442 5576 od
1469 5519 1547 5591 quod
1560 5525 1589 5577 et
1600 5520 1651 5577 tob
1666 5520 1743 5578 lecit.
