<?xml version="1.0" encoding="UTF-8"?>
<!DOCTYPE html PUBLIC "-//W3C//DTD XHTML 1.0 Transitional//EN"
    "http://www.w3.org/TR/xhtml1/DTD/xhtml1-transitional.dtd">
<html xmlns="http://www.w3.org/1999/xhtml" xml:lang="en" lang="en">
 <head>
  <title>
</title>
<meta http-equiv="Content-Type" content="text/html;charset=utf-8" />
  <meta name='ocr-system' content='tesseract 3.04.00' />
  <meta name='ocr-capabilities' content='ocr_page ocr_carea ocr_par ocr_line ocrx_word'/>
</head>
<body>
  <div class='ocr_page' id='page_1' title='image "./patrologiaecurs04migngoog_0409.png"; bbox 0 0 3892 6106; ppageno 0'>
   <div class='ocr_carea' id='block_1_1' title="bbox 96 215 1848 274">
    <p class='ocr_par' dir='ltr' id='par_1_1' title="bbox 96 215 1848 274">
     <span class='ocr_line' id='line_1_1' title="bbox 96 215 1848 274; baseline -0.002 0"><span class='ocrx_word' id='word_1_1' title='bbox 96 219 148 274; x_wconf 83' lang='grc'><strong>807</strong></span> <span class='ocrx_word' id='word_1_2' title='bbox 404 217 601 273; x_wconf 70' lang='lat' dir='ltr'><strong>titillamur</strong></span> <span class='ocrx_word' id='word_1_3' title='bbox 621 216 743 272; x_wconf 70' lang='lat' dir='ltr'><strong>statut</strong></span> <span class='ocrx_word' id='word_1_4' title='bbox 764 217 863 272; x_wconf 77' lang='lat' dir='ltr'><strong>retu.</strong></span> <span class='ocrx_word' id='word_1_5' title='bbox 884 215 970 273; x_wconf 81' lang='grc' dir='ltr'><strong>ΜΟΝ.</strong></span> <span class='ocrx_word' id='word_1_6' title='bbox 993 217 1070 272; x_wconf 83' lang='grc' dir='ltr'><strong>ΟΡΡ.</strong></span> <span class='ocrx_word' id='word_1_7' title='bbox 1093 217 1179 272; x_wconf 79' lang='lat' dir='ltr'><strong>enus</strong></span> <span class='ocrx_word' id='word_1_8' title='bbox 1200 216 1221 270; x_wconf 88' lang='lat' dir='ltr'><strong>f.</strong></span> <span class='ocrx_word' id='word_1_9' title='bbox 1241 245 1275 254; x_wconf 97' lang='lat'>-</span> <span class='ocrx_word' id='word_1_10' title='bbox 1295 215 1524 272; x_wconf 74' lang='lat' dir='ltr'><strong>theutonice.</strong></span> <span class='ocrx_word' id='word_1_11' title='bbox 1799 219 1848 271; x_wconf 79' lang='grc'><strong>808</strong></span> 
     </span>
    </p>
   </div>
   <div class='ocr_carea' id='block_1_2' title="bbox 90 334 1884 3428">
    <p class='ocr_par' dir='ltr' id='par_1_2' title="bbox 97 334 1851 589">
     <span class='ocr_line' id='line_1_2' title="bbox 97 334 1851 408; baseline -0.001 -13"><span class='ocrx_word' id='word_1_12' title='bbox 97 339 190 395; x_wconf 90' lang='lat' dir='ltr'><strong>laudis</strong></span> <span class='ocrx_word' id='word_1_13' title='bbox 204 354 264 394; x_wconf 80' lang='lat' dir='ltr'><strong>suae</strong></span> <span class='ocrx_word' id='word_1_14' title='bbox 278 337 431 392; x_wconf 84' lang='lat' dir='ltr'><strong>extendere</strong></span> <span class='ocrx_word' id='word_1_15' title='bbox 447 336 555 391; x_wconf 88' lang='lat' dir='ltr'><strong>nititur.</strong></span> <span class='ocrx_word' id='word_1_16' title='bbox 573 337 607 390; x_wconf 80' lang='lat' dir='ltr'><strong>lit</strong></span> <span class='ocrx_word' id='word_1_17' title='bbox 621 352 726 390; x_wconf 90' lang='lat' dir='ltr'><strong>nomen</strong></span> <span class='ocrx_word' id='word_1_18' title='bbox 738 352 822 391; x_wconf 90' lang='lat' dir='ltr'><strong>suum</strong></span> <span class='ocrx_word' id='word_1_19' title='bbox 836 337 867 391; x_wconf 90' lang='lat' dir='ltr'><strong>in</strong></span> <span class='ocrx_word' id='word_1_20' title='bbox 881 339 941 408; x_wconf 89' lang='lat' dir='ltr'><strong>pla·</strong></span> <span class='ocrx_word' id='word_1_21' title='bbox 962 341 984 393; x_wconf 97' lang='lat' dir='ltr'><strong>A</strong></span> <span class='ocrx_word' id='word_1_22' title='bbox 998 337 1081 407; x_wconf 91' lang='lat' dir='ltr'><strong>erigi,</strong></span> <span class='ocrx_word' id='word_1_23' title='bbox 1097 336 1230 392; x_wconf 80' lang='lat' dir='ltr'><strong>tirneutes</strong></span> <span class='ocrx_word' id='word_1_24' title='bbox 1255 335 1335 390; x_wconf 83' lang='lat' dir='ltr'><strong>vohis</strong></span> <span class='ocrx_word' id='word_1_25' title='bbox 1348 335 1502 392; x_wconf 87' lang='lat' dir='ltr'><strong>deteriora.</strong></span> <span class='ocrx_word' id='word_1_26' title='bbox 1522 338 1618 392; x_wconf 77' lang='lat' dir='ltr'><strong>Bonm</strong></span> <span class='ocrx_word' id='word_1_27' title='bbox 1631 334 1712 392; x_wconf 87' lang='lat' dir='ltr'><strong>enim</strong></span> <span class='ocrx_word' id='word_1_28' title='bbox 1727 337 1808 408; x_wconf 87' lang='lat' dir='ltr'><strong>prius</strong></span> <span class='ocrx_word' id='word_1_29' title='bbox 1820 338 1851 395; x_wconf 90' lang='lat' dir='ltr'><strong>in</strong></span> 
     </span>
     <span class='ocr_line' id='line_1_3' title="bbox 97 424 1431 499; baseline -0.001 -16"><span class='ocrx_word' id='word_1_30' title='bbox 97 430 151 484; x_wconf 85' lang='lat' dir='ltr'><strong>teis</strong></span> <span class='ocrx_word' id='word_1_31' title='bbox 158 427 296 483; x_wconf 91' lang='lat' dir='ltr'><strong>celebrari</strong></span> <span class='ocrx_word' id='word_1_32' title='bbox 312 427 428 498; x_wconf 87' lang='lat' dir='ltr'><strong>gaudet,</strong></span> <span class='ocrx_word' id='word_1_33' title='bbox 444 440 508 480; x_wconf 90' lang='lat' dir='ltr'><strong>cum</strong></span> <span class='ocrx_word' id='word_1_34' title='bbox 521 425 607 496; x_wconf 91' lang='lat' dir='ltr'><strong>louge</strong></span> <span class='ocrx_word' id='word_1_35' title='bbox 619 424 734 496; x_wconf 90' lang='lat' dir='ltr'><strong>lateque</strong></span> <span class='ocrx_word' id='word_1_36' title='bbox 749 426 946 496; x_wconf 74' lang='lat' dir='ltr'><strong>operationem</strong></span> <span class='ocrx_word' id='word_1_37' title='bbox 1000 444 1040 495; x_wconf 90' lang='lat' dir='ltr'><strong>se,</strong></span> <span class='ocrx_word' id='word_1_38' title='bbox 1057 432 1155 498; x_wconf 87' lang='lat' dir='ltr'><strong>postea</strong></span> <span class='ocrx_word' id='word_1_39' title='bbox 1171 427 1200 481; x_wconf 92' lang='lat' dir='ltr'><strong>in</strong></span> <span class='ocrx_word' id='word_1_40' title='bbox 1214 426 1286 482; x_wconf 88' lang='lat' dir='ltr'><strong>alios</strong></span> <span class='ocrx_word' id='word_1_41' title='bbox 1301 426 1431 499; x_wconf 88' lang='lat' dir='ltr'><strong>erigitur.</strong></span> 
     </span>
     <span class='ocr_line' id='line_1_4' title="bbox 98 514 1851 589; baseline 0.001 -16"><span class='ocrx_word' id='word_1_42' title='bbox 98 535 157 573; x_wconf 87' lang='lat' dir='ltr'><strong>snae</strong></span> <span class='ocrx_word' id='word_1_43' title='bbox 171 516 330 589; x_wconf 90' lang='lat' dir='ltr'><strong>iniquitatis</strong></span> <span class='ocrx_word' id='word_1_44' title='bbox 348 514 483 570; x_wconf 84' lang='lat' dir='ltr'><strong>extendit.</strong></span> <span class='ocrx_word' id='word_1_45' title='bbox 1037 516 1117 570; x_wconf 86' lang='lat' dir='ltr'><strong>vans.</strong></span> <span class='ocrx_word' id='word_1_46' title='bbox 1135 518 1160 578; x_wconf 80' lang='lat' dir='ltr'><strong>s,</strong></span> <span class='ocrx_word' id='word_1_47' title='bbox 1188 545 1225 558; x_wconf 90' lang='lat'><em>-</em></span> <span class='ocrx_word' id='word_1_48' title='bbox 1242 538 1256 566; x_wconf 73' lang='lat' dir='ltr'><strong>a</strong></span> <span class='ocrx_word' id='word_1_49' title='bbox 1284 520 1320 571; x_wconf 89' lang='lat' dir='ltr'><strong>At</strong></span> <span class='ocrx_word' id='word_1_50' title='bbox 1342 532 1391 571; x_wconf 89' lang='lat' dir='ltr'><strong>vos</strong></span> <span class='ocrx_word' id='word_1_51' title='bbox 1411 520 1510 571; x_wconf 90' lang='lat' dir='ltr'><strong>contra</strong></span> <span class='ocrx_word' id='word_1_52' title='bbox 1535 532 1582 571; x_wconf 93' lang='lat' dir='ltr'><strong>me</strong></span> <span class='ocrx_word' id='word_1_53' title='bbox 1610 516 1799 588; x_wconf 71' lang='lat' dir='ltr'><strong>erigimini.»</strong></span> <span class='ocrx_word' id='word_1_54' title='bbox 1821 519 1851 574; x_wconf 92' lang='lat' dir='ltr'><strong>ld</strong></span> 
     </span>
    </p>

    <p class='ocr_par' dir='ltr' id='par_1_3' title="bbox 98 602 1851 944">
     <span class='ocr_line' id='line_1_5' title="bbox 135 602 1851 677; baseline 0.001 -14"><span class='ocrx_word' id='word_1_55' title='bbox 135 605 349 677; x_wconf 58' lang='lat' dir='ltr'><strong>(Guroldaput</strong></span> <span class='ocrx_word' id='word_1_56' title='bbox 364 604 530 674; x_wconf 90' lang='lat' dir='ltr'><strong>iniquorum</strong></span> <span class='ocrx_word' id='word_1_57' title='bbox 546 602 752 658; x_wconf 86' lang='lat' dir='ltr'><strong>diabolusest:</strong></span> <span class='ocrx_word' id='word_1_58' title='bbox 769 603 946 676; x_wconf 88' lang='lat' dir='ltr'><strong>ipsequippe</strong></span> <span class='ocrx_word' id='word_1_59' title='bbox 1001 610 1052 670; x_wconf 73' lang='lat' dir='ltr'><strong>est,</strong></span> <span class='ocrx_word' id='word_1_60' title='bbox 1093 606 1281 676; x_wconf 80' lang='lat' dir='ltr'><strong>vosmetipsos</strong></span> <span class='ocrx_word' id='word_1_61' title='bbox 1306 605 1517 676; x_wconf 88' lang='lat' dir='ltr'><strong>redarguendos</strong></span> <span class='ocrx_word' id='word_1_62' title='bbox 1554 604 1732 677; x_wconf 79' lang='lat' dir='ltr'><strong>relinquitis,</strong></span> <span class='ocrx_word' id='word_1_63' title='bbox 1758 611 1787 663; x_wconf 87' lang='lat' dir='ltr'><strong>et</strong></span> <span class='ocrx_word' id='word_1_64' title='bbox 1808 625 1851 664; x_wconf 85' lang='lat' dir='ltr'><strong>ure</strong></span> 
     </span>
     <span class='ocr_line' id='line_1_6' title="bbox 98 691 1849 767; baseline -0.001 -18"><span class='ocrx_word' id='word_1_65' title='bbox 98 695 128 751; x_wconf 93' lang='lat' dir='ltr'><strong>in</strong></span> <span class='ocrx_word' id='word_1_66' title='bbox 139 694 248 751; x_wconf 85' lang='lat' dir='ltr'><strong>ultimis</strong></span> <span class='ocrx_word' id='word_1_67' title='bbox 262 692 443 763; x_wconf 90' lang='lat' dir='ltr'><strong>temporibus</strong></span> <span class='ocrx_word' id='word_1_68' title='bbox 457 691 530 747; x_wconf 82' lang='lat' dir='ltr'><strong>idad</strong></span> <span class='ocrx_word' id='word_1_69' title='bbox 543 707 592 745; x_wconf 84' lang='lat' dir='ltr'><strong>aas</strong></span> <span class='ocrx_word' id='word_1_70' title='bbox 604 691 775 762; x_wconf 90' lang='lat' dir='ltr'><strong>perditionis</strong></span> <span class='ocrx_word' id='word_1_71' title='bbox 790 692 945 763; x_wconf 88' lang='lat' dir='ltr'><strong>ingressus,</strong></span> <span class='ocrx_word' id='word_1_72' title='bbox 1000 692 1136 748; x_wconf 75' lang='lat' dir='ltr'><strong>districtis</strong></span> <span class='ocrx_word' id='word_1_73' title='bbox 1168 693 1317 748; x_wconf 76' lang='lat' dir='ltr'><strong>sententiis</strong></span> <span class='ocrx_word' id='word_1_74' title='bbox 1351 693 1542 766; x_wconf 76' lang='lat' dir='ltr'><strong>increpatis.»</strong></span> <span class='ocrx_word' id='word_1_75' title='bbox 1575 695 1608 750; x_wconf 83' lang='lat' dir='ltr'><strong>Et</strong></span> <span class='ocrx_word' id='word_1_76' title='bbox 1633 695 1755 767; x_wconf 87' lang='lat' dir='ltr'><strong>arguitis</strong></span> <span class='ocrx_word' id='word_1_77' title='bbox 1767 712 1849 753; x_wconf 75' lang='lat' dir='ltr'><strong>me.»</strong></span> 
     </span>
     <span class='ocr_line' id='line_1_7' title="bbox 98 780 1850 855; baseline 0.002 -17"><span class='ocrx_word' id='word_1_78' title='bbox 98 784 172 855; x_wconf 92' lang='lat' dir='ltr'><strong>quod</strong></span> <span class='ocrx_word' id='word_1_79' title='bbox 201 781 391 836; x_wconf 81' lang='lat' dir='ltr'><strong>Antichristus</strong></span> <span class='ocrx_word' id='word_1_80' title='bbox 426 780 584 849; x_wconf 85' lang='lat' dir='ltr'><strong>vocabitur,</strong></span> <span class='ocrx_word' id='word_1_81' title='bbox 632 780 682 851; x_wconf 89' lang='lat' dir='ltr'><strong>qui</strong></span> <span class='ocrx_word' id='word_1_82' title='bbox 730 796 836 835; x_wconf 87' lang='lat' dir='ltr'><strong>nornen</strong></span> <span class='ocrx_word' id='word_1_83' title='bbox 861 797 947 837; x_wconf 91' lang='lat' dir='ltr'><strong>suum</strong></span> <span class='ocrx_word' id='word_1_84' title='bbox 999 781 1071 846; x_wconf 83' lang='lat' dir='ltr'><strong>Ouio</strong></span> <span class='ocrx_word' id='word_1_85' title='bbox 1101 783 1151 853; x_wconf 90' lang='lat' dir='ltr'><strong>qui</strong></span> <span class='ocrx_word' id='word_1_86' title='bbox 1177 798 1244 837; x_wconf 92' lang='lat' dir='ltr'><strong>eum</strong></span> <span class='ocrx_word' id='word_1_87' title='bbox 1269 784 1378 853; x_wconf 83' lang='lat' dir='ltr'><strong>justum</strong></span> <span class='ocrx_word' id='word_1_88' title='bbox 1407 787 1472 838; x_wconf 90' lang='lat' dir='ltr'><strong>ante</strong></span> <span class='ocrx_word' id='word_1_89' title='bbox 1496 783 1612 855; x_wconf 87' lang='lat' dir='ltr'><strong>flagella</strong></span> <span class='ocrx_word' id='word_1_90' title='bbox 1639 790 1793 852; x_wconf 77' lang='lat' dir='ltr'><strong>noverant,</strong></span> <span class='ocrx_word' id='word_1_91' title='bbox 1808 786 1850 842; x_wconf 87' lang='lat' dir='ltr'><strong>iu·</strong></span> 
     </span>
     <span class='ocr_line' id='line_1_8' title="bbox 98 868 1849 944; baseline 0.002 -18"><span class='ocrx_word' id='word_1_92' title='bbox 98 872 183 941; x_wconf 90' lang='lat' dir='ltr'><strong>longe</strong></span> <span class='ocrx_word' id='word_1_93' title='bbox 202 870 314 940; x_wconf 83' lang='lat' dir='ltr'><strong>lateque</strong></span> <span class='ocrx_word' id='word_1_94' title='bbox 328 869 489 924; x_wconf 82' lang='lat' dir='ltr'><strong>diffundere</strong></span> <span class='ocrx_word' id='word_1_95' title='bbox 504 868 665 924; x_wconf 79' lang='lat' dir='ltr'><strong>conabitur.</strong></span> <span class='ocrx_word' id='word_1_96' title='bbox 995 869 1107 941; x_wconf 85' lang='lat' dir='ltr'><strong>justum</strong></span> <span class='ocrx_word' id='word_1_97' title='bbox 1122 884 1183 925; x_wconf 87' lang='lat' dir='ltr'><strong>esse</strong></span> <span class='ocrx_word' id='word_1_98' title='bbox 1194 886 1229 924; x_wconf 88' lang='lat' dir='ltr'><strong>ax</strong></span> <span class='ocrx_word' id='word_1_99' title='bbox 1243 871 1305 942; x_wconf 91' lang='lat' dir='ltr'><strong>ipsa</strong></span> <span class='ocrx_word' id='word_1_100' title='bbox 1325 871 1386 942; x_wconf 85' lang='lat' dir='ltr'><strong>jam</strong></span> <span class='ocrx_word' id='word_1_101' title='bbox 1408 886 1459 926; x_wconf 91' lang='lat' dir='ltr'><strong>sna</strong></span> <span class='ocrx_word' id='word_1_102' title='bbox 1473 871 1659 942; x_wconf 80' lang='lat' dir='ltr'><strong>percussione</strong></span> <span class='ocrx_word' id='word_1_103' title='bbox 1670 870 1849 944; x_wconf 79' lang='lat' dir='ltr'><strong>judicabant</strong></span> 
     </span>
    </p>

    <p class='ocr_par' dir='ltr' id='par_1_4' title="bbox 94 957 1852 1746">
     <span class='ocr_line' id='line_1_9' title="bbox 133 957 1850 1032; baseline 0.003 -20"><span class='ocrx_word' id='word_1_104' title='bbox 133 960 227 1013; x_wconf 67' lang='lat' dir='ltr'><strong>Vane</strong></span> <span class='ocrx_word' id='word_1_105' title='bbox 246 960 364 1013; x_wconf 80' lang='lat' dir='ltr'><strong>te.-«</strong></span> <span class='ocrx_word' id='word_1_106' title='bbox 392 958 760 1028; x_wconf 80' lang='lat' dir='ltr'><strong>Expelloteumdeloce.»</strong></span> <span class='ocrx_word' id='word_1_107' title='bbox 783 957 946 1014; x_wconf 86' lang='lat' dir='ltr'><strong>Delucead</strong></span> <span class='ocrx_word' id='word_1_108' title='bbox 1036 960 1117 1013; x_wconf 83' lang='lat' dir='ltr'><strong>Vnus.</strong></span> <span class='ocrx_word' id='word_1_109' title='bbox 1144 962 1169 1014; x_wconf 85' lang='grc'><strong>6.</strong></span> <span class='ocrx_word' id='word_1_110' title='bbox 1199 989 1234 1000; x_wconf 89' lang='grc'>-</span> <span class='ocrx_word' id='word_1_111' title='bbox 1259 981 1271 1009; x_wconf 77' lang='grc' dir='ltr'>ι</span> <span class='ocrx_word' id='word_1_112' title='bbox 1302 959 1410 1015; x_wconf 86' lang='lat' dir='ltr'><strong>Saltem</strong></span> <span class='ocrx_word' id='word_1_113' title='bbox 1439 975 1516 1014; x_wconf 90' lang='lat' dir='ltr'><strong>nunc</strong></span> <span class='ocrx_word' id='word_1_114' title='bbox 1535 959 1701 1032; x_wconf 83' lang='lat' dir='ltr'><strong>intelligite.</strong></span> <span class='ocrx_word' id='word_1_115' title='bbox 1722 961 1782 1017; x_wconf 87' lang='lat' dir='ltr'><strong>lloc</strong></span> <span class='ocrx_word' id='word_1_116' title='bbox 1796 961 1850 1017; x_wconf 78' lang='lat' dir='ltr'><strong>llo·</strong></span> 
     </span>
     <span class='ocr_line' id='line_1_10' title="bbox 96 1045 1851 1122; baseline 0.002 -19"><span class='ocrx_word' id='word_1_117' title='bbox 96 1047 229 1103; x_wconf 88' lang='lat' dir='ltr'><strong>tenebras</strong></span> <span class='ocrx_word' id='word_1_118' title='bbox 246 1046 370 1113; x_wconf 84' lang='lat' dir='ltr'><strong>ducitur,</strong></span> <span class='ocrx_word' id='word_1_119' title='bbox 386 1062 452 1102; x_wconf 88' lang='lat' dir='ltr'><strong>cum</strong></span> <span class='ocrx_word' id='word_1_120' title='bbox 467 1045 502 1101; x_wconf 93' lang='lat' dir='ltr'><strong>de</strong></span> <span class='ocrx_word' id='word_1_121' title='bbox 523 1047 631 1101; x_wconf 85' lang='lat' dir='ltr'><strong>honore</strong></span> <span class='ocrx_word' id='word_1_122' title='bbox 655 1045 885 1116; x_wconf 83' lang='lat' dir='ltr'><strong>vitaepraesentis</strong></span> <span class='ocrx_word' id='word_1_123' title='bbox 909 1047 945 1102; x_wconf 93' lang='lat' dir='ltr'><strong>ad</strong></span> <span class='ocrx_word' id='word_1_124' title='bbox 999 1048 1094 1102; x_wconf 89' lang='lat' dir='ltr'><strong>miuus</strong></span> <span class='ocrx_word' id='word_1_125' title='bbox 1119 1049 1153 1103; x_wconf 91' lang='lat' dir='ltr'><strong>de</strong></span> <span class='ocrx_word' id='word_1_126' title='bbox 1185 1048 1234 1103; x_wconf 92' lang='lat' dir='ltr'><strong>itlo</strong></span> <span class='ocrx_word' id='word_1_127' title='bbox 1249 1049 1360 1104; x_wconf 80' lang='lat' dir='ltr'><strong>dixerat</strong></span> <span class='ocrx_word' id='word_1_128' title='bbox 1382 1047 1613 1122; x_wconf 82' lang='lat' dir='ltr'><strong>(commovistinte</strong></span> <span class='ocrx_word' id='word_1_129' title='bbox 1640 1048 1778 1106; x_wconf 82' lang='lat' dir='ltr'><strong>aduersus</strong></span> <span class='ocrx_word' id='word_1_130' title='bbox 1794 1067 1851 1109; x_wconf 81' lang='lat' dir='ltr'><strong>cera</strong></span> 
     </span>
     <span class='ocr_line' id='line_1_11' title="bbox 97 1135 1851 1214; baseline 0.004 -25"><span class='ocrx_word' id='word_1_131' title='bbox 97 1135 238 1207; x_wconf 91' lang='lat' dir='ltr'><strong>supplicia</strong></span> <span class='ocrx_word' id='word_1_132' title='bbox 252 1139 360 1190; x_wconf 84' lang='lat' dir='ltr'><strong>aeterua</strong></span> <span class='ocrx_word' id='word_1_133' title='bbox 373 1135 538 1190; x_wconf 88' lang='lat' dir='ltr'><strong>damnatur.</strong></span> <span class='ocrx_word' id='word_1_134' title='bbox 560 1135 605 1189; x_wconf 91' lang='lat' dir='ltr'><strong>Sic</strong></span> <span class='ocrx_word' id='word_1_135' title='bbox 632 1135 667 1189; x_wconf 93' lang='lat' dir='ltr'><strong>de</strong></span> <span class='ocrx_word' id='word_1_136' title='bbox 691 1150 869 1206; x_wconf 74' lang='lat' dir='ltr'><strong>alnoquoque</strong></span> <span class='ocrx_word' id='word_1_137' title='bbox 892 1135 946 1190; x_wconf 93' lang='lat' dir='ltr'><strong>ini·</strong></span> <span class='ocrx_word' id='word_1_138' title='bbox 998 1137 1116 1209; x_wconf 69' lang='lat' dir='ltr'><strong>matre)</strong></span> <span class='ocrx_word' id='word_1_139' title='bbox 1132 1138 1209 1210; x_wconf 92' lang='lat' dir='ltr'><strong>quod</strong></span> <span class='ocrx_word' id='word_1_140' title='bbox 1223 1139 1284 1209; x_wconf 87' lang='lat' dir='ltr'><strong>ipsa</strong></span> <span class='ocrx_word' id='word_1_141' title='bbox 1300 1137 1335 1193; x_wconf 89' lang='lat' dir='ltr'><strong>de</strong></span> <span class='ocrx_word' id='word_1_142' title='bbox 1350 1154 1380 1192; x_wconf 90' lang='lat' dir='ltr'><strong>se</strong></span> <span class='ocrx_word' id='word_1_143' title='bbox 1406 1138 1520 1194; x_wconf 89' lang='lat' dir='ltr'><strong>asserit:</strong></span> <span class='ocrx_word' id='word_1_144' title='bbox 1538 1139 1607 1211; x_wconf 89' lang='lat' dir='ltr'><strong>quis</strong></span> <span class='ocrx_word' id='word_1_145' title='bbox 1630 1155 1692 1194; x_wconf 89' lang='lat' dir='ltr'><strong>nou</strong></span> <span class='ocrx_word' id='word_1_146' title='bbox 1708 1156 1795 1212; x_wconf 84' lang='lat' dir='ltr'><strong>aequo</strong></span> <span class='ocrx_word' id='word_1_147' title='bbox 1806 1143 1851 1214; x_wconf 74' lang='lat' dir='ltr'><strong>Ju-</strong></span> 
     </span>
     <span class='ocr_line' id='line_1_12' title="bbox 96 1224 1852 1302; baseline 0.005 -24"><span class='ocrx_word' id='word_1_148' title='bbox 96 1242 154 1296; x_wconf 91' lang='lat' dir='ltr'><strong>quo</strong></span> <span class='ocrx_word' id='word_1_149' title='bbox 169 1225 309 1297; x_wconf 89' lang='lat' dir='ltr'><strong>loquitur,</strong></span> <span class='ocrx_word' id='word_1_150' title='bbox 323 1225 402 1279; x_wconf 90' lang='lat' dir='ltr'><strong>atad</strong></span> <span class='ocrx_word' id='word_1_151' title='bbox 422 1229 517 1295; x_wconf 90' lang='lat' dir='ltr'><strong>capnt,</strong></span> <span class='ocrx_word' id='word_1_152' title='bbox 542 1224 570 1278; x_wconf 93' lang='lat' dir='ltr'><strong>id</strong></span> <span class='ocrx_word' id='word_1_153' title='bbox 587 1229 629 1279; x_wconf 89' lang='lat' dir='ltr'><strong>est</strong></span> <span class='ocrx_word' id='word_1_154' title='bbox 651 1224 800 1280; x_wconf 87' lang='lat' dir='ltr'><strong>diabolum</strong></span> <span class='ocrx_word' id='word_1_155' title='bbox 820 1229 947 1280; x_wconf 76' lang='lat' dir='ltr'><strong>vomatur</strong></span> <span class='ocrx_word' id='word_1_156' title='bbox 998 1225 1071 1281; x_wconf 90' lang='lat' dir='ltr'><strong>dicio</strong></span> <span class='ocrx_word' id='word_1_157' title='bbox 1082 1243 1098 1280; x_wconf 93' lang='lat' dir='ltr'><strong>a</strong></span> <span class='ocrx_word' id='word_1_158' title='bbox 1108 1227 1231 1282; x_wconf 82' lang='lat' dir='ltr'><strong>Domino</strong></span> <span class='ocrx_word' id='word_1_159' title='bbox 1241 1227 1278 1283; x_wconf 91' lang='lat' dir='ltr'><strong>sit</strong></span> <span class='ocrx_word' id='word_1_160' title='bbox 1288 1226 1419 1283; x_wconf 84' lang='lat' dir='ltr'><strong>afflictus.</strong></span> <span class='ocrx_word' id='word_1_161' title='bbox 1432 1227 1461 1284; x_wconf 90' lang='lat' dir='ltr'><strong>Si</strong></span> <span class='ocrx_word' id='word_1_162' title='bbox 1471 1228 1548 1283; x_wconf 91' lang='lat' dir='ltr'><strong>enim</strong></span> <span class='ocrx_word' id='word_1_163' title='bbox 1559 1227 1617 1283; x_wconf 87' lang='lat' dir='ltr'><strong>rita</strong></span> <span class='ocrx_word' id='word_1_164' title='bbox 1626 1229 1691 1301; x_wconf 86' lang='lat' dir='ltr'><strong>ejus</strong></span> <span class='ocrx_word' id='word_1_165' title='bbox 1700 1234 1731 1284; x_wconf 89' lang='lat' dir='ltr'><strong>et</strong></span> <span class='ocrx_word' id='word_1_166' title='bbox 1740 1229 1852 1302; x_wconf 86' lang='lat' dir='ltr'><strong>flagella</strong></span> 
     </span>
     <span class='ocr_line' id='line_1_13' title="bbox 96 1303 1852 1390; baseline 0.003 -22"><span class='ocrx_word' id='word_1_167' title='bbox 96 1315 188 1386; x_wconf 89' lang='lat' dir='ltr'><strong>quiin</strong></span> <span class='ocrx_word' id='word_1_168' title='bbox 203 1315 375 1369; x_wconf 82' lang='lat' dir='ltr'><strong>Antichristo</strong></span> <span class='ocrx_word' id='word_1_169' title='bbox 391 1330 496 1368; x_wconf 89' lang='lat' dir='ltr'><strong>nomen</strong></span> <span class='ocrx_word' id='word_1_170' title='bbox 514 1303 657 1380; x_wconf 78' lang='lat' dir='ltr'><strong>extendet,</strong></span> <span class='ocrx_word' id='word_1_171' title='bbox 674 1315 752 1385; x_wconf 91' lang='lat' dir='ltr'><strong>qnod</strong></span> <span class='ocrx_word' id='word_1_172' title='bbox 772 1330 849 1369; x_wconf 91' lang='lat' dir='ltr'><strong>nuuc</strong></span> <span class='ocrx_word' id='word_1_173' title='bbox 875 1315 945 1370; x_wconf 91' lang='lat' dir='ltr'><strong>mali</strong></span> <span class='ocrx_word' id='word_1_174' title='bbox 998 1319 1165 1386; x_wconf 88' lang='lat' dir='ltr'><strong>pensantur,</strong></span> <span class='ocrx_word' id='word_1_175' title='bbox 1188 1331 1247 1370; x_wconf 92' lang='lat' dir='ltr'><strong>uon</strong></span> <span class='ocrx_word' id='word_1_176' title='bbox 1270 1332 1353 1388; x_wconf 82' lang='lat' dir='ltr'><strong>aequo</strong></span> <span class='ocrx_word' id='word_1_177' title='bbox 1365 1315 1475 1387; x_wconf 90' lang='lat' dir='ltr'><strong>judicio</strong></span> <span class='ocrx_word' id='word_1_178' title='bbox 1491 1315 1605 1372; x_wconf 81' lang='lat' dir='ltr'><strong>ridetur</strong></span> <span class='ocrx_word' id='word_1_179' title='bbox 1619 1316 1769 1373; x_wconf 86' lang='lat' dir='ltr'><strong>afflictus:</strong></span> <span class='ocrx_word' id='word_1_180' title='bbox 1785 1318 1852 1390; x_wconf 79' lang='lat' dir='ltr'><strong>quie</strong></span> 
     </span>
     <span class='ocr_line' id='line_1_14' title="bbox 95 1402 1851 1478; baseline 0.003 -21"><span class='ocrx_word' id='word_1_181' title='bbox 95 1403 256 1459; x_wconf 81' lang='lat' dir='ltr'><strong>imitentur.</strong></span> <span class='ocrx_word' id='word_1_182' title='bbox 273 1424 284 1452; x_wconf 78' lang='grc' dir='ltr'><strong><em>ι</em></strong></span> <span class='ocrx_word' id='word_1_183' title='bbox 302 1404 335 1457; x_wconf 84' lang='lat' dir='ltr'><strong>Et</strong></span> <span class='ocrx_word' id='word_1_184' title='bbox 352 1402 470 1457; x_wconf 92' lang='lat' dir='ltr'><strong>deorbe</strong></span> <span class='ocrx_word' id='word_1_185' title='bbox 495 1402 657 1472; x_wconf 81' lang='lat' dir='ltr'><strong>transferet,</strong></span> <span class='ocrx_word' id='word_1_186' title='bbox 683 1426 693 1450; x_wconf 75' lang='grc' dir='ltr'><strong><em>ι</em></strong></span> <span class='ocrx_word' id='word_1_187' title='bbox 726 1408 779 1458; x_wconf 91' lang='lat' dir='ltr'><strong>etc.</strong></span> <span class='ocrx_word' id='word_1_188' title='bbox 809 1404 944 1458; x_wconf 88' lang='lat' dir='ltr'><strong>Cumso·</strong></span> <span class='ocrx_word' id='word_1_189' title='bbox 997 1419 1065 1457; x_wconf 83' lang='lat' dir='ltr'><strong>vero</strong></span> <span class='ocrx_word' id='word_1_190' title='bbox 1093 1403 1195 1459; x_wconf 87' lang='lat' dir='ltr'><strong>merita</strong></span> <span class='ocrx_word' id='word_1_191' title='bbox 1220 1405 1281 1475; x_wconf 89' lang='lat' dir='ltr'><strong>ejus</strong></span> <span class='ocrx_word' id='word_1_192' title='bbox 1304 1421 1337 1460; x_wconf 81' lang='lat' dir='ltr'><strong>er</strong></span> <span class='ocrx_word' id='word_1_193' title='bbox 1361 1404 1482 1478; x_wconf 89' lang='lat' dir='ltr'><strong>flagellis</strong></span> <span class='ocrx_word' id='word_1_194' title='bbox 1506 1404 1675 1472; x_wconf 86' lang='lat' dir='ltr'><strong>cumularit,</strong></span> <span class='ocrx_word' id='word_1_195' title='bbox 1704 1407 1851 1463; x_wconf 81' lang='lat' dir='ltr'><strong>Deusnon</strong></span> 
     </span>
     <span class='ocr_line' id='line_1_15' title="bbox 96 1490 1851 1569; baseline 0.004 -24"><span class='ocrx_word' id='word_1_196' title='bbox 96 1508 185 1563; x_wconf 87' lang='lat' dir='ltr'><strong>paruo</strong></span> <span class='ocrx_word' id='word_1_197' title='bbox 212 1496 368 1562; x_wconf 78' lang='lat' dir='ltr'><strong>apparente</strong></span> <span class='ocrx_word' id='word_1_198' title='bbox 390 1492 487 1561; x_wconf 87' lang='lat' dir='ltr'><strong>jndice</strong></span> <span class='ocrx_word' id='word_1_199' title='bbox 510 1490 545 1545; x_wconf 92' lang='lat' dir='ltr'><strong>de</strong></span> <span class='ocrx_word' id='word_1_200' title='bbox 573 1490 627 1545; x_wconf 91' lang='lat' dir='ltr'><strong>hoc</strong></span> <span class='ocrx_word' id='word_1_201' title='bbox 661 1491 771 1546; x_wconf 87' lang='lat' dir='ltr'><strong>munde</strong></span> <span class='ocrx_word' id='word_1_202' title='bbox 794 1491 830 1545; x_wconf 90' lang='lat' dir='ltr'><strong>ad</strong></span> <span class='ocrx_word' id='word_1_203' title='bbox 846 1507 945 1562; x_wconf 76' lang='lat' dir='ltr'><strong>peenas</strong></span> <span class='ocrx_word' id='word_1_204' title='bbox 998 1490 1105 1562; x_wconf 87' lang='lat' dir='ltr'><strong>injusto</strong></span> <span class='ocrx_word' id='word_1_205' title='bbox 1121 1492 1230 1563; x_wconf 87' lang='lat' dir='ltr'><strong>judicio</strong></span> <span class='ocrx_word' id='word_1_206' title='bbox 1258 1493 1311 1548; x_wconf 84' lang='lat' dir='ltr'><strong>Job</strong></span> <span class='ocrx_word' id='word_1_207' title='bbox 1336 1492 1446 1549; x_wconf 87' lang='lat' dir='ltr'><strong>afflixit.</strong></span> <span class='ocrx_word' id='word_1_208' title='bbox 1463 1493 1562 1560; x_wconf 80' lang='lat' dir='ltr'><strong>«Quia</strong></span> <span class='ocrx_word' id='word_1_209' title='bbox 1588 1495 1664 1550; x_wconf 80' lang='lat' dir='ltr'><strong>licus</strong></span> <span class='ocrx_word' id='word_1_210' title='bbox 1683 1512 1747 1551; x_wconf 88' lang='lat' dir='ltr'><strong>nun</strong></span> <span class='ocrx_word' id='word_1_211' title='bbox 1770 1512 1851 1569; x_wconf 81' lang='lat' dir='ltr'><strong>aequo</strong></span> 
     </span>
     <span class='ocr_line' id='line_1_16' title="bbox 95 1576 1851 1652; baseline 0.005 -20"><span class='ocrx_word' id='word_1_212' title='bbox 95 1578 273 1643; x_wconf 79' lang='lat' dir='ltr'><strong>transfertur,</strong></span> <span class='ocrx_word' id='word_1_213' title='bbox 293 1593 359 1650; x_wconf 82' lang='lat' dir='ltr'><strong>ques</strong></span> <span class='ocrx_word' id='word_1_214' title='bbox 383 1577 476 1631; x_wconf 91' lang='lat' dir='ltr'><strong>omnis</strong></span> <span class='ocrx_word' id='word_1_215' title='bbox 491 1577 568 1632; x_wconf 87' lang='lat' dir='ltr'><strong>etde</strong></span> <span class='ocrx_word' id='word_1_216' title='bbox 582 1576 674 1648; x_wconf 88' lang='lat' dir='ltr'><strong>capite</strong></span> <span class='ocrx_word' id='word_1_217' title='bbox 688 1578 832 1632; x_wconf 86' lang='lat' dir='ltr'><strong>malornm</strong></span> <span class='ocrx_word' id='word_1_218' title='bbox 859 1577 944 1632; x_wconf 87' lang='lat' dir='ltr'><strong>Anti·</strong></span> <span class='ocrx_word' id='word_1_219' title='bbox 995 1579 1115 1650; x_wconf 86' lang='lat' dir='ltr'><strong>judicio.</strong></span> <span class='ocrx_word' id='word_1_220' title='bbox 1128 1601 1141 1629; x_wconf 81' lang='lat' dir='ltr'><strong>o</strong></span> <span class='ocrx_word' id='word_1_221' title='bbox 1158 1581 1351 1637; x_wconf 89' lang='lat' dir='ltr'><strong>Astruendum</strong></span> <span class='ocrx_word' id='word_1_222' title='bbox 1376 1581 1465 1650; x_wconf 88' lang='lat' dir='ltr'><strong>igitur</strong></span> <span class='ocrx_word' id='word_1_223' title='bbox 1489 1587 1542 1649; x_wconf 91' lang='lat' dir='ltr'><strong>est,</strong></span> <span class='ocrx_word' id='word_1_224' title='bbox 1559 1583 1637 1652; x_wconf 92' lang='lat' dir='ltr'><strong>quod</strong></span> <span class='ocrx_word' id='word_1_225' title='bbox 1653 1587 1683 1638; x_wconf 90' lang='lat' dir='ltr'><strong>et</strong></span> <span class='ocrx_word' id='word_1_226' title='bbox 1696 1585 1775 1640; x_wconf 83' lang='lat' dir='ltr'><strong>Deus</strong></span> <span class='ocrx_word' id='word_1_227' title='bbox 1788 1601 1851 1641; x_wconf 91' lang='lat' dir='ltr'><strong>cnm</strong></span> 
     </span>
     <span class='ocr_line' id='line_1_17' title="bbox 94 1637 1850 1746; baseline 0.005 -25"><span class='ocrx_word' id='word_1_228' title='bbox 94 1667 201 1722; x_wconf 88' lang='lat' dir='ltr'><strong>christo</strong></span> <span class='ocrx_word' id='word_1_229' title='bbox 212 1674 332 1739; x_wconf 91' lang='lat' dir='ltr'><strong>possunt</strong></span> <span class='ocrx_word' id='word_1_230' title='bbox 346 1665 445 1737; x_wconf 86' lang='lat' dir='ltr'><strong>accipi.</strong></span> <span class='ocrx_word' id='word_1_231' title='bbox 960 1637 978 1686; x_wconf 71' lang='grc' dir='ltr'><strong>Β</strong></span> <span class='ocrx_word' id='word_1_232' title='bbox 996 1668 1049 1723; x_wconf 84' lang='lat' dir='ltr'><strong>Job</strong></span> <span class='ocrx_word' id='word_1_233' title='bbox 1065 1674 1139 1722; x_wconf 90' lang='lat' dir='ltr'><strong>recte</strong></span> <span class='ocrx_word' id='word_1_234' title='bbox 1153 1668 1221 1741; x_wconf 86' lang='lat' dir='ltr'><strong>ogit,</strong></span> <span class='ocrx_word' id='word_1_235' title='bbox 1238 1673 1266 1724; x_wconf 87' lang='lat' dir='ltr'><strong>et</strong></span> <span class='ocrx_word' id='word_1_236' title='bbox 1280 1672 1378 1725; x_wconf 88' lang='lat' dir='ltr'><strong>temen</strong></span> <span class='ocrx_word' id='word_1_237' title='bbox 1393 1685 1449 1724; x_wconf 91' lang='lat' dir='ltr'><strong>non</strong></span> <span class='ocrx_word' id='word_1_238' title='bbox 1460 1669 1608 1738; x_wconf 87' lang='lat' dir='ltr'><strong>mentitur,</strong></span> <span class='ocrx_word' id='word_1_239' title='bbox 1626 1670 1757 1742; x_wconf 90' lang='lat' dir='ltr'><strong>quinon</strong></span> <span class='ocrx_word' id='word_1_240' title='bbox 1772 1689 1850 1746; x_wconf 82' lang='lat' dir='ltr'><strong>reque</strong></span> 
     </span>
    </p>

    <p class='ocr_par' dir='ltr' id='par_1_5' title="bbox 94 1755 1850 2188">
     <span class='ocr_line' id='line_1_18' title="bbox 131 1755 1850 1834; baseline -0.001 -16"><span class='ocrx_word' id='word_1_241' title='bbox 131 1766 224 1820; x_wconf 77' lang='lat' dir='ltr'><strong>Vens</strong></span> <span class='ocrx_word' id='word_1_242' title='bbox 244 1767 285 1819; x_wconf 77' lang='lat'><strong>19.</strong></span> <span class='ocrx_word' id='word_1_243' title='bbox 303 1785 369 1813; x_wconf 83' lang='grc' dir='ltr'><strong>-ι</strong></span> <span class='ocrx_word' id='word_1_244' title='bbox 396 1763 526 1817; x_wconf 88' lang='lat' dir='ltr'><strong>Nonerit</strong></span> <span class='ocrx_word' id='word_1_245' title='bbox 547 1767 753 1830; x_wconf 74' lang='lat' dir='ltr'><strong>samemetc.»</strong></span> <span class='ocrx_word' id='word_1_246' title='bbox 781 1763 854 1829; x_wconf 83' lang='lat' dir='ltr'><strong>Ouia</strong></span> <span class='ocrx_word' id='word_1_247' title='bbox 884 1780 942 1818; x_wconf 91' lang='lat' dir='ltr'><strong>om·</strong></span> <span class='ocrx_word' id='word_1_248' title='bbox 997 1755 1061 1812; x_wconf 89' lang='lat' dir='ltr'><strong>fleri</strong></span> <span class='ocrx_word' id='word_1_249' title='bbox 1076 1757 1166 1812; x_wconf 92' lang='lat' dir='ltr'><strong>dicit:</strong></span> <span class='ocrx_word' id='word_1_250' title='bbox 1198 1756 1327 1830; x_wconf 90' lang='lat' dir='ltr'><strong>alioquin</strong></span> <span class='ocrx_word' id='word_1_251' title='bbox 1356 1759 1486 1814; x_wconf 89' lang='lat' dir='ltr'><strong>diabolus</strong></span> <span class='ocrx_word' id='word_1_252' title='bbox 1518 1758 1585 1814; x_wconf 85' lang='lat' dir='ltr'><strong>vicit</strong></span> <span class='ocrx_word' id='word_1_253' title='bbox 1609 1758 1702 1830; x_wconf 83' lang='lat' dir='ltr'><strong>(ineo</strong></span> <span class='ocrx_word' id='word_1_254' title='bbox 1724 1762 1850 1834; x_wconf 87' lang='lat' dir='ltr'><strong>quodde</strong></span> 
     </span>
     <span class='ocr_line' id='line_1_19' title="bbox 94 1845 1848 1923; baseline -0.002 -16"><span class='ocrx_word' id='word_1_255' title='bbox 94 1868 146 1907; x_wconf 90' lang='lat' dir='ltr'><strong>nes</strong></span> <span class='ocrx_word' id='word_1_256' title='bbox 158 1851 262 1923; x_wconf 92' lang='lat' dir='ltr'><strong>iniqui,</strong></span> <span class='ocrx_word' id='word_1_257' title='bbox 278 1850 328 1921; x_wconf 91' lang='lat' dir='ltr'><strong>qui</strong></span> <span class='ocrx_word' id='word_1_258' title='bbox 343 1850 378 1906; x_wconf 89' lang='lat' dir='ltr'><strong>de</strong></span> <span class='ocrx_word' id='word_1_259' title='bbox 401 1851 463 1920; x_wconf 88' lang='lat' dir='ltr'><strong>ejus</strong></span> <span class='ocrx_word' id='word_1_260' title='bbox 478 1849 661 1921; x_wconf 84' lang='lat' dir='ltr'><strong>persuasione</strong></span> <span class='ocrx_word' id='word_1_261' title='bbox 685 1851 716 1904; x_wconf 91' lang='lat' dir='ltr'><strong>in</strong></span> <span class='ocrx_word' id='word_1_262' title='bbox 742 1851 837 1922; x_wconf 84' lang='lat' dir='ltr'><strong>parvis</strong></span> <span class='ocrx_word' id='word_1_263' title='bbox 854 1851 942 1905; x_wconf 86' lang='lat' dir='ltr'><strong>aetio·</strong></span> <span class='ocrx_word' id='word_1_264' title='bbox 997 1845 1075 1901; x_wconf 90' lang='lat' dir='ltr'><strong>beati</strong></span> <span class='ocrx_word' id='word_1_265' title='bbox 1102 1845 1155 1900; x_wconf 84' lang='lat' dir='ltr'><strong>riri</strong></span> <span class='ocrx_word' id='word_1_266' title='bbox 1178 1847 1261 1918; x_wconf 87' lang='lat' dir='ltr'><strong>culpa</strong></span> <span class='ocrx_word' id='word_1_267' title='bbox 1284 1847 1467 1919; x_wconf 85' lang='lat' dir='ltr'><strong>promiserat)</strong></span> <span class='ocrx_word' id='word_1_268' title='bbox 1496 1864 1584 1918; x_wconf 85' lang='lat' dir='ltr'><strong>quem</strong></span> <span class='ocrx_word' id='word_1_269' title='bbox 1612 1848 1688 1904; x_wconf 79' lang='lat' dir='ltr'><strong>lleus</strong></span> <span class='ocrx_word' id='word_1_270' title='bbox 1712 1851 1848 1906; x_wconf 77' lang='lat' dir='ltr'><strong>laudarit.</strong></span> 
     </span>
     <span class='ocr_line' id='line_1_20' title="bbox 94 1935 1850 2010; baseline 0.001 -16"><span class='ocrx_word' id='word_1_271' title='bbox 94 1940 180 1994; x_wconf 90' lang='lat' dir='ltr'><strong>nibus</strong></span> <span class='ocrx_word' id='word_1_272' title='bbox 195 1939 256 1993; x_wconf 90' lang='lat' dir='ltr'><strong>nati</strong></span> <span class='ocrx_word' id='word_1_273' title='bbox 278 1942 366 2004; x_wconf 72' lang='lat' dir='ltr'><strong>suut,</strong></span> <span class='ocrx_word' id='word_1_274' title='bbox 381 1954 446 1993; x_wconf 92' lang='lat' dir='ltr'><strong>cum</strong></span> <span class='ocrx_word' id='word_1_275' title='bbox 468 1938 568 1993; x_wconf 89' lang='lat' dir='ltr'><strong>eodem</strong></span> <span class='ocrx_word' id='word_1_276' title='bbox 598 1954 650 1992; x_wconf 89' lang='lat' dir='ltr'><strong>sno</strong></span> <span class='ocrx_word' id='word_1_277' title='bbox 675 1939 766 2010; x_wconf 90' lang='lat' dir='ltr'><strong>capite</strong></span> <span class='ocrx_word' id='word_1_278' title='bbox 791 1938 941 1995; x_wconf 86' lang='lat' dir='ltr'><strong>ferientur.</strong></span> <span class='ocrx_word' id='word_1_279' title='bbox 998 1935 1056 1990; x_wconf 88' lang='lat' dir='ltr'><strong>lloc</strong></span> <span class='ocrx_word' id='word_1_280' title='bbox 1067 1951 1124 1989; x_wconf 92' lang='lat' dir='ltr'><strong>non</strong></span> <span class='ocrx_word' id='word_1_281' title='bbox 1138 1935 1233 1999; x_wconf 84' lang='lat' dir='ltr'><strong>elatio,</strong></span> <span class='ocrx_word' id='word_1_282' title='bbox 1245 1937 1294 1991; x_wconf 92' lang='lat' dir='ltr'><strong>sed</strong></span> <span class='ocrx_word' id='word_1_283' title='bbox 1309 1937 1392 1992; x_wconf 92' lang='lat' dir='ltr'><strong>dolor</strong></span> <span class='ocrx_word' id='word_1_284' title='bbox 1405 1936 1531 1992; x_wconf 87' lang='lat' dir='ltr'><strong>extorsit.</strong></span> <span class='ocrx_word' id='word_1_285' title='bbox 1556 1938 1735 1994; x_wconf 88' lang='lat' dir='ltr'><strong>Bonussiin</strong></span> <span class='ocrx_word' id='word_1_286' title='bbox 1751 1939 1850 1995; x_wconf 87' lang='lat' dir='ltr'><strong>humili</strong></span> 
     </span>
     <span class='ocr_line' id='line_1_21' title="bbox 95 2024 1848 2099; baseline 0.002 -17"><span class='ocrx_word' id='word_1_287' title='bbox 95 2029 166 2095; x_wconf 88' lang='lat' dir='ltr'><strong>Quia</strong></span> <span class='ocrx_word' id='word_1_288' title='bbox 189 2029 250 2082; x_wconf 76' lang='lat' dir='ltr'><strong>hec</strong></span> <span class='ocrx_word' id='word_1_289' title='bbox 278 2027 312 2082; x_wconf 88' lang='lat' dir='ltr'><strong>de</strong></span> <span class='ocrx_word' id='word_1_290' title='bbox 334 2026 508 2082; x_wconf 74' lang='lat' dir='ltr'><strong>Antichristo</strong></span> <span class='ocrx_word' id='word_1_291' title='bbox 535 2027 700 2099; x_wconf 89' lang='lat' dir='ltr'><strong>accipienda</strong></span> <span class='ocrx_word' id='word_1_292' title='bbox 727 2033 804 2096; x_wconf 91' lang='lat' dir='ltr'><strong>sont,</strong></span> <span class='ocrx_word' id='word_1_293' title='bbox 831 2029 862 2083; x_wconf 90' lang='lat' dir='ltr'><strong>in</strong></span> <span class='ocrx_word' id='word_1_294' title='bbox 888 2029 943 2084; x_wconf 94' lang='lat' dir='ltr'><strong>hoc</strong></span> <span class='ocrx_word' id='word_1_295' title='bbox 997 2029 1105 2091; x_wconf 85' lang='lat' dir='ltr'><strong>ruente,</strong></span> <span class='ocrx_word' id='word_1_296' title='bbox 1132 2024 1262 2094; x_wconf 87' lang='lat' dir='ltr'><strong>exigente</strong></span> <span class='ocrx_word' id='word_1_297' title='bbox 1287 2041 1371 2079; x_wconf 88' lang='lat' dir='ltr'><strong>causa</strong></span> <span class='ocrx_word' id='word_1_298' title='bbox 1402 2026 1445 2081; x_wconf 81' lang='lat' dir='ltr'><strong>vel</strong></span> <span class='ocrx_word' id='word_1_299' title='bbox 1465 2025 1718 2096; x_wconf 88' lang='lat' dir='ltr'><strong>dolore,bouade</strong></span> <span class='ocrx_word' id='word_1_300' title='bbox 1734 2029 1848 2097; x_wconf 87' lang='lat' dir='ltr'><strong>sedicit,</strong></span> 
     </span>
     <span class='ocr_line' id='line_1_22' title="bbox 95 2113 1847 2188; baseline 0.001 -16"><span class='ocrx_word' id='word_1_301' title='bbox 95 2117 188 2188; x_wconf 84' lang='lat' dir='ltr'><strong>aperit</strong></span> <span class='ocrx_word' id='word_1_302' title='bbox 200 2117 270 2171; x_wconf 92' lang='lat' dir='ltr'><strong>dnm</strong></span> <span class='ocrx_word' id='word_1_303' title='bbox 281 2115 367 2170; x_wconf 89' lang='lat' dir='ltr'><strong>dicit:</strong></span> <span class='ocrx_word' id='word_1_304' title='bbox 996 2129 1054 2168; x_wconf 90' lang='lat' dir='ltr'><strong>non</strong></span> <span class='ocrx_word' id='word_1_305' title='bbox 1065 2117 1171 2184; x_wconf 85' lang='lat' dir='ltr'><strong>peccat.</strong></span> <span class='ocrx_word' id='word_1_306' title='bbox 1188 2113 1374 2185; x_wconf 77' lang='lat' dir='ltr'><strong>«Etflagellis</strong></span> <span class='ocrx_word' id='word_1_307' title='bbox 1384 2114 1443 2170; x_wconf 87' lang='lat' dir='ltr'><strong>suis</strong></span> <span class='ocrx_word' id='word_1_308' title='bbox 1453 2114 1638 2172; x_wconf 82' lang='lat' dir='ltr'><strong>msciuxerit.</strong></span> <span class='ocrx_word' id='word_1_309' title='bbox 1650 2137 1665 2165; x_wconf 77' lang='lat' dir='ltr'><strong>a</strong></span> <span class='ocrx_word' id='word_1_310' title='bbox 1683 2117 1761 2173; x_wconf 89' lang='lat' dir='ltr'><strong>Cum</strong></span> <span class='ocrx_word' id='word_1_311' title='bbox 1776 2122 1847 2174; x_wconf 82' lang='lat' dir='ltr'><strong>tants</strong></span> 
     </span>
    </p>

    <p class='ocr_par' dir='ltr' id='par_1_6' title="bbox 91 2202 1884 2808">
     <span class='ocr_line' id='line_1_23' title="bbox 131 2202 1847 2275; baseline 0.002 -16"><span class='ocrx_word' id='word_1_312' title='bbox 131 2205 397 2262; x_wconf 57' lang='lat' dir='ltr'><strong>veneid-«ln</strong></span> <span class='ocrx_word' id='word_1_313' title='bbox 423 2205 468 2259; x_wconf 90' lang='lat' dir='ltr'><strong>die</strong></span> <span class='ocrx_word' id='word_1_314' title='bbox 482 2205 542 2275; x_wconf 83' lang='lat' dir='ltr'><strong>ejus</strong></span> <span class='ocrx_word' id='word_1_315' title='bbox 557 2205 838 2275; x_wconf 80' lang='lat' dir='ltr'><strong>stupebunt.»0nia</strong></span> <span class='ocrx_word' id='word_1_316' title='bbox 863 2209 943 2262; x_wconf 90' lang='lat' dir='ltr'><strong>tanta</strong></span> <span class='ocrx_word' id='word_1_317' title='bbox 997 2219 1049 2256; x_wconf 92' lang='lat' dir='ltr'><strong>nos</strong></span> <span class='ocrx_word' id='word_1_318' title='bbox 1079 2202 1193 2257; x_wconf 87' lang='lat' dir='ltr'><strong>afflictio</strong></span> <span class='ocrx_word' id='word_1_319' title='bbox 1225 2203 1369 2274; x_wconf 83' lang='lat' dir='ltr'><strong>deprimit,</strong></span> <span class='ocrx_word' id='word_1_320' title='bbox 1396 2207 1428 2257; x_wconf 91' lang='lat' dir='ltr'><strong>ut</strong></span> <span class='ocrx_word' id='word_1_321' title='bbox 1451 2202 1557 2258; x_wconf 89' lang='lat' dir='ltr'><strong>nullius</strong></span> <span class='ocrx_word' id='word_1_322' title='bbox 1581 2204 1623 2259; x_wconf 90' lang='lat' dir='ltr'><strong>rei</strong></span> <span class='ocrx_word' id='word_1_323' title='bbox 1652 2207 1847 2263; x_wconf 81' lang='lat' dir='ltr'><strong>consolatione</strong></span> 
     </span>
     <span class='ocr_line' id='line_1_24' title="bbox 94 2291 1845 2365; baseline 0.002 -16"><span class='ocrx_word' id='word_1_324' title='bbox 94 2299 162 2349; x_wconf 80' lang='lat' dir='ltr'><strong>tarne</strong></span> <span class='ocrx_word' id='word_1_325' title='bbox 191 2295 272 2365; x_wconf 86' lang='lat' dir='ltr'><strong>signa</strong></span> <span class='ocrx_word' id='word_1_326' title='bbox 308 2293 568 2362; x_wconf 89' lang='lat' dir='ltr'><strong>demonstraturus,</strong></span> <span class='ocrx_word' id='word_1_327' title='bbox 605 2298 669 2361; x_wconf 87' lang='lat' dir='ltr'><strong>etc,</strong></span> <span class='ocrx_word' id='word_1_328' title='bbox 707 2309 792 2364; x_wconf 81' lang='lat' dir='ltr'><strong>usque</strong></span> <span class='ocrx_word' id='word_1_329' title='bbox 819 2296 857 2350; x_wconf 88' lang='lat' dir='ltr'><strong>od</strong></span> <span class='ocrx_word' id='word_1_330' title='bbox 885 2312 943 2350; x_wconf 91' lang='lat' dir='ltr'><strong>me-</strong></span> <span class='ocrx_word' id='word_1_331' title='bbox 996 2291 1142 2360; x_wconf 83' lang='lat' dir='ltr'><strong>respirare</strong></span> <span class='ocrx_word' id='word_1_332' title='bbox 1169 2291 1282 2346; x_wconf 89' lang='lat' dir='ltr'><strong>animus</strong></span> <span class='ocrx_word' id='word_1_333' title='bbox 1301 2291 1400 2363; x_wconf 91' lang='lat' dir='ltr'><strong>possit,</strong></span> <span class='ocrx_word' id='word_1_334' title='bbox 1418 2306 1475 2345; x_wconf 93' lang='lat' dir='ltr'><strong>uon</strong></span> <span class='ocrx_word' id='word_1_335' title='bbox 1500 2293 1562 2362; x_wconf 82' lang='lat' dir='ltr'><strong>jani</strong></span> <span class='ocrx_word' id='word_1_336' title='bbox 1590 2292 1718 2364; x_wconf 83' lang='lat' dir='ltr'><strong>flagellis</strong></span> <span class='ocrx_word' id='word_1_337' title='bbox 1745 2296 1845 2352; x_wconf 89' lang='lat' dir='ltr'><strong>solum·</strong></span> 
     </span>
     <span class='ocr_line' id='line_1_25' title="bbox 93 2376 1884 2454; baseline 0.002 -17"><span class='ocrx_word' id='word_1_338' title='bbox 93 2386 178 2438; x_wconf 91' lang='lat' dir='ltr'><strong>tuunt</strong></span> <span class='ocrx_word' id='word_1_339' title='bbox 191 2386 334 2436; x_wconf 87' lang='lat' dir='ltr'><strong>tormenta</strong></span> <span class='ocrx_word' id='word_1_340' title='bbox 355 2397 419 2454; x_wconf 82' lang='lat' dir='ltr'><strong>quae</strong></span> <span class='ocrx_word' id='word_1_341' title='bbox 436 2382 563 2436; x_wconf 87' lang='lat' dir='ltr'><strong>vincunt.</strong></span> <span class='ocrx_word' id='word_1_342' title='bbox 592 2403 603 2432; x_wconf 77' lang='lat' dir='ltr'><strong>a</strong></span> <span class='ocrx_word' id='word_1_343' title='bbox 631 2383 665 2437; x_wconf 86' lang='lat' dir='ltr'><strong>Et</strong></span> <span class='ocrx_word' id='word_1_344' title='bbox 693 2383 802 2453; x_wconf 90' lang='lat' dir='ltr'><strong>primos</strong></span> <span class='ocrx_word' id='word_1_345' title='bbox 826 2383 943 2439; x_wconf 83' lang='lat' dir='ltr'><strong>invadet</strong></span> <span class='ocrx_word' id='word_1_346' title='bbox 995 2379 1227 2447; x_wconf 87' lang='lat' dir='ltr'><strong>modoferimor,</strong></span> <span class='ocrx_word' id='word_1_347' title='bbox 1252 2382 1301 2435; x_wconf 90' lang='lat' dir='ltr'><strong>sed</strong></span> <span class='ocrx_word' id='word_1_348' title='bbox 1317 2379 1405 2435; x_wconf 89' lang='lat' dir='ltr'><strong>etiam</strong></span> <span class='ocrx_word' id='word_1_349' title='bbox 1420 2379 1575 2450; x_wconf 90' lang='lat' dir='ltr'><strong>cingimur,</strong></span> <span class='ocrx_word' id='word_1_350' title='bbox 1596 2382 1667 2453; x_wconf 90' lang='lat' dir='ltr'><strong>quia</strong></span> <span class='ocrx_word' id='word_1_351' title='bbox 1685 2383 1844 2441; x_wconf 86' lang='lat' dir='ltr'><strong>tribulatio·</strong></span> <span class='ocrx_word' id='word_1_352' title='bbox 1879 2376 1884 2389; x_wconf 65' lang='lat'><em>⁹</em></span> 
     </span>
     <span class='ocr_line' id='line_1_26' title="bbox 92 2467 1680 2541; baseline -0.001 -13"><span class='ocrx_word' id='word_1_353' title='bbox 92 2472 205 2536; x_wconf 89' lang='lat' dir='ltr'><strong>horror,</strong></span> <span class='ocrx_word' id='word_1_354' title='bbox 225 2492 235 2518; x_wconf 76' lang='grc' dir='ltr'><strong><em>ι</em></strong></span> <span class='ocrx_word' id='word_1_355' title='bbox 250 2470 280 2525; x_wconf 91' lang='lat' dir='ltr'><strong>id</strong></span> <span class='ocrx_word' id='word_1_356' title='bbox 295 2474 346 2537; x_wconf 90' lang='lat' dir='ltr'><strong>est,</strong></span> <span class='ocrx_word' id='word_1_357' title='bbox 361 2471 448 2526; x_wconf 88' lang='lat' dir='ltr'><strong>corda</strong></span> <span class='ocrx_word' id='word_1_358' title='bbox 467 2470 624 2525; x_wconf 90' lang='lat' dir='ltr'><strong>electorum</strong></span> <span class='ocrx_word' id='word_1_359' title='bbox 652 2486 757 2541; x_wconf 84' lang='lat' dir='ltr'><strong>pavore</strong></span> <span class='ocrx_word' id='word_1_360' title='bbox 784 2471 940 2528; x_wconf 87' lang='lat' dir='ltr'><strong>ferientur:</strong></span> <span class='ocrx_word' id='word_1_361' title='bbox 996 2483 1067 2524; x_wconf 90' lang='lat' dir='ltr'><strong>num</strong></span> <span class='ocrx_word' id='word_1_362' title='bbox 1086 2467 1203 2523; x_wconf 81' lang='lat' dir='ltr'><strong>verbere</strong></span> <span class='ocrx_word' id='word_1_363' title='bbox 1218 2484 1251 2523; x_wconf 88' lang='lat' dir='ltr'><strong>ex</strong></span> <span class='ocrx_word' id='word_1_364' title='bbox 1271 2469 1351 2523; x_wconf 91' lang='lat' dir='ltr'><strong>omni</strong></span> <span class='ocrx_word' id='word_1_365' title='bbox 1363 2472 1443 2540; x_wconf 91' lang='lat' dir='ltr'><strong>parte</strong></span> <span class='ocrx_word' id='word_1_366' title='bbox 1457 2469 1680 2526; x_wconf 88' lang='lat' dir='ltr'><strong>circumdamur.</strong></span> 
     </span>
     <span class='ocr_line' id='line_1_27' title="bbox 92 2557 1844 2634; baseline 0.002 -19"><span class='ocrx_word' id='word_1_367' title='bbox 92 2560 168 2615; x_wconf 90' lang='lat' dir='ltr'><strong>unde</strong></span> <span class='ocrx_word' id='word_1_368' title='bbox 189 2559 326 2631; x_wconf 77' lang='lat' dir='ltr'><strong>scrIptum</strong></span> <span class='ocrx_word' id='word_1_369' title='bbox 355 2559 509 2614; x_wconf 78' lang='lat' dir='ltr'><strong>est:‹lta</strong></span> <span class='ocrx_word' id='word_1_370' title='bbox 524 2562 556 2613; x_wconf 90' lang='lat' dir='ltr'><strong>ut</strong></span> <span class='ocrx_word' id='word_1_371' title='bbox 569 2558 600 2613; x_wconf 90' lang='lat' dir='ltr'><strong>in</strong></span> <span class='ocrx_word' id='word_1_372' title='bbox 615 2574 743 2614; x_wconf 87' lang='lat' dir='ltr'><strong>errorem</strong></span> <span class='ocrx_word' id='word_1_373' title='bbox 759 2560 940 2630; x_wconf 90' lang='lat' dir='ltr'><strong>inducantur,</strong></span> <span class='ocrx_word' id='word_1_374' title='bbox 1031 2558 1151 2611; x_wconf 77' lang='lat' dir='ltr'><strong>vanai.</strong></span> <span class='ocrx_word' id='word_1_375' title='bbox 1168 2587 1202 2597; x_wconf 95' lang='lat'><em>-</em></span> <span class='ocrx_word' id='word_1_376' title='bbox 1222 2577 1233 2605; x_wconf 82' lang='grc' dir='ltr'>ι</span> <span class='ocrx_word' id='word_1_377' title='bbox 1256 2557 1325 2612; x_wconf 91' lang='lat' dir='ltr'><strong>Ecce</strong></span> <span class='ocrx_word' id='word_1_378' title='bbox 1343 2558 1473 2613; x_wconf 90' lang='lat' dir='ltr'><strong>clamabo</strong></span> <span class='ocrx_word' id='word_1_379' title='bbox 1494 2558 1552 2613; x_wconf 85' lang='lat' dir='ltr'><strong>vim</strong></span> <span class='ocrx_word' id='word_1_380' title='bbox 1580 2559 1737 2630; x_wconf 76' lang='lat' dir='ltr'><strong>patiens.»</strong></span> <span class='ocrx_word' id='word_1_381' title='bbox 1758 2562 1844 2634; x_wconf 72' lang='lat' dir='ltr'><strong>(uid)</strong></span> 
     </span>
     <span class='ocr_line' id='line_1_28' title="bbox 92 2644 1842 2723; baseline 0.003 -20"><span class='ocrx_word' id='word_1_382' title='bbox 92 2648 116 2703; x_wconf 92' lang='lat' dir='ltr'><strong>si</strong></span> <span class='ocrx_word' id='word_1_383' title='bbox 131 2649 193 2703; x_wconf 91' lang='lat' dir='ltr'><strong>fieri</strong></span> <span class='ocrx_word' id='word_1_384' title='bbox 207 2653 308 2720; x_wconf 84' lang='lat' dir='ltr'><strong>potest,</strong></span> <span class='ocrx_word' id='word_1_385' title='bbox 327 2647 414 2702; x_wconf 90' lang='lat' dir='ltr'><strong>etiam</strong></span> <span class='ocrx_word' id='word_1_386' title='bbox 439 2647 521 2702; x_wconf 87' lang='lat' dir='ltr'><strong>electi</strong></span> <span class='ocrx_word' id='word_1_387' title='bbox 540 2647 856 2719; x_wconf 61' lang='lat' dir='ltr'><strong>(Maecenatiana</strong></span> <span class='ocrx_word' id='word_1_388' title='bbox 881 2650 943 2723; x_wconf 88' lang='lat' dir='ltr'><strong>qui·</strong></span> <span class='ocrx_word' id='word_1_389' title='bbox 996 2645 1072 2699; x_wconf 87' lang='lat' dir='ltr'><strong>Deus</strong></span> <span class='ocrx_word' id='word_1_390' title='bbox 1094 2644 1164 2715; x_wconf 89' lang='lat' dir='ltr'><strong>quid</strong></span> <span class='ocrx_word' id='word_1_391' title='bbox 1185 2644 1269 2699; x_wconf 91' lang='lat' dir='ltr'><strong>nobis</strong></span> <span class='ocrx_word' id='word_1_392' title='bbox 1284 2644 1467 2716; x_wconf 90' lang='lat' dir='ltr'><strong>profuturnm</strong></span> <span class='ocrx_word' id='word_1_393' title='bbox 1482 2646 1520 2701; x_wconf 92' lang='lat' dir='ltr'><strong>sit</strong></span> <span class='ocrx_word' id='word_1_394' title='bbox 1543 2647 1649 2716; x_wconf 89' lang='lat' dir='ltr'><strong>sciens,</strong></span> <span class='ocrx_word' id='word_1_395' title='bbox 1665 2653 1737 2719; x_wconf 74' lang='lat' dir='ltr'><strong>etc,</strong></span> <span class='ocrx_word' id='word_1_396' title='bbox 1764 2667 1842 2722; x_wconf 77' lang='lat' dir='ltr'><strong>usquc</strong></span> 
     </span>
     <span class='ocr_line' id='line_1_29' title="bbox 91 2732 1592 2808; baseline -0.001 -16"><span class='ocrx_word' id='word_1_397' title='bbox 91 2739 157 2793; x_wconf 90' lang='lat' dir='ltr'><strong>dam</strong></span> <span class='ocrx_word' id='word_1_398' title='bbox 170 2737 272 2803; x_wconf 89' lang='lat' dir='ltr'><strong>casuri,</strong></span> <span class='ocrx_word' id='word_1_399' title='bbox 288 2737 336 2791; x_wconf 89' lang='lat' dir='ltr'><strong>sed</strong></span> <span class='ocrx_word' id='word_1_400' title='bbox 353 2736 523 2808; x_wconf 86' lang='lat' dir='ltr'><strong>trepidaturi</strong></span> <span class='ocrx_word' id='word_1_401' title='bbox 540 2753 572 2791; x_wconf 86' lang='lat' dir='ltr'><strong>ex</strong></span> <span class='ocrx_word' id='word_1_402' title='bbox 586 2753 682 2791; x_wconf 90' lang='lat' dir='ltr'><strong>carne.</strong></span> <span class='ocrx_word' id='word_1_403' title='bbox 996 2733 1033 2787; x_wconf 87' lang='lat' dir='ltr'><strong>od</strong></span> <span class='ocrx_word' id='word_1_404' title='bbox 1048 2732 1097 2803; x_wconf 92' lang='lat' dir='ltr'><strong>qui</strong></span> <span class='ocrx_word' id='word_1_405' title='bbox 1112 2747 1164 2786; x_wconf 90' lang='lat' dir='ltr'><strong>nec</strong></span> <span class='ocrx_word' id='word_1_406' title='bbox 1179 2733 1406 2803; x_wconf 89' lang='lat' dir='ltr'><strong>agendaquaunt</strong></span> <span class='ocrx_word' id='word_1_407' title='bbox 1421 2734 1592 2790; x_wconf 89' lang='lat' dir='ltr'><strong>discernere.</strong></span> 
     </span>
    </p>

    <p class='ocr_par' dir='ltr' id='par_1_7' title="bbox 90 2821 1844 3077">
     <span class='ocr_line' id='line_1_30' title="bbox 128 2821 1842 2897; baseline 0.004 -24"><span class='ocrx_word' id='word_1_408' title='bbox 128 2827 219 2881; x_wconf 67' lang='lat' dir='ltr'><strong>Vens.</strong></span> <span class='ocrx_word' id='word_1_409' title='bbox 239 2828 353 2880; x_wconf 78' lang='lat'><strong>2{.-‹</strong></span> <span class='ocrx_word' id='word_1_410' title='bbox 373 2826 518 2880; x_wconf 76' lang='lat' dir='ltr'><strong>limosuut</strong></span> <span class='ocrx_word' id='word_1_411' title='bbox 542 2840 611 2896; x_wconf 89' lang='lat' dir='ltr'><strong>ergo</strong></span> <span class='ocrx_word' id='word_1_412' title='bbox 641 2825 865 2882; x_wconf 66' lang='lat' dir='ltr'><strong>tabernacula,</strong></span> <span class='ocrx_word' id='word_1_413' title='bbox 901 2828 939 2882; x_wconf 61' lang='grc' dir='ltr'><strong>οε</strong></span> <span class='ocrx_word' id='word_1_414' title='bbox 1032 2821 1230 2875; x_wconf 84' lang='lat' dir='ltr'><strong>Vaas.8.-«</strong></span> <span class='ocrx_word' id='word_1_415' title='bbox 1244 2821 1381 2876; x_wconf 83' lang='lat' dir='ltr'><strong>semitam</strong></span> <span class='ocrx_word' id='word_1_416' title='bbox 1406 2838 1499 2877; x_wconf 89' lang='lat' dir='ltr'><strong>meam</strong></span> <span class='ocrx_word' id='word_1_417' title='bbox 1521 2823 1738 2897; x_wconf 87' lang='lat' dir='ltr'><strong>circumsepsit,</strong></span> <span class='ocrx_word' id='word_1_418' title='bbox 1764 2833 1842 2884; x_wconf 82' lang='lat' dir='ltr'><strong>etc.»</strong></span> 
     </span>
     <span class='ocr_line' id='line_1_31' title="bbox 90 2909 1844 2988; baseline 0.003 -20"><span class='ocrx_word' id='word_1_419' title='bbox 90 2913 224 2969; x_wconf 92' lang='lat' dir='ltr'><strong>hocillud</strong></span> <span class='ocrx_word' id='word_1_420' title='bbox 241 2915 340 2969; x_wconf 87' lang='lat' dir='ltr'><strong>retulit</strong></span> <span class='ocrx_word' id='word_1_421' title='bbox 362 2914 440 2986; x_wconf 92' lang='lat' dir='ltr'><strong>quod</strong></span> <span class='ocrx_word' id='word_1_422' title='bbox 468 2914 590 2983; x_wconf 81' lang='lat' dir='ltr'><strong>dixerat,</strong></span> <span class='ocrx_word' id='word_1_423' title='bbox 606 2921 670 2982; x_wconf 85' lang='lat' dir='ltr'><strong>etc,</strong></span> <span class='ocrx_word' id='word_1_424' title='bbox 701 2930 785 2986; x_wconf 83' lang='lat' dir='ltr'><strong>usqne</strong></span> <span class='ocrx_word' id='word_1_425' title='bbox 810 2917 848 2971; x_wconf 83' lang='lat' dir='ltr'><strong>nd</strong></span> <span class='ocrx_word' id='word_1_426' title='bbox 862 2918 940 2988; x_wconf 83' lang='lat' dir='ltr'><strong>quod</strong></span> <span class='ocrx_word' id='word_1_427' title='bbox 956 2909 976 2964; x_wconf 87' lang='lat' dir='ltr'>C</span> <span class='ocrx_word' id='word_1_428' title='bbox 995 2909 1221 2979; x_wconf 85' lang='lat' dir='ltr'><strong>Circumseptam</strong></span> <span class='ocrx_word' id='word_1_429' title='bbox 1245 2910 1411 2965; x_wconf 85' lang='lat' dir='ltr'><strong>verberibus</strong></span> <span class='ocrx_word' id='word_1_430' title='bbox 1434 2911 1568 2967; x_wconf 89' lang='lat' dir='ltr'><strong>semitam</strong></span> <span class='ocrx_word' id='word_1_431' title='bbox 1582 2928 1666 2968; x_wconf 90' lang='lat' dir='ltr'><strong>suam</strong></span> <span class='ocrx_word' id='word_1_432' title='bbox 1690 2915 1844 2984; x_wconf 85' lang='lat' dir='ltr'><strong>vidit,cum</strong></span> 
     </span>
     <span class='ocr_line' id='line_1_32' title="bbox 91 2997 1844 3077; baseline 0.003 -20"><span class='ocrx_word' id='word_1_433' title='bbox 91 3008 221 3058; x_wconf 90' lang='lat' dir='ltr'><strong>sanctum</strong></span> <span class='ocrx_word' id='word_1_434' title='bbox 235 3003 287 3058; x_wconf 84' lang='lat' dir='ltr'><strong>lob</strong></span> <span class='ocrx_word' id='word_1_435' title='bbox 303 3003 455 3058; x_wconf 86' lang='lat' dir='ltr'><strong>credebant</strong></span> <span class='ocrx_word' id='word_1_436' title='bbox 470 3020 523 3075; x_wconf 92' lang='lat' dir='ltr'><strong>pro</strong></span> <span class='ocrx_word' id='word_1_437' title='bbox 542 3003 694 3075; x_wconf 88' lang='lat' dir='ltr'><strong>iniquitate</strong></span> <span class='ocrx_word' id='word_1_438' title='bbox 709 3020 885 3075; x_wconf 87' lang='lat' dir='ltr'><strong>percussum.</strong></span> <span class='ocrx_word' id='word_1_439' title='bbox 994 2997 1115 3052; x_wconf 84' lang='lat' dir='ltr'><strong>transire</strong></span> <span class='ocrx_word' id='word_1_440' title='bbox 1126 2998 1161 3052; x_wconf 92' lang='lat' dir='ltr'><strong>ad</strong></span> <span class='ocrx_word' id='word_1_441' title='bbox 1176 2998 1358 3053; x_wconf 86' lang='lat' dir='ltr'><strong>securitatem</strong></span> <span class='ocrx_word' id='word_1_442' title='bbox 1373 2999 1502 3071; x_wconf 90' lang='lat' dir='ltr'><strong>cupiens,</strong></span> <span class='ocrx_word' id='word_1_443' title='bbox 1517 3001 1640 3057; x_wconf 84' lang='lat' dir='ltr'><strong>evadere</strong></span> <span class='ocrx_word' id='word_1_444' title='bbox 1658 3002 1777 3077; x_wconf 88' lang='lat' dir='ltr'><strong>flagella</strong></span> <span class='ocrx_word' id='word_1_445' title='bbox 1792 3023 1844 3062; x_wconf 91' lang='lat' dir='ltr'><strong>nou</strong></span> 
     </span>
    </p>

    <p class='ocr_par' dir='ltr' id='par_1_8' title="bbox 427 3085 1844 3257">
     <span class='ocr_line' id='line_1_33' title="bbox 993 3085 1844 3161; baseline 0.015 -22"><span class='ocrx_word' id='word_1_446' title='bbox 993 3085 1107 3157; x_wconf 91' lang='lat' dir='ltr'><strong>potuit:</strong></span> <span class='ocrx_word' id='word_1_447' title='bbox 1124 3091 1153 3140; x_wconf 91' lang='lat' dir='ltr'><strong>et</strong></span> <span class='ocrx_word' id='word_1_448' title='bbox 1174 3087 1255 3158; x_wconf 56' lang='lat' dir='ltr'><strong>(jasi</strong></span> <span class='ocrx_word' id='word_1_449' title='bbox 1268 3086 1300 3141; x_wconf 91' lang='lat' dir='ltr'><strong>in</strong></span> <span class='ocrx_word' id='word_1_450' title='bbox 1323 3087 1395 3142; x_wconf 90' lang='lat' dir='ltr'><strong>calls</strong></span> <span class='ocrx_word' id='word_1_451' title='bbox 1408 3088 1500 3143; x_wconf 88' lang='lat' dir='ltr'><strong>cordis</strong></span> <span class='ocrx_word' id='word_1_452' title='bbox 1513 3089 1690 3161; x_wconf 84' lang='lat' dir='ltr'><strong>ignorantiae</strong></span> <span class='ocrx_word' id='word_1_453' title='bbox 1714 3096 1844 3151; x_wconf 88' lang='lat' dir='ltr'><strong>tenebras</strong></span> 
     </span>
     <span class='ocr_line' id='line_1_34' title="bbox 427 3146 1843 3257; baseline 0.009 -29"><span class='ocrx_word' id='word_1_454' title='bbox 427 3146 539 3201; x_wconf 60' lang='lat' dir='ltr'>CAPUT</span> <span class='ocrx_word' id='word_1_455' title='bbox 552 3146 618 3201; x_wconf 68' lang='lat' dir='ltr'><strong>xlx·</strong></span> <span class='ocrx_word' id='word_1_456' title='bbox 993 3175 1113 3242; x_wconf 88' lang='lat' dir='ltr'><strong>invenit,</strong></span> <span class='ocrx_word' id='word_1_457' title='bbox 1128 3175 1179 3246; x_wconf 92' lang='lat' dir='ltr'><strong>qui</strong></span> <span class='ocrx_word' id='word_1_458' title='bbox 1197 3191 1248 3230; x_wconf 90' lang='lat' dir='ltr'><strong>cur</strong></span> <span class='ocrx_word' id='word_1_459' title='bbox 1270 3174 1310 3230; x_wconf 93' lang='lat' dir='ltr'><strong>ita</strong></span> <span class='ocrx_word' id='word_1_460' title='bbox 1322 3175 1525 3247; x_wconf 85' lang='lat' dir='ltr'><strong>flagellaretur,</strong></span> <span class='ocrx_word' id='word_1_461' title='bbox 1550 3184 1709 3249; x_wconf 88' lang='lat' dir='ltr'><strong>penetrare</strong></span> <span class='ocrx_word' id='word_1_462' title='bbox 1725 3200 1843 3257; x_wconf 79' lang='lat' dir='ltr'><strong>neapo</strong></span> 
     </span>
    </p>

    <p class='ocr_par' dir='ltr' id='par_1_9' title="bbox 127 3263 1062 3340">
     <span class='ocr_line' id='line_1_35' title="bbox 127 3263 1062 3340; baseline 0.003 -18"><span class='ocrx_word' id='word_1_463' title='bbox 127 3269 207 3322; x_wconf 84' lang='lat' dir='ltr'><strong>Vsus.</strong></span> <span class='ocrx_word' id='word_1_464' title='bbox 220 3271 246 3324; x_wconf 82' lang='lat'><strong>2.</strong></span> <span class='ocrx_word' id='word_1_465' title='bbox 264 3297 298 3307; x_wconf 96' lang='lat'><em>-</em></span> <span class='ocrx_word' id='word_1_466' title='bbox 316 3289 327 3317; x_wconf 79' lang='grc' dir='ltr'>ι</span> <span class='ocrx_word' id='word_1_467' title='bbox 343 3268 495 3340; x_wconf 90' lang='lat' dir='ltr'><strong>Usquequo</strong></span> <span class='ocrx_word' id='word_1_468' title='bbox 514 3269 643 3340; x_wconf 84' lang='lat' dir='ltr'><strong>affligitis</strong></span> <span class='ocrx_word' id='word_1_469' title='bbox 658 3275 712 3324; x_wconf 89' lang='lat' dir='ltr'><strong>etc.</strong></span> <span class='ocrx_word' id='word_1_470' title='bbox 733 3291 744 3317; x_wconf 71' lang='grc' dir='ltr'><strong>ι</strong></span> <span class='ocrx_word' id='word_1_471' title='bbox 764 3269 879 3340; x_wconf 81' lang='lat' dir='ltr'><strong>(Grau.)</strong></span> <span class='ocrx_word' id='word_1_472' title='bbox 894 3274 941 3326; x_wconf 88' lang='lat' dir='ltr'><strong>At·</strong></span> <span class='ocrx_word' id='word_1_473' title='bbox 995 3263 1062 3318; x_wconf 70' lang='lat' dir='ltr'><strong>tuil-</strong></span> 
     </span>
    </p>

    <p class='ocr_par' dir='ltr' id='par_1_10' title="bbox 92 3352 1843 3428">
     <span class='ocr_line' id='line_1_36' title="bbox 92 3352 1843 3428; baseline 0.003 -17"><span class='ocrx_word' id='word_1_474' title='bbox 92 3360 227 3411; x_wconf 87' lang='lat' dir='ltr'><strong>teruntur</strong></span> <span class='ocrx_word' id='word_1_475' title='bbox 238 3355 305 3409; x_wconf 93' lang='lat' dir='ltr'><strong>boui</strong></span> <span class='ocrx_word' id='word_1_476' title='bbox 319 3355 501 3410; x_wconf 88' lang='lat' dir='ltr'><strong>sermonibus</strong></span> <span class='ocrx_word' id='word_1_477' title='bbox 517 3357 697 3428; x_wconf 88' lang='lat' dir='ltr'><strong>iniquorum,</strong></span> <span class='ocrx_word' id='word_1_478' title='bbox 709 3358 826 3427; x_wconf 90' lang='lat' dir='ltr'><strong>qnando</strong></span> <span class='ocrx_word' id='word_1_479' title='bbox 841 3366 942 3415; x_wconf 89' lang='lat' dir='ltr'><strong>eontra</strong></span> <span class='ocrx_word' id='word_1_480' title='bbox 1030 3352 1110 3406; x_wconf 70' lang='lat' dir='ltr'><strong>Vns·</strong></span> <span class='ocrx_word' id='word_1_481' title='bbox 1132 3354 1158 3407; x_wconf 84' lang='lat'><strong>9·</strong></span> <span class='ocrx_word' id='word_1_482' title='bbox 1183 3373 1244 3402; x_wconf 75' lang='lat' dir='ltr'><strong>-n</strong></span> <span class='ocrx_word' id='word_1_483' title='bbox 1266 3352 1405 3424; x_wconf 79' lang='lat' dir='ltr'><strong>Spolievit</strong></span> <span class='ocrx_word' id='word_1_484' title='bbox 1423 3370 1469 3409; x_wconf 86' lang='lat' dir='ltr'><strong>me</strong></span> <span class='ocrx_word' id='word_1_485' title='bbox 1496 3355 1588 3428; x_wconf 90' lang='lat' dir='ltr'><strong>gloria</strong></span> <span class='ocrx_word' id='word_1_486' title='bbox 1612 3373 1689 3414; x_wconf 91' lang='lat' dir='ltr'><strong>mea.</strong></span> <span class='ocrx_word' id='word_1_487' title='bbox 1716 3383 1731 3411; x_wconf 76' lang='lat' dir='ltr'><strong>s</strong></span> <span class='ocrx_word' id='word_1_488' title='bbox 1762 3362 1843 3417; x_wconf 85' lang='lat' dir='ltr'><strong>Plane</strong></span> 
     </span>
    </p>
   </div>
   <div class='ocr_carea' id='block_1_3' title="bbox 59 3440 1844 3599">
    <p class='ocr_par' dir='ltr' id='par_1_11' title="bbox 59 3440 1844 3599">
     <span class='ocr_line' id='line_1_37' title="bbox 59 3440 1844 3516; baseline 0.004 -18"><span class='ocrx_word' id='word_1_489' title='bbox 59 3491 64 3498; x_wconf 93' lang='lat'>.</span> <span class='ocrx_word' id='word_1_490' title='bbox 92 3459 141 3498; x_wconf 88' lang='lat' dir='ltr'><strong>eos</strong></span> <span class='ocrx_word' id='word_1_491' title='bbox 156 3443 199 3498; x_wconf 90' lang='lat' dir='ltr'><strong>illi</strong></span> <span class='ocrx_word' id='word_1_492' title='bbox 214 3444 243 3498; x_wconf 93' lang='lat' dir='ltr'><strong>in</strong></span> <span class='ocrx_word' id='word_1_493' title='bbox 257 3442 351 3498; x_wconf 86' lang='lat' dir='ltr'><strong>verbis</strong></span> <span class='ocrx_word' id='word_1_494' title='bbox 367 3446 489 3508; x_wconf 90' lang='lat' dir='ltr'><strong>tument,</strong></span> <span class='ocrx_word' id='word_1_495' title='bbox 503 3445 554 3514; x_wconf 89' lang='lat' dir='ltr'><strong>qni</strong></span> <span class='ocrx_word' id='word_1_496' title='bbox 579 3450 629 3499; x_wconf 91' lang='lat' dir='ltr'><strong>ant</strong></span> <span class='ocrx_word' id='word_1_497' title='bbox 656 3444 685 3498; x_wconf 92' lang='lat' dir='ltr'><strong>in</strong></span> <span class='ocrx_word' id='word_1_498' title='bbox 715 3460 849 3514; x_wconf 84' lang='lat' dir='ltr'><strong>perversa</strong></span> <span class='ocrx_word' id='word_1_499' title='bbox 872 3448 939 3516; x_wconf 89' lang='lat' dir='ltr'><strong>fide,</strong></span> <span class='ocrx_word' id='word_1_500' title='bbox 994 3440 1055 3495; x_wconf 69' lang='lat' dir='ltr'><strong>haess</strong></span> <span class='ocrx_word' id='word_1_501' title='bbox 1073 3440 1126 3495; x_wconf 85' lang='lat' dir='ltr'><strong>Job</strong></span> <span class='ocrx_word' id='word_1_502' title='bbox 1139 3440 1323 3512; x_wconf 74' lang='lat' dir='ltr'><strong>conveniunt,</strong></span> <span class='ocrx_word' id='word_1_503' title='bbox 1333 3446 1398 3510; x_wconf 74' lang='lat' dir='ltr'><strong>ete..</strong></span> <span class='ocrx_word' id='word_1_504' title='bbox 1419 3457 1504 3512; x_wconf 80' lang='lat' dir='ltr'><strong>utque</strong></span> <span class='ocrx_word' id='word_1_505' title='bbox 1521 3444 1678 3516; x_wconf 78' lang='lat' dir='ltr'><strong>adquibus</strong></span> <span class='ocrx_word' id='word_1_506' title='bbox 1697 3450 1844 3506; x_wconf 87' lang='lat' dir='ltr'><strong>ruentibus</strong></span> 
     </span>
     <span class='ocr_line' id='line_1_38' title="bbox 92 3526 1332 3599; baseline 0.002 -16"><span class='ocrx_word' id='word_1_507' title='bbox 92 3534 143 3583; x_wconf 87' lang='lat' dir='ltr'><strong>aut</strong></span> <span class='ocrx_word' id='word_1_508' title='bbox 158 3528 187 3581; x_wconf 92' lang='lat' dir='ltr'><strong>in</strong></span> <span class='ocrx_word' id='word_1_509' title='bbox 202 3526 297 3599; x_wconf 87' lang='lat' dir='ltr'><strong>pravis</strong></span> <span class='ocrx_word' id='word_1_510' title='bbox 311 3527 554 3597; x_wconf 82' lang='lat' dir='ltr'><strong>moribusjaceut.</strong></span> <span class='ocrx_word' id='word_1_511' title='bbox 994 3529 1083 3584; x_wconf 88' lang='lat' dir='ltr'><strong>latius</strong></span> <span class='ocrx_word' id='word_1_512' title='bbox 1096 3529 1171 3585; x_wconf 92' lang='lat' dir='ltr'><strong>cadit</strong></span> <span class='ocrx_word' id='word_1_513' title='bbox 1181 3529 1332 3586; x_wconf 87' lang='lat' dir='ltr'><strong>exercitus.</strong></span> 
     </span>
    </p>
   </div>
   <div class='ocr_carea' id='block_1_4' title="bbox 90 3616 1844 4132">
    <p class='ocr_par' dir='ltr' id='par_1_12' title="bbox 90 3616 1844 4132">
     <span class='ocr_line' id='line_1_39' title="bbox 128 3616 1843 3697; baseline 0.009 -29"><span class='ocrx_word' id='word_1_514' title='bbox 128 3617 210 3672; x_wconf 85' lang='lat' dir='ltr'><strong>Vana.</strong></span> <span class='ocrx_word' id='word_1_515' title='bbox 230 3619 255 3672; x_wconf 83' lang='lat'><strong>3.</strong></span> <span class='ocrx_word' id='word_1_516' title='bbox 276 3646 310 3655; x_wconf 95' lang='lat'>-</span> <span class='ocrx_word' id='word_1_517' title='bbox 334 3637 345 3665; x_wconf 76' lang='grc' dir='ltr'>ι</span> <span class='ocrx_word' id='word_1_518' title='bbox 368 3617 408 3670; x_wconf 82' lang='lat' dir='ltr'><strong>tin</strong></span> <span class='ocrx_word' id='word_1_519' title='bbox 428 3617 522 3671; x_wconf 90' lang='lat' dir='ltr'><strong>decies</strong></span> <span class='ocrx_word' id='word_1_520' title='bbox 544 3616 720 3672; x_wconf 80' lang='lat' dir='ltr'><strong>confunditis</strong></span> <span class='ocrx_word' id='word_1_521' title='bbox 744 3634 798 3673; x_wconf 88' lang='lat' dir='ltr'><strong>me.</strong></span> <span class='ocrx_word' id='word_1_522' title='bbox 819 3640 829 3667; x_wconf 77' lang='grc' dir='ltr'><strong>ι</strong></span> <span class='ocrx_word' id='word_1_523' title='bbox 848 3619 940 3692; x_wconf 82' lang='lat' dir='ltr'><strong>(ibid.)</strong></span> <span class='ocrx_word' id='word_1_524' title='bbox 1030 3619 1110 3672; x_wconf 80' lang='lat' dir='ltr'><strong>Vens.</strong></span> <span class='ocrx_word' id='word_1_525' title='bbox 1134 3620 1226 3673; x_wconf 79' lang='lat' dir='ltr'><strong>fu·</strong></span> <span class='ocrx_word' id='word_1_526' title='bbox 1243 3619 1417 3676; x_wconf 74' lang='lat' dir='ltr'><strong>«destruxit</strong></span> <span class='ocrx_word' id='word_1_527' title='bbox 1448 3636 1494 3675; x_wconf 92' lang='lat' dir='ltr'><strong>ma</strong></span> <span class='ocrx_word' id='word_1_528' title='bbox 1523 3621 1691 3694; x_wconf 89' lang='lat' dir='ltr'><strong>undiqueet</strong></span> <span class='ocrx_word' id='word_1_529' title='bbox 1709 3632 1843 3697; x_wconf 67' lang='lat' dir='ltr'><strong>peremat</strong></span> 
     </span>
     <span class='ocr_line' id='line_1_40' title="bbox 92 3704 1844 3788; baseline 0.007 -29"><span class='ocrx_word' id='word_1_530' title='bbox 92 3705 165 3771; x_wconf 81' lang='lat' dir='ltr'><strong>Quia</strong></span> <span class='ocrx_word' id='word_1_531' title='bbox 189 3705 225 3761; x_wconf 92' lang='lat' dir='ltr'><strong>ab</strong></span> <span class='ocrx_word' id='word_1_532' title='bbox 253 3705 293 3759; x_wconf 89' lang='lat' dir='ltr'><strong>eis</strong></span> <span class='ocrx_word' id='word_1_533' title='bbox 322 3704 477 3777; x_wconf 86' lang='lat' dir='ltr'><strong>quinquies</strong></span> <span class='ocrx_word' id='word_1_534' title='bbox 504 3706 715 3778; x_wconf 89' lang='lat' dir='ltr'><strong>increpationes</strong></span> <span class='ocrx_word' id='word_1_535' title='bbox 744 3707 884 3775; x_wconf 88' lang='lat' dir='ltr'><strong>andierat,</strong></span> <span class='ocrx_word' id='word_1_536' title='bbox 913 3714 942 3766; x_wconf 92' lang='lat' dir='ltr'><strong>et</strong></span> <span class='ocrx_word' id='word_1_537' title='bbox 994 3706 1076 3777; x_wconf 83' lang='lat' dir='ltr'><strong>quasi</strong></span> <span class='ocrx_word' id='word_1_538' title='bbox 1101 3708 1204 3762; x_wconf 86' lang='lat' dir='ltr'><strong>erulsae</strong></span> <span class='ocrx_word' id='word_1_539' title='bbox 1234 3707 1341 3775; x_wconf 89' lang='lat' dir='ltr'><strong>arbori,</strong></span> <span class='ocrx_word' id='word_1_540' title='bbox 1356 3729 1370 3757; x_wconf 87' lang='lat'>»</span> <span class='ocrx_word' id='word_1_541' title='bbox 1385 3714 1437 3764; x_wconf 90' lang='lat' dir='ltr'><strong>etc.</strong></span> <span class='ocrx_word' id='word_1_542' title='bbox 1465 3708 1560 3766; x_wconf 89' lang='lat' dir='ltr'><strong>Arbor</strong></span> <span class='ocrx_word' id='word_1_543' title='bbox 1578 3716 1664 3766; x_wconf 79' lang='lat' dir='ltr'><strong>rento</strong></span> <span class='ocrx_word' id='word_1_544' title='bbox 1687 3713 1844 3788; x_wconf 81' lang='lat' dir='ltr'><strong>impellitur</strong></span> 
     </span>
     <span class='ocr_line' id='line_1_41' title="bbox 91 3793 1837 3870; baseline 0.007 -22"><span class='ocrx_word' id='word_1_545' title='bbox 91 3794 246 3867; x_wconf 91' lang='lat' dir='ltr'><strong>quinquies</strong></span> <span class='ocrx_word' id='word_1_546' title='bbox 261 3793 419 3865; x_wconf 90' lang='lat' dir='ltr'><strong>respondit,</strong></span> <span class='ocrx_word' id='word_1_547' title='bbox 432 3794 525 3849; x_wconf 88' lang='lat' dir='ltr'><strong>decies</strong></span> <span class='ocrx_word' id='word_1_548' title='bbox 545 3810 575 3849; x_wconf 92' lang='lat' dir='ltr'><strong>se</strong></span> <span class='ocrx_word' id='word_1_549' title='bbox 601 3794 732 3866; x_wconf 87' lang='lat' dir='ltr'><strong>perhibet</strong></span> <span class='ocrx_word' id='word_1_550' title='bbox 756 3813 817 3850; x_wconf 89' lang='lat' dir='ltr'><strong>essa</strong></span> <span class='ocrx_word' id='word_1_551' title='bbox 843 3799 941 3854; x_wconf 91' lang='lat' dir='ltr'><strong>confn-</strong></span> <span class='ocrx_word' id='word_1_552' title='bbox 994 3799 1026 3849; x_wconf 88' lang='lat' dir='ltr'><strong>ut</strong></span> <span class='ocrx_word' id='word_1_553' title='bbox 1044 3793 1196 3851; x_wconf 78' lang='lat' dir='ltr'><strong>cadat2sic</strong></span> <span class='ocrx_word' id='word_1_554' title='bbox 1221 3795 1354 3851; x_wconf 89' lang='lat' dir='ltr'><strong>infirmus</strong></span> <span class='ocrx_word' id='word_1_555' title='bbox 1384 3796 1470 3852; x_wconf 90' lang='lat' dir='ltr'><strong>minis</strong></span> <span class='ocrx_word' id='word_1_556' title='bbox 1485 3797 1521 3854; x_wconf 88' lang='lat' dir='ltr'><strong>ad</strong></span> <span class='ocrx_word' id='word_1_557' title='bbox 1549 3798 1726 3870; x_wconf 81' lang='lat' dir='ltr'><strong>injustitiam</strong></span> <span class='ocrx_word' id='word_1_558' title='bbox 1751 3805 1837 3860; x_wconf 87' lang='lat' dir='ltr'><strong>trahi-</strong></span> 
     </span>
     <span class='ocr_line' id='line_1_42' title="bbox 91 3873 1842 3965; baseline 0.012 -37"><span class='ocrx_word' id='word_1_559' title='bbox 91 3890 166 3929; x_wconf 90' lang='lat' dir='ltr'><strong>som.</strong></span> <span class='ocrx_word' id='word_1_560' title='bbox 187 3874 258 3939; x_wconf 80' lang='lat' dir='ltr'><strong>Quia</strong></span> <span class='ocrx_word' id='word_1_561' title='bbox 272 3873 304 3929; x_wconf 92' lang='lat' dir='ltr'><strong>in</strong></span> <span class='ocrx_word' id='word_1_562' title='bbox 318 3890 352 3929; x_wconf 90' lang='lat' dir='ltr'><strong>eo</strong></span> <span class='ocrx_word' id='word_1_563' title='bbox 365 3874 444 3945; x_wconf 91' lang='lat' dir='ltr'><strong>quod</strong></span> <span class='ocrx_word' id='word_1_564' title='bbox 457 3874 583 3946; x_wconf 85' lang='lat' dir='ltr'><strong>graviter</strong></span> <span class='ocrx_word' id='word_1_565' title='bbox 598 3875 762 3946; x_wconf 88' lang='lat' dir='ltr'><strong>increpatus</strong></span> <span class='ocrx_word' id='word_1_566' title='bbox 778 3880 830 3944; x_wconf 89' lang='lat' dir='ltr'><strong>cst,</strong></span> <span class='ocrx_word' id='word_1_567' title='bbox 859 3882 888 3932; x_wconf 92' lang='lat' dir='ltr'><strong>et</strong></span> <span class='ocrx_word' id='word_1_568' title='bbox 910 3879 940 3933; x_wconf 91' lang='lat' dir='ltr'><strong>in</strong></span> <span class='ocrx_word' id='word_1_569' title='bbox 993 3888 1051 3950; x_wconf 92' lang='lat' dir='ltr'><strong>tor,</strong></span> <span class='ocrx_word' id='word_1_570' title='bbox 1069 3888 1098 3938; x_wconf 93' lang='lat' dir='ltr'><strong>et</strong></span> <span class='ocrx_word' id='word_1_571' title='bbox 1122 3888 1229 3939; x_wconf 79' lang='lat' dir='ltr'><strong>eterna</strong></span> <span class='ocrx_word' id='word_1_572' title='bbox 1241 3901 1306 3957; x_wconf 77' lang='lat' dir='ltr'><strong>qna&gt;</strong></span> <span class='ocrx_word' id='word_1_573' title='bbox 1334 3886 1467 3957; x_wconf 90' lang='lat' dir='ltr'><strong>sperabat</strong></span> <span class='ocrx_word' id='word_1_574' title='bbox 1493 3887 1637 3961; x_wconf 88' lang='lat' dir='ltr'><strong>relinquit</strong></span> <span class='ocrx_word' id='word_1_575' title='bbox 1647 3907 1654 3959; x_wconf 90' lang='grc'>;</span> <span class='ocrx_word' id='word_1_576' title='bbox 1665 3895 1696 3947; x_wconf 92' lang='lat' dir='ltr'><strong>et</strong></span> <span class='ocrx_word' id='word_1_577' title='bbox 1710 3892 1781 3965; x_wconf 93' lang='lat' dir='ltr'><strong>quia</strong></span> <span class='ocrx_word' id='word_1_578' title='bbox 1796 3893 1842 3949; x_wconf 89' lang='lat' dir='ltr'><strong>ali·</strong></span> 
     </span>
     <span class='ocr_line' id='line_1_43' title="bbox 90 3963 1842 4056; baseline 0.013 -40"><span class='ocrx_word' id='word_1_579' title='bbox 90 3978 124 4017; x_wconf 93' lang='lat' dir='ltr'><strong>eo</strong></span> <span class='ocrx_word' id='word_1_580' title='bbox 140 3964 216 4035; x_wconf 90' lang='lat' dir='ltr'><strong>qood</strong></span> <span class='ocrx_word' id='word_1_581' title='bbox 231 3963 317 4019; x_wconf 82' lang='lat' dir='ltr'><strong>rerba</strong></span> <span class='ocrx_word' id='word_1_582' title='bbox 336 3963 475 4019; x_wconf 76' lang='lat' dir='ltr'><strong>doctrinae</strong></span> <span class='ocrx_word' id='word_1_583' title='bbox 489 3979 546 4019; x_wconf 88' lang='lat' dir='ltr'><strong>ocu</strong></span> <span class='ocrx_word' id='word_1_584' title='bbox 562 3964 745 4020; x_wconf 85' lang='lat' dir='ltr'><strong>audientibus</strong></span> <span class='ocrx_word' id='word_1_585' title='bbox 770 3966 848 4034; x_wconf 89' lang='lat' dir='ltr'><strong>dicit,</strong></span> <span class='ocrx_word' id='word_1_586' title='bbox 872 3983 939 4022; x_wconf 91' lang='lat' dir='ltr'><strong>oon·</strong></span> <span class='ocrx_word' id='word_1_587' title='bbox 994 3972 1109 4042; x_wconf 92' lang='lat' dir='ltr'><strong>quando</strong></span> <span class='ocrx_word' id='word_1_588' title='bbox 1144 3973 1194 4045; x_wconf 88' lang='lat' dir='ltr'><strong>qui</strong></span> <span class='ocrx_word' id='word_1_589' title='bbox 1234 3974 1327 4044; x_wconf 87' lang='lat' dir='ltr'><strong>poenis</strong></span> <span class='ocrx_word' id='word_1_590' title='bbox 1362 3976 1479 4033; x_wconf 91' lang='lat' dir='ltr'><strong>territus</strong></span> <span class='ocrx_word' id='word_1_591' title='bbox 1515 3978 1657 4049; x_wconf 86' lang='lat' dir='ltr'><strong>justitiam</strong></span> <span class='ocrx_word' id='word_1_592' title='bbox 1697 3982 1842 4056; x_wconf 87' lang='lat' dir='ltr'><strong>relinquit,</strong></span> 
     </span>
     <span class='ocr_line' id='line_1_44' title="bbox 90 4050 1399 4132; baseline 0.007 -28"><span class='ocrx_word' id='word_1_593' title='bbox 90 4050 233 4106; x_wconf 89' lang='lat' dir='ltr'><strong>fusionem</strong></span> <span class='ocrx_word' id='word_1_594' title='bbox 254 4051 382 4122; x_wconf 88' lang='lat' dir='ltr'><strong>pertulit,</strong></span> <span class='ocrx_word' id='word_1_595' title='bbox 409 4053 439 4106; x_wconf 93' lang='lat' dir='ltr'><strong>in</strong></span> <span class='ocrx_word' id='word_1_596' title='bbox 458 4053 516 4106; x_wconf 87' lang='lat' dir='ltr'><strong>suis</strong></span> <span class='ocrx_word' id='word_1_597' title='bbox 537 4052 792 4124; x_wconf 78' lang='lat' dir='ltr'><strong>increpationibus,</strong></span> <span class='ocrx_word' id='word_1_598' title='bbox 818 4055 887 4125; x_wconf 87' lang='lat' dir='ltr'><strong>quia</strong></span> <span class='ocrx_word' id='word_1_599' title='bbox 909 4056 940 4110; x_wconf 92' lang='lat' dir='ltr'><strong>iu</strong></span> <span class='ocrx_word' id='word_1_600' title='bbox 993 4076 1093 4132; x_wconf 84' lang='lat' dir='ltr'><strong>poenas</strong></span> <span class='ocrx_word' id='word_1_601' title='bbox 1108 4065 1204 4117; x_wconf 82' lang='lat' dir='ltr'><strong>tamen</strong></span> <span class='ocrx_word' id='word_1_602' title='bbox 1223 4063 1399 4121; x_wconf 77' lang='lat' dir='ltr'><strong>nonevanit,</strong></span> 
     </span>
    </p>
   </div>
   <div class='ocr_carea' id='block_1_5' title="bbox 90 4139 1844 4588">
    <p class='ocr_par' dir='ltr' id='par_1_13' title="bbox 90 4139 1844 4313">
     <span class='ocr_line' id='line_1_45' title="bbox 90 4139 1844 4250; baseline 0.013 -55"><span class='ocrx_word' id='word_1_603' title='bbox 90 4139 132 4195; x_wconf 90' lang='lat' dir='ltr'><strong>ais</strong></span> <span class='ocrx_word' id='word_1_604' title='bbox 156 4156 214 4194; x_wconf 92' lang='lat' dir='ltr'><strong>nou</strong></span> <span class='ocrx_word' id='word_1_605' title='bbox 242 4140 372 4210; x_wconf 88' lang='lat' dir='ltr'><strong>proticit;</strong></span> <span class='ocrx_word' id='word_1_606' title='bbox 412 4141 442 4195; x_wconf 92' lang='lat' dir='ltr'><strong>in</strong></span> <span class='ocrx_word' id='word_1_607' title='bbox 471 4157 571 4196; x_wconf 89' lang='lat' dir='ltr'><strong>eorum</strong></span> <span class='ocrx_word' id='word_1_608' title='bbox 594 4142 849 4213; x_wconf 88' lang='lat' dir='ltr'><strong>increpationibus,</strong></span> <span class='ocrx_word' id='word_1_609' title='bbox 870 4145 980 4250; x_wconf 88' lang='lat' dir='ltr'><strong>qniaD</strong></span> <span class='ocrx_word' id='word_1_610' title='bbox 1031 4150 1112 4205; x_wconf 81' lang='lat' dir='ltr'><strong>vass.</strong></span> <span class='ocrx_word' id='word_1_611' title='bbox 1134 4153 1225 4206; x_wconf 86' lang='lat' dir='ltr'><strong>lt.-</strong></span> <span class='ocrx_word' id='word_1_612' title='bbox 1241 4173 1252 4201; x_wconf 77' lang='grc' dir='ltr'>ι</span> <span class='ocrx_word' id='word_1_613' title='bbox 1269 4153 1362 4208; x_wconf 88' lang='lat' dir='ltr'><strong>Iratus</strong></span> <span class='ocrx_word' id='word_1_614' title='bbox 1377 4158 1419 4209; x_wconf 88' lang='lat' dir='ltr'><strong>est</strong></span> <span class='ocrx_word' id='word_1_615' title='bbox 1431 4158 1531 4210; x_wconf 91' lang='lat' dir='ltr'><strong>contra</strong></span> <span class='ocrx_word' id='word_1_616' title='bbox 1544 4171 1602 4211; x_wconf 87' lang='lat' dir='ltr'><strong>me.</strong></span> <span class='ocrx_word' id='word_1_617' title='bbox 1621 4157 1704 4224; x_wconf 82' lang='lat' dir='ltr'><strong>»Qui</strong></span> <span class='ocrx_word' id='word_1_618' title='bbox 1717 4160 1844 4218; x_wconf 83' lang='lat' dir='ltr'><strong>enimin</strong></span> 
     </span>
     <span class='ocr_line' id='line_1_46' title="bbox 91 4228 1843 4313; baseline 0.014 -32"><span class='ocrx_word' id='word_1_619' title='bbox 91 4228 170 4283; x_wconf 88' lang='lat' dir='ltr'><strong>dolet</strong></span> <span class='ocrx_word' id='word_1_620' title='bbox 185 4228 220 4283; x_wconf 89' lang='lat' dir='ltr'><strong>de</strong></span> <span class='ocrx_word' id='word_1_621' title='bbox 234 4228 375 4299; x_wconf 86' lang='lat' dir='ltr'><strong>pravitate</strong></span> <span class='ocrx_word' id='word_1_622' title='bbox 392 4244 480 4299; x_wconf 91' lang='lat' dir='ltr'><strong>qnam</strong></span> <span class='ocrx_word' id='word_1_623' title='bbox 494 4229 582 4283; x_wconf 87' lang='lat' dir='ltr'><strong>audit.</strong></span> <span class='ocrx_word' id='word_1_624' title='bbox 994 4238 1166 4309; x_wconf 89' lang='lat' dir='ltr'><strong>perentitur,</strong></span> <span class='ocrx_word' id='word_1_625' title='bbox 1181 4243 1213 4294; x_wconf 93' lang='lat' dir='ltr'><strong>ut</strong></span> <span class='ocrx_word' id='word_1_626' title='bbox 1226 4240 1301 4295; x_wconf 80' lang='lat' dir='ltr'><strong>vires</strong></span> <span class='ocrx_word' id='word_1_627' title='bbox 1316 4242 1379 4312; x_wconf 87' lang='lat' dir='ltr'><strong>ejus</strong></span> <span class='ocrx_word' id='word_1_628' title='bbox 1404 4247 1586 4313; x_wconf 85' lang='lat' dir='ltr'><strong>superentur,</strong></span> <span class='ocrx_word' id='word_1_629' title='bbox 1602 4260 1662 4301; x_wconf 91' lang='lat' dir='ltr'><strong>nun</strong></span> <span class='ocrx_word' id='word_1_630' title='bbox 1680 4247 1759 4304; x_wconf 89' lang='lat' dir='ltr'><strong>hune</strong></span> <span class='ocrx_word' id='word_1_631' title='bbox 1773 4250 1843 4306; x_wconf 86' lang='lat' dir='ltr'><strong>Dens</strong></span> 
     </span>
    </p>

    <p class='ocr_par' dir='ltr' id='par_1_14' title="bbox 90 4316 1843 4588">
     <span class='ocr_line' id='line_1_47' title="bbox 128 4316 1843 4412; baseline 0.017 -46"><span class='ocrx_word' id='word_1_632' title='bbox 128 4318 199 4372; x_wconf 80' lang='lat' dir='ltr'><strong>«En</strong></span> <span class='ocrx_word' id='word_1_633' title='bbox 228 4316 481 4388; x_wconf 78' lang='lat' dir='ltr'><strong>decies.›(1bid.)</strong></span> <span class='ocrx_word' id='word_1_634' title='bbox 508 4317 630 4372; x_wconf 82' lang='lat' dir='ltr'><strong>Ecclesia</strong></span> <span class='ocrx_word' id='word_1_635' title='bbox 654 4318 823 4390; x_wconf 81' lang='lat' dir='ltr'><strong>decalogum</strong></span> <span class='ocrx_word' id='word_1_636' title='bbox 838 4325 940 4388; x_wconf 84' lang='lat' dir='ltr'><strong>servat,</strong></span> <span class='ocrx_word' id='word_1_637' title='bbox 994 4331 1028 4380; x_wconf 92' lang='lat' dir='ltr'><strong>ut</strong></span> <span class='ocrx_word' id='word_1_638' title='bbox 1052 4325 1144 4382; x_wconf 89' lang='lat' dir='ltr'><strong>filium</strong></span> <span class='ocrx_word' id='word_1_639' title='bbox 1168 4344 1219 4400; x_wconf 89' lang='lat' dir='ltr'><strong>per</strong></span> <span class='ocrx_word' id='word_1_640' title='bbox 1248 4329 1440 4402; x_wconf 88' lang='lat' dir='ltr'><strong>disciplinam,</strong></span> <span class='ocrx_word' id='word_1_641' title='bbox 1469 4332 1518 4387; x_wconf 92' lang='lat' dir='ltr'><strong>sed</strong></span> <span class='ocrx_word' id='word_1_642' title='bbox 1532 4337 1565 4388; x_wconf 91' lang='lat' dir='ltr'><strong>ut</strong></span> <span class='ocrx_word' id='word_1_643' title='bbox 1578 4332 1694 4391; x_wconf 90' lang='lat' dir='ltr'><strong>bostem</strong></span> <span class='ocrx_word' id='word_1_644' title='bbox 1717 4337 1785 4394; x_wconf 87' lang='lat' dir='ltr'><strong>ferit</strong></span> <span class='ocrx_word' id='word_1_645' title='bbox 1796 4356 1843 4412; x_wconf 89' lang='lat' dir='ltr'><strong>per</strong></span> 
     </span>
     <span class='ocr_line' id='line_1_48' title="bbox 90 4404 1842 4498; baseline 0.014 -39"><span class='ocrx_word' id='word_1_646' title='bbox 90 4404 138 4459; x_wconf 90' lang='lat' dir='ltr'><strong>cni</strong></span> <span class='ocrx_word' id='word_1_647' title='bbox 164 4405 258 4477; x_wconf 89' lang='lat' dir='ltr'><strong>iniqui</strong></span> <span class='ocrx_word' id='word_1_648' title='bbox 287 4406 372 4460; x_wconf 74' lang='lat' dir='ltr'><strong>toties</strong></span> <span class='ocrx_word' id='word_1_649' title='bbox 398 4405 597 4461; x_wconf 88' lang='lat' dir='ltr'><strong>confusionem</strong></span> <span class='ocrx_word' id='word_1_650' title='bbox 626 4406 744 4475; x_wconf 88' lang='lat' dir='ltr'><strong>faciunt,</strong></span> <span class='ocrx_word' id='word_1_651' title='bbox 769 4409 882 4480; x_wconf 89' lang='lat' dir='ltr'><strong>quoties</strong></span> <span class='ocrx_word' id='word_1_652' title='bbox 910 4410 940 4464; x_wconf 91' lang='lat' dir='ltr'><strong>in</strong></span> <span class='ocrx_word' id='word_1_653' title='bbox 994 4415 1086 4471; x_wconf 88' lang='lat' dir='ltr'><strong>iram:</strong></span> <span class='ocrx_word' id='word_1_654' title='bbox 1103 4417 1178 4471; x_wconf 90' lang='lat' dir='ltr'><strong>uude</strong></span> <span class='ocrx_word' id='word_1_655' title='bbox 1193 4419 1386 4490; x_wconf 89' lang='lat' dir='ltr'><strong>etpropheta:</strong></span> <span class='ocrx_word' id='word_1_656' title='bbox 1405 4441 1416 4469; x_wconf 87' lang='lat'>‹</span> <span class='ocrx_word' id='word_1_657' title='bbox 1435 4419 1523 4491; x_wconf 89' lang='lat' dir='ltr'><strong>Plaga</strong></span> <span class='ocrx_word' id='word_1_658' title='bbox 1537 4421 1648 4478; x_wconf 89' lang='lat' dir='ltr'><strong>inimici</strong></span> <span class='ocrx_word' id='word_1_659' title='bbox 1660 4427 1793 4496; x_wconf 85' lang='lat' dir='ltr'><strong>percussi</strong></span> <span class='ocrx_word' id='word_1_660' title='bbox 1805 4434 1842 4498; x_wconf 83' lang='lat' dir='ltr'><strong>te,</strong></span> 
     </span>
     <span class='ocr_line' id='line_1_49' title="bbox 92 4493 1843 4588; baseline 0.014 -41"><span class='ocrx_word' id='word_1_661' title='bbox 92 4494 151 4548; x_wconf 90' lang='lat' dir='ltr'><strong>suis</strong></span> <span class='ocrx_word' id='word_1_662' title='bbox 167 4494 276 4549; x_wconf 86' lang='lat' dir='ltr'><strong>actibus</strong></span> <span class='ocrx_word' id='word_1_663' title='bbox 290 4493 393 4548; x_wconf 84' lang='lat' dir='ltr'><strong>divinis</strong></span> <span class='ocrx_word' id='word_1_664' title='bbox 407 4493 523 4548; x_wconf 85' lang='lat' dir='ltr'><strong>vocibus</strong></span> <span class='ocrx_word' id='word_1_665' title='bbox 538 4495 691 4549; x_wconf 85' lang='lat' dir='ltr'><strong>obsistunt.</strong></span> <span class='ocrx_word' id='word_1_666' title='bbox 994 4504 1180 4575; x_wconf 76' lang='lat' dir='ltr'><strong>castigatione</strong></span> <span class='ocrx_word' id='word_1_667' title='bbox 1208 4506 1318 4561; x_wconf 90' lang='lat' dir='ltr'><strong>crudeli</strong></span> <span class='ocrx_word' id='word_1_668' title='bbox 1342 4507 1449 4579; x_wconf 68' lang='lat' dir='ltr'><strong>(luem.</strong></span> <span class='ocrx_word' id='word_1_669' title='bbox 1486 4509 1591 4580; x_wconf 71' lang='lat' dir='ltr'><strong>nr).-</strong></span> <span class='ocrx_word' id='word_1_670' title='bbox 1614 4511 1650 4567; x_wconf 86' lang='lat' dir='ltr'><strong>Et</strong></span> <span class='ocrx_word' id='word_1_671' title='bbox 1676 4514 1746 4586; x_wconf 89' lang='lat' dir='ltr'><strong>quia</strong></span> <span class='ocrx_word' id='word_1_672' title='bbox 1773 4531 1843 4588; x_wconf 79' lang='lat' dir='ltr'><strong>saepe</strong></span> 
     </span>
    </p>
   </div>
   <div class='ocr_carea' id='block_1_6' title="bbox 90 4582 1842 4755">
    <p class='ocr_par' dir='ltr' id='par_1_15' title="bbox 90 4582 1842 4755">
     <span class='ocr_line' id='line_1_50' title="bbox 129 4582 1842 4671; baseline 0.016 -39"><span class='ocrx_word' id='word_1_673' title='bbox 129 4606 139 4632; x_wconf 67' lang='lat' dir='ltr'><strong>a</strong></span> <span class='ocrx_word' id='word_1_674' title='bbox 160 4583 192 4638; x_wconf 86' lang='lat' dir='ltr'><strong>Et</strong></span> <span class='ocrx_word' id='word_1_675' title='bbox 206 4599 264 4638; x_wconf 93' lang='lat' dir='ltr'><strong>non</strong></span> <span class='ocrx_word' id='word_1_676' title='bbox 279 4582 445 4637; x_wconf 88' lang='lat' dir='ltr'><strong>erubescitis</strong></span> <span class='ocrx_word' id='word_1_677' title='bbox 459 4582 656 4653; x_wconf 91' lang='lat' dir='ltr'><strong>opprimentes</strong></span> <span class='ocrx_word' id='word_1_678' title='bbox 670 4599 726 4638; x_wconf 90' lang='lat' dir='ltr'><strong>me.</strong></span> <span class='ocrx_word' id='word_1_679' title='bbox 745 4605 757 4632; x_wconf 74' lang='grc' dir='ltr'><strong><em>ι</em></strong></span> <span class='ocrx_word' id='word_1_680' title='bbox 774 4584 845 4640; x_wconf 91' lang='lat' dir='ltr'><strong>Sunt</strong></span> <span class='ocrx_word' id='word_1_681' title='bbox 869 4603 941 4641; x_wconf 91' lang='lat' dir='ltr'><strong>non·</strong></span> <span class='ocrx_word' id='word_1_682' title='bbox 994 4593 1113 4664; x_wconf 87' lang='lat' dir='ltr'><strong>maligni</strong></span> <span class='ocrx_word' id='word_1_683' title='bbox 1136 4594 1252 4666; x_wconf 90' lang='lat' dir='ltr'><strong>spiritns</strong></span> <span class='ocrx_word' id='word_1_684' title='bbox 1275 4596 1408 4652; x_wconf 90' lang='lat' dir='ltr'><strong>cordibus</strong></span> <span class='ocrx_word' id='word_1_685' title='bbox 1422 4596 1596 4656; x_wconf 80' lang='lat' dir='ltr'><strong>afflictorum</strong></span> <span class='ocrx_word' id='word_1_686' title='bbox 1606 4600 1701 4659; x_wconf 90' lang='lat' dir='ltr'><strong>multa</strong></span> <span class='ocrx_word' id='word_1_687' title='bbox 1715 4605 1842 4671; x_wconf 88' lang='lat' dir='ltr'><strong>suadent,</strong></span> 
     </span>
     <span class='ocr_line' id='line_1_51' title="bbox 90 4671 1558 4755; baseline 0.011 -28"><span class='ocrx_word' id='word_1_688' title='bbox 90 4672 162 4727; x_wconf 86' lang='lat' dir='ltr'><strong>nulli</strong></span> <span class='ocrx_word' id='word_1_689' title='bbox 179 4688 251 4744; x_wconf 94' lang='lat' dir='ltr'><strong>quos</strong></span> <span class='ocrx_word' id='word_1_690' title='bbox 273 4671 309 4726; x_wconf 92' lang='lat' dir='ltr'><strong>ad</strong></span> <span class='ocrx_word' id='word_1_691' title='bbox 338 4671 561 4743; x_wconf 88' lang='lat' dir='ltr'><strong>perpetrandam</strong></span> <span class='ocrx_word' id='word_1_692' title='bbox 585 4673 746 4744; x_wconf 88' lang='lat' dir='ltr'><strong>nequitiam</strong></span> <span class='ocrx_word' id='word_1_693' title='bbox 771 4674 871 4730; x_wconf 89' lang='lat' dir='ltr'><strong>oborta</strong></span> <span class='ocrx_word' id='word_1_694' title='bbox 891 4692 939 4731; x_wconf 84' lang='lat' dir='ltr'><strong>su·</strong></span> <span class='ocrx_word' id='word_1_695' title='bbox 994 4681 1435 4755; x_wconf 87' lang='lat' dir='ltr'><strong>etsiquidboniestiurantur,</strong></span> <span class='ocrx_word' id='word_1_696' title='bbox 1452 4686 1558 4744; x_wconf 88' lang='lat' dir='ltr'><strong>addit:</strong></span> 
     </span>
    </p>
   </div>
   <div class='ocr_carea' id='block_1_7' title="bbox 89 4759 1844 5294">
    <p class='ocr_par' dir='ltr' id='par_1_16' title="bbox 89 4759 1844 4934">
     <span class='ocr_line' id='line_1_52' title="bbox 89 4759 1844 4838; baseline 0.013 -23"><span class='ocrx_word' id='word_1_697' title='bbox 89 4760 148 4815; x_wconf 89' lang='lat' dir='ltr'><strong>bito</strong></span> <span class='ocrx_word' id='word_1_698' title='bbox 165 4760 275 4816; x_wconf 89' lang='lat' dir='ltr'><strong>malitia</strong></span> <span class='ocrx_word' id='word_1_699' title='bbox 289 4759 401 4828; x_wconf 85' lang='lat' dir='ltr'><strong>inritat,</strong></span> <span class='ocrx_word' id='word_1_700' title='bbox 417 4761 466 4816; x_wconf 87' lang='lat' dir='ltr'><strong>aad</strong></span> <span class='ocrx_word' id='word_1_701' title='bbox 487 4764 584 4815; x_wconf 88' lang='lat' dir='ltr'><strong>tamen</strong></span> <span class='ocrx_word' id='word_1_702' title='bbox 613 4762 741 4818; x_wconf 82' lang='lat' dir='ltr'><strong>frumans</strong></span> <span class='ocrx_word' id='word_1_703' title='bbox 769 4764 940 4820; x_wconf 86' lang='lat' dir='ltr'><strong>verecundia</strong></span> <span class='ocrx_word' id='word_1_704' title='bbox 1029 4770 1108 4825; x_wconf 88' lang='lat' dir='ltr'><strong>Vaas.</strong></span> <span class='ocrx_word' id='word_1_705' title='bbox 1138 4774 1179 4826; x_wconf 72' lang='lat' dir='ltr'><strong>tl.</strong></span> <span class='ocrx_word' id='word_1_706' title='bbox 1209 4794 1220 4821; x_wconf 75' lang='grc' dir='ltr'>ι</span> <span class='ocrx_word' id='word_1_707' title='bbox 1252 4772 1343 4828; x_wconf 86' lang='lat' dir='ltr'><strong>Simul</strong></span> <span class='ocrx_word' id='word_1_708' title='bbox 1370 4782 1511 4831; x_wconf 87' lang='lat' dir='ltr'><strong>venerunt</strong></span> <span class='ocrx_word' id='word_1_709' title='bbox 1539 4776 1677 4835; x_wconf 89' lang='lat' dir='ltr'><strong>latrones.</strong></span> <span class='ocrx_word' id='word_1_710' title='bbox 1709 4782 1775 4838; x_wconf 79' lang='lat' dir='ltr'><strong>«ld</strong></span> <span class='ocrx_word' id='word_1_711' title='bbox 1805 4786 1844 4837; x_wconf 87' lang='lat' dir='ltr'><strong>est</strong></span> 
     </span>
     <span class='ocr_line' id='line_1_53' title="bbox 90 4856 1844 4934; baseline 0.013 -30"><span class='ocrx_word' id='word_1_712' title='bbox 90 4856 212 4906; x_wconf 87' lang='lat' dir='ltr'><strong>revocat.</strong></span> <span class='ocrx_word' id='word_1_713' title='bbox 993 4857 1250 4931; x_wconf 89' lang='lat' dir='ltr'><strong>malignispiritus,</strong></span> <span class='ocrx_word' id='word_1_714' title='bbox 1276 4860 1326 4933; x_wconf 92' lang='lat' dir='ltr'><strong>qui</strong></span> <span class='ocrx_word' id='word_1_715' title='bbox 1340 4863 1524 4934; x_wconf 87' lang='lat' dir='ltr'><strong>exquirendis</strong></span> <span class='ocrx_word' id='word_1_716' title='bbox 1547 4864 1702 4924; x_wconf 88' lang='lat' dir='ltr'><strong>bominum</strong></span> <span class='ocrx_word' id='word_1_717' title='bbox 1718 4870 1844 4925; x_wconf 86' lang='lat' dir='ltr'><strong>moribus</strong></span> 
     </span>
    </p>

    <p class='ocr_par' dir='ltr' id='par_1_17' title="bbox 90 4939 1843 5294">
     <span class='ocr_line' id='line_1_54' title="bbox 127 4939 1843 5020; baseline 0.016 -33"><span class='ocrx_word' id='word_1_718' title='bbox 127 4940 207 4994; x_wconf 85' lang='lat' dir='ltr'><strong>vans.</strong></span> <span class='ocrx_word' id='word_1_719' title='bbox 227 4942 254 4995; x_wconf 84' lang='lat'><strong>4.</strong></span> <span class='ocrx_word' id='word_1_720' title='bbox 270 4971 306 4980; x_wconf 97' lang='lat'>-</span> <span class='ocrx_word' id='word_1_721' title='bbox 331 4962 341 4989; x_wconf 76' lang='grc' dir='ltr'>ι</span> <span class='ocrx_word' id='word_1_722' title='bbox 373 4940 482 5009; x_wconf 80' lang='lat' dir='ltr'><strong>Nempe</strong></span> <span class='ocrx_word' id='word_1_723' title='bbox 510 4943 537 4993; x_wconf 89' lang='lat' dir='ltr'><strong>et</strong></span> <span class='ocrx_word' id='word_1_724' title='bbox 561 4940 584 4994; x_wconf 91' lang='lat' dir='ltr'><strong>si</strong></span> <span class='ocrx_word' id='word_1_725' title='bbox 610 4939 749 5010; x_wconf 90' lang='lat' dir='ltr'><strong>ignoravi.</strong></span> <span class='ocrx_word' id='word_1_726' title='bbox 782 4941 940 4997; x_wconf 80' lang='lat' dir='ltr'><strong>»Scientia</strong></span> <span class='ocrx_word' id='word_1_727' title='bbox 993 4951 1186 5017; x_wconf 89' lang='lat' dir='ltr'><strong>occupantur:</strong></span> <span class='ocrx_word' id='word_1_728' title='bbox 1218 4950 1269 5020; x_wconf 90' lang='lat' dir='ltr'><strong>qui</strong></span> <span class='ocrx_word' id='word_1_729' title='bbox 1287 4950 1363 5006; x_wconf 86' lang='lat' dir='ltr'><strong>viam</strong></span> <span class='ocrx_word' id='word_1_730' title='bbox 1384 4952 1438 5007; x_wconf 91' lang='lat' dir='ltr'><strong>sibi</strong></span> <span class='ocrx_word' id='word_1_731' title='bbox 1459 4952 1491 5007; x_wconf 89' lang='lat' dir='ltr'><strong>ia</strong></span> <span class='ocrx_word' id='word_1_732' title='bbox 1514 4952 1688 5014; x_wconf 88' lang='lat' dir='ltr'><strong>afflictorum</strong></span> <span class='ocrx_word' id='word_1_733' title='bbox 1715 4958 1843 5015; x_wconf 84' lang='lat' dir='ltr'><strong>cordibus</strong></span> 
     </span>
     <span class='ocr_line' id='line_1_55' title="bbox 91 5027 1842 5115; baseline 0.013 -33"><span class='ocrx_word' id='word_1_734' title='bbox 91 5027 290 5085; x_wconf 78' lang='lat' dir='ltr'><strong>hereticorum</strong></span> <span class='ocrx_word' id='word_1_735' title='bbox 308 5045 368 5084; x_wconf 92' lang='lat' dir='ltr'><strong>non</strong></span> <span class='ocrx_word' id='word_1_736' title='bbox 398 5033 441 5083; x_wconf 88' lang='lat' dir='ltr'><strong>est</strong></span> <span class='ocrx_word' id='word_1_737' title='bbox 458 5029 589 5093; x_wconf 84' lang='lat' dir='ltr'><strong>cumeis,</strong></span> <span class='ocrx_word' id='word_1_738' title='bbox 605 5029 653 5084; x_wconf 91' lang='lat' dir='ltr'><strong>sed</strong></span> <span class='ocrx_word' id='word_1_739' title='bbox 670 5034 839 5096; x_wconf 83' lang='lat' dir='ltr'><strong>contraeas,</strong></span> <span class='ocrx_word' id='word_1_740' title='bbox 870 5031 939 5086; x_wconf 92' lang='lat' dir='ltr'><strong>dum</strong></span> <span class='ocrx_word' id='word_1_741' title='bbox 991 5033 1111 5105; x_wconf 89' lang='lat' dir='ltr'><strong>faciunt,</strong></span> <span class='ocrx_word' id='word_1_742' title='bbox 1142 5038 1257 5107; x_wconf 91' lang='lat' dir='ltr'><strong>quando</strong></span> <span class='ocrx_word' id='word_1_743' title='bbox 1286 5037 1363 5094; x_wconf 89' lang='lat' dir='ltr'><strong>inter</strong></span> <span class='ocrx_word' id='word_1_744' title='bbox 1387 5041 1506 5097; x_wconf 87' lang='lat' dir='ltr'><strong>adversa</strong></span> <span class='ocrx_word' id='word_1_745' title='bbox 1527 5059 1593 5115; x_wconf 83' lang='lat' dir='ltr'><strong>qma</strong></span> <span class='ocrx_word' id='word_1_746' title='bbox 1619 5046 1747 5104; x_wconf 88' lang='lat' dir='ltr'><strong>exterius</strong></span> <span class='ocrx_word' id='word_1_747' title='bbox 1775 5049 1842 5105; x_wconf 89' lang='lat' dir='ltr'><strong>tole·</strong></span> 
     </span>
     <span class='ocr_line' id='line_1_56' title="bbox 90 5115 1841 5203; baseline 0.014 -35"><span class='ocrx_word' id='word_1_748' title='bbox 90 5115 181 5172; x_wconf 86' lang='lat' dir='ltr'><strong>inflat.</strong></span> <span class='ocrx_word' id='word_1_749' title='bbox 221 5118 276 5173; x_wconf 87' lang='lat' dir='ltr'><strong>Sed</strong></span> <span class='ocrx_word' id='word_1_750' title='bbox 302 5116 434 5173; x_wconf 77' lang='lat' dir='ltr'><strong>Ecclesia</strong></span> <span class='ocrx_word' id='word_1_751' title='bbox 461 5117 633 5188; x_wconf 91' lang='lat' dir='ltr'><strong>ignorantia,</strong></span> <span class='ocrx_word' id='word_1_752' title='bbox 650 5118 728 5188; x_wconf 87' lang='lat' dir='ltr'><strong>quod</strong></span> <span class='ocrx_word' id='word_1_753' title='bbox 756 5135 859 5173; x_wconf 89' lang='lat' dir='ltr'><strong>arcana</strong></span> <span class='ocrx_word' id='word_1_754' title='bbox 881 5136 938 5175; x_wconf 87' lang='lat' dir='ltr'><strong>non</strong></span> <span class='ocrx_word' id='word_1_755' title='bbox 991 5130 1103 5188; x_wconf 89' lang='lat' dir='ltr'><strong>rantur,</strong></span> <span class='ocrx_word' id='word_1_756' title='bbox 1124 5127 1310 5197; x_wconf 88' lang='lat' dir='ltr'><strong>cogitationes</strong></span> <span class='ocrx_word' id='word_1_757' title='bbox 1336 5145 1452 5203; x_wconf 88' lang='lat' dir='ltr'><strong>qnoque</strong></span> <span class='ocrx_word' id='word_1_758' title='bbox 1480 5148 1583 5203; x_wconf 89' lang='lat' dir='ltr'><strong>pravas</strong></span> <span class='ocrx_word' id='word_1_759' title='bbox 1604 5134 1765 5194; x_wconf 86' lang='lat' dir='ltr'><strong>immittere</strong></span> <span class='ocrx_word' id='word_1_760' title='bbox 1789 5155 1841 5195; x_wconf 90' lang='lat' dir='ltr'><strong>uon</strong></span> 
     </span>
     <span class='ocr_line' id='line_1_57' title="bbox 91 5207 1842 5294; baseline 0.007 -36"><span class='ocrx_word' id='word_1_761' title='bbox 91 5209 185 5274; x_wconf 89' lang='lat' dir='ltr'><strong>potest</strong></span> <span class='ocrx_word' id='word_1_762' title='bbox 200 5211 349 5277; x_wconf 86' lang='lat' dir='ltr'><strong>penetrare</strong></span> <span class='ocrx_word' id='word_1_763' title='bbox 362 5222 427 5260; x_wconf 86' lang='lat' dir='ltr'><strong>curn</strong></span> <span class='ocrx_word' id='word_1_764' title='bbox 449 5222 483 5260; x_wconf 89' lang='lat' dir='ltr'><strong>aa</strong></span> <span class='ocrx_word' id='word_1_765' title='bbox 509 5211 561 5274; x_wconf 89' lang='lat' dir='ltr'><strong>est,</strong></span> <span class='ocrx_word' id='word_1_766' title='bbox 577 5207 712 5278; x_wconf 91' lang='lat' dir='ltr'><strong>quiapro</strong></span> <span class='ocrx_word' id='word_1_767' title='bbox 742 5223 785 5271; x_wconf 88' lang='lat' dir='ltr'><strong>aa,</strong></span> <span class='ocrx_word' id='word_1_768' title='bbox 816 5207 884 5262; x_wconf 89' lang='lat' dir='ltr'><strong>dum</strong></span> <span class='ocrx_word' id='word_1_769' title='bbox 909 5224 938 5263; x_wconf 90' lang='lat' dir='ltr'><strong>se</strong></span> <span class='ocrx_word' id='word_1_770' title='bbox 992 5213 1142 5270; x_wconf 89' lang='lat' dir='ltr'><strong>desistunt.</strong></span> <span class='ocrx_word' id='word_1_771' title='bbox 1183 5236 1194 5263; x_wconf 72' lang='grc' dir='ltr'>ι</span> <span class='ocrx_word' id='word_1_772' title='bbox 1226 5216 1258 5271; x_wconf 81' lang='lat' dir='ltr'><strong>Et</strong></span> <span class='ocrx_word' id='word_1_773' title='bbox 1293 5216 1467 5276; x_wconf 70' lang='lat' dir='ltr'><strong>obsederunt</strong></span> <span class='ocrx_word' id='word_1_774' title='bbox 1500 5220 1532 5275; x_wconf 79' lang='lat' dir='ltr'><strong>in</strong></span> <span class='ocrx_word' id='word_1_775' title='bbox 1568 5238 1639 5294; x_wconf 72' lang='lat' dir='ltr'><strong>gyro</strong></span> <span class='ocrx_word' id='word_1_776' title='bbox 1678 5227 1842 5284; x_wconf 58' lang='lat' dir='ltr'><strong>uberum.</strong></span> 
     </span>
    </p>
   </div>
   <div class='ocr_carea' id='block_1_8' title="bbox 90 5291 1842 5563">
    <p class='ocr_par' dir='ltr' id='par_1_18' title="bbox 90 5291 1842 5563">
     <span class='ocr_line' id='line_1_58' title="bbox 91 5291 1840 5384; baseline 0.015 -39"><span class='ocrx_word' id='word_1_777' title='bbox 91 5291 241 5360; x_wconf 79' lang='lat' dir='ltr'><strong>hurniliat3</strong></span> <span class='ocrx_word' id='word_1_778' title='bbox 272 5297 300 5348; x_wconf 93' lang='lat' dir='ltr'><strong>et</strong></span> <span class='ocrx_word' id='word_1_779' title='bbox 332 5293 401 5365; x_wconf 92' lang='lat' dir='ltr'><strong>qnia</strong></span> <span class='ocrx_word' id='word_1_780' title='bbox 431 5293 558 5348; x_wconf 80' lang='lat' dir='ltr'><strong>heretici</strong></span> <span class='ocrx_word' id='word_1_781' title='bbox 582 5294 660 5365; x_wconf 92' lang='lat' dir='ltr'><strong>quod</strong></span> <span class='ocrx_word' id='word_1_782' title='bbox 688 5299 823 5365; x_wconf 84' lang='lat' dir='ltr'><strong>quaerunt</strong></span> <span class='ocrx_word' id='word_1_783' title='bbox 854 5296 937 5365; x_wconf 88' lang='lat' dir='ltr'><strong>scire,</strong></span> <span class='ocrx_word' id='word_1_784' title='bbox 991 5301 1062 5366; x_wconf 90' lang='lat' dir='ltr'><strong>lum,</strong></span> <span class='ocrx_word' id='word_1_785' title='bbox 1087 5324 1097 5350; x_wconf 74' lang='lat' dir='ltr'><strong>s</strong></span> <span class='ocrx_word' id='word_1_786' title='bbox 1123 5308 1175 5359; x_wconf 89' lang='lat' dir='ltr'><strong>etc.</strong></span> <span class='ocrx_word' id='word_1_787' title='bbox 1209 5305 1241 5358; x_wconf 91' lang='lat' dir='ltr'><strong>lu</strong></span> <span class='ocrx_word' id='word_1_788' title='bbox 1264 5321 1334 5377; x_wconf 76' lang='lat' dir='ltr'><strong>gyro</strong></span> <span class='ocrx_word' id='word_1_789' title='bbox 1361 5306 1581 5365; x_wconf 90' lang='lat' dir='ltr'><strong>tabernaculum</strong></span> <span class='ocrx_word' id='word_1_790' title='bbox 1607 5312 1753 5384; x_wconf 88' lang='lat' dir='ltr'><strong>obsident,</strong></span> <span class='ocrx_word' id='word_1_791' title='bbox 1781 5322 1840 5384; x_wconf 84' lang='lat' dir='ltr'><strong>etc,</strong></span> 
     </span>
     <span class='ocr_line' id='line_1_59' title="bbox 90 5379 1777 5467; baseline 0.016 -34"><span class='ocrx_word' id='word_1_792' title='bbox 90 5379 176 5434; x_wconf 87' lang='lat' dir='ltr'><strong>elatio</strong></span> <span class='ocrx_word' id='word_1_793' title='bbox 191 5385 243 5447; x_wconf 88' lang='lat' dir='ltr'><strong>est,</strong></span> <span class='ocrx_word' id='word_1_794' title='bbox 272 5385 423 5436; x_wconf 88' lang='lat' dir='ltr'><strong>utcontra</strong></span> <span class='ocrx_word' id='word_1_795' title='bbox 453 5381 545 5436; x_wconf 92' lang='lat' dir='ltr'><strong>bonos</strong></span> <span class='ocrx_word' id='word_1_796' title='bbox 570 5382 645 5436; x_wconf 91' lang='lat' dir='ltr'><strong>docti</strong></span> <span class='ocrx_word' id='word_1_797' title='bbox 662 5382 799 5448; x_wconf 84' lang='lat' dir='ltr'><strong>rideatur,</strong></span> <span class='ocrx_word' id='word_1_798' title='bbox 825 5383 935 5439; x_wconf 88' lang='lat' dir='ltr'><strong>subdit:</strong></span> <span class='ocrx_word' id='word_1_799' title='bbox 990 5391 1122 5460; x_wconf 83' lang='lat' dir='ltr'><strong>usquead</strong></span> <span class='ocrx_word' id='word_1_800' title='bbox 1135 5408 1220 5447; x_wconf 85' lang='lat' dir='ltr'><strong>omne</strong></span> <span class='ocrx_word' id='word_1_801' title='bbox 1235 5410 1340 5464; x_wconf 88' lang='lat' dir='ltr'><strong>corpus</strong></span> <span class='ocrx_word' id='word_1_802' title='bbox 1353 5395 1417 5467; x_wconf 84' lang='lat' dir='ltr'><strong>ejus</strong></span> <span class='ocrx_word' id='word_1_803' title='bbox 1428 5397 1572 5454; x_wconf 89' lang='lat' dir='ltr'><strong>ulceribus</strong></span> <span class='ocrx_word' id='word_1_804' title='bbox 1586 5401 1777 5460; x_wconf 80' lang='lat' dir='ltr'><strong>attriverunt.</strong></span> 
     </span>
     <span class='ocr_line' id='line_1_60' title="bbox 90 5471 1842 5563; baseline 0.015 -41"><span class='ocrx_word' id='word_1_805' title='bbox 90 5484 140 5523; x_wconf 83' lang='lat' dir='ltr'><strong>ros</strong></span> <span class='ocrx_word' id='word_1_806' title='bbox 164 5472 263 5524; x_wconf 88' lang='lat' dir='ltr'><strong>eontra</strong></span> <span class='ocrx_word' id='word_1_807' title='bbox 291 5486 323 5523; x_wconf 89' lang='lat' dir='ltr'><strong>ex</strong></span> <span class='ocrx_word' id='word_1_808' title='bbox 352 5486 399 5524; x_wconf 91' lang='lat' dir='ltr'><strong>me</strong></span> <span class='ocrx_word' id='word_1_809' title='bbox 437 5486 570 5541; x_wconf 89' lang='lat' dir='ltr'><strong>percusso</strong></span> <span class='ocrx_word' id='word_1_810' title='bbox 594 5475 692 5525; x_wconf 88' lang='lat' dir='ltr'><strong>contra</strong></span> <span class='ocrx_word' id='word_1_811' title='bbox 720 5489 769 5527; x_wconf 83' lang='lat' dir='ltr'><strong>ros</strong></span> <span class='ocrx_word' id='word_1_812' title='bbox 795 5471 936 5528; x_wconf 88' lang='lat' dir='ltr'><strong>deberetis</strong></span> <span class='ocrx_word' id='word_1_813' title='bbox 1026 5478 1240 5534; x_wconf 77' lang='lat' dir='ltr'><strong>Vass.13.-‹</strong></span> <span class='ocrx_word' id='word_1_814' title='bbox 1269 5483 1380 5538; x_wconf 85' lang='lat' dir='ltr'><strong>Fratres</strong></span> <span class='ocrx_word' id='word_1_815' title='bbox 1393 5499 1473 5540; x_wconf 81' lang='lat' dir='ltr'><strong>ineos</strong></span> <span class='ocrx_word' id='word_1_816' title='bbox 1498 5486 1594 5560; x_wconf 89' lang='lat' dir='ltr'><strong>longe.</strong></span> <span class='ocrx_word' id='word_1_817' title='bbox 1611 5490 1736 5563; x_wconf 68' lang='grc' dir='ltr'><strong>»(Ιὸίά.)</strong></span> <span class='ocrx_word' id='word_1_818' title='bbox 1765 5492 1842 5549; x_wconf 73' lang='lat' dir='ltr'><strong>uodo</strong></span> 
     </span>
    </p>
   </div>
   <div class='ocr_carea' id='block_1_9' title="bbox 0 0 1950 6103">
    <p class='ocr_par' dir='ltr' id='par_1_19' title="bbox 0 0 1950 6103">
     <span class='ocr_line' id='line_1_61' title="bbox 0 0 1950 6103; baseline 0 0"><span class='ocrx_word' id='word_1_819' title='bbox 0 0 1950 6103; x_wconf 95' lang='lat' dir='ltr'><strong> </strong></span> 
     </span>
    </p>
   </div>
  </div>
 </body>
</html>
