3892 6106
161 233 210 287 est
473 230 671 288 watarrtlm
690 230 813 288 srahel
833 230 932 287 rouo.
954 231 1037 289 tlon.
1060 231 1136 287 OPP.
1157 230 1245 288 PARS
1264 232 1286 288 l.
1306 261 1341 271 —
1360 229 1596 290 THEOLOGICA.
1861 238 1912 290 752

163 355 265 410 anime
280 356 308 408 et
330 352 467 424 corporis.
484 353 564 408 Unde
589 353 755 425 Propheta:
777 353 840 407 «lu
868 357 945 408 terra
959 354 1045 409 suad
1065 354 1251 422 sanctificare,
1269 359 1312 410 est
1325 359 1391 426 post
1407 354 1545 409 virtutum
1576 369 1694 410 sensum
1724 354 1918 412 intentionem

162 444 349 516 possidebunt
363 442 487 514 duplicia
511 442 579 512 (lso.
598 443 662 514 uxr).
680 461 694 495 u
721 441 834 497 llllliclo
861 443 915 498 lob
939 442 1013 498 dici·
1066 443 1159 499 cordis
1167 443 1290 515 dirigere
1306 459 1313 499 ε
1328 449 1357 499 et
1380 458 1467 498 omne
1482 443 1561 516 quod
1573 442 1670 516 agitur
1683 442 1813 498 districte
1828 448 1918 499 retra·

162 539 210 588 tur
225 549 232 587 :
249 531 420 603 sedquanto
435 534 565 601 tempore
586 529 682 595 luerit,
711 533 835 598 tacetur;
869 530 938 602 quia
962 532 1012 586 Ec-
1065 531 1189 586 statione
1215 533 1364 601 mundare,
1389 531 1758 603 nedecipiaturqualitatc
1772 532 1851 597 meli,
1877 538 1910 589 nt

163 621 248 676 alesia
270 619 425 690 allligenda
448 619 546 686 scitur,
562 618 610 673 sed
627 618 755 690 quaudiu
771 617 938 690 ignoratur3
956 634 1012 672 un·
1065 625 1204 689 putentur
1219 621 1295 676 bona
1313 636 1379 692 quae
1394 621 1471 676 mala
1484 625 1566 690 sunt3
1591 622 1634 674 vel
1660 620 1825 690 quantitate
1839 621 1916 688 boni,

164 708 199 762 dc
215 724 254 762 :a
277 707 395 762 Nouest
421 710 548 761 restrum
564 707 849 777 nossetemporavel
864 711 1012 762 momenta
1065 712 1098 762 ut
1116 708 1260 763 sufficiens
1279 709 1422 777 credatur,
1438 724 1504 763 cum
1526 708 1685 780 perlectum
1709 707 1840 780 nou2flt:
1869 710 1918 765 sed

163 811 227 867 quas
245 795 368 850 Pateria
383 810 434 850 sua
443 795 541 866 posuit
552 798 694 866 potestate
709 795 783 864 (Act.
801 793 832 866 1).
849 815 863 848 a
1064 799 1120 853 hoc
1134 800 1237 853 melius
1257 800 1366 855 orando
1381 815 1469 871 quam
1492 799 1675 856 discutiendo
1693 800 1817 855 invenit.
1842 800 1917 856 lens

439 902 443 921 =
1064 887 1142 942 enim
1178 903 1209 942 er
1223 904 1286 943 corn
1309 889 1477 945 unctionem
1500 891 1609 945 elevata
1625 889 1840 946 omniatsubse
1858 905 1916 945 cer·

445 937 559 993 CAPUT
578 936 724 993 Pfflfflffl'
1063 974 1121 1029 tius
1135 904 1306 1048 diiudicat.p
1725 943 1740 963 ⁶

195 1066 277 1120 Vane.
298 1067 322 1143 l.
350 1095 385 1105 -
403 1063 481 1118 «Vir
509 1066 570 1119 crat
597 1063 628 1117 in
651 1063 810 1117 terrallus.
835 1061 962 1133 »(ῦιιιι.
981 1063 1011 1117 in
1100 1065 1306 1122 Vans.5.-«
1335 1067 1464 1138 Cumque
1477 1066 1507 1121 iu
1538 1065 1648 1134 orbem,
1668 1070 1757 1122 neto.
1775 1066 1913 1124 lnorbem

159 1154 226 1222 Joo,
242 1158 313 1210 tom.
330 1151 365 1225 l.)
380 1155 434 1209 Par
455 1153 510 1208 lob
536 1152 675 1219 Christus,
690 1150 719 1207 id
731 1156 783 1221 est,
797 1156 884 1224 caput
905 1153 934 1206 et
947 1167 1009 1207 cor·
1063 1152 1124 1208 dies
1138 1153 1260 1209 convivii
1284 1159 1442 1221 transeunt,
1471 1171 1536 1210 cum
1549 1154 1758 1227 praedicatione
1783 1155 1913 1227 mmsis

159 1257 215 1312 pus
228 1240 417 1312 designatur:
433 1256 502 1311 ergo
525 1238 752 1312 postfihistoriam
779 1237 839 1293 viso
864 1238 1009 1310 incapite
1062 1247 1253 1313 peraguntur;
1282 1243 1405 1315 peractis
1430 1242 1564 1299 omnibus
1587 1244 1640 1300 lob
1661 1260 1717 1316 pro
1738 1243 1810 1300 liliis
1825 1244 1909 1309 offert

160 1328 230 1401 quid
243 1331 403 1397 credamus,
432 1328 580 1384 videamus
603 1343 637 1382 ex
662 1342 781 1400 corpore
800 1325 869 1399 quid
884 1325 1008 1383 videndo
1063 1330 1132 1402 quia
1145 1331 1346 1402 proapostolis
1366 1332 1401 1386 de
1415 1331 1619 1404 predicatione
1632 1333 1827 1388 redeuntibus
1838 1332 1910 1389 Chri·

159 1423 319 1473 teneamus.
1062 1426 1122 1474 stus
1137 1421 1250 1475 Patrem
1269 1420 1369 1487 oravit,
1396 1421 1594 1493 mittendoque
1622 1421 1769 1493 Spiritum
1789 1426 1908 1478 sanctam

195 1506 278 1562 Gaas.
300 1505 396 1578 (ibid.)
418 1504 470 1560 Joh
484 1503 515 1559 in
529 1507 605 1558 terra
621 1506 688 1573 llus,
705 1507 771 1571 etc,
785 1517 870 1573 usquc
888 1503 926 1558 ad
944 1509 1009 1576 post
1061 1507 1260 1578 sanctificavit,
1279 1509 1440 1564 emundans
1454 1509 1596 1582 quidquid
1622 1510 1719 1582 culpae
1743 1510 1839 1566 inesse
1863 1525 1907 1581 po·

159 1600 188 1650 et
203 1599 295 1650 astuta
309 1594 429 1650 collecta
443 1597 518 1647 aunt.
1061 1595 1125 1651 tuit.

195 1685 255 1754 (lo,
282 1682 361 1751 ibid.)
390 1681 473 1736 Prius
497 1696 622 1752 persona
632 1683 698 1751 apta
719 1679 892 1735 describitur
918 1641 1043 1751 quemB
1097 1684 1187 1755 (ibid.)
1205 1685 1335 1741 Diluculo
1355 1685 1502 1757 consurgit
1521 1685 1571 1758 qui
1591 1686 1829 1759 compunctionis
1848 1690 1904 1756 ale,

158 1787 257 1843 pugna
271 1771 331 1842 ejus
345 1770 467 1835 dicatur,
491 1773 525 1822 ut
550 1767 614 1821 talis
629 1783 711 1838 posse
732 1767 846 1822 vincere
866 1766 1004 1823 videatur.
1060 1789 1145 1845 eaque
1161 1775 1275 1847 adquae
1291 1776 1545 1849 expletaindigent
1558 1775 1746 1847 expiationis.

161 1881 175 1909 a
190 1860 345 1931 Simplex»
367 1858 486 1913 Necesse
510 1860 552 1910 est
583 1861 616 1911 ut
635 1855 846 1927 simplicitatem
865 1855 1008 1911 columbae
1096 1862 1409 1933 (idid.)floloeaustum
1433 1869 1528 1921 totum
1538 1865 1690 1921 incensum
1704 1865 1823 1935 dicitur,
1848 1872 1901 1933 ete,

159 1947 266 2003 astutia
293 1945 432 2018 serpentis
456 1945 588 2013 instruat,
618 1948 647 1999 et
682 1944 816 1999 astutiam
839 1944 1007 2016 simplicitas
1059 1943 1196 2012 usquead
1211 1948 1275 1999 ante
1291 1947 1389 2001 oculos
1403 1946 1454 2002 Dei
1481 1963 1572 2019 usque
1599 1947 1635 2003 ad
1661 1947 1825 2004 terminum
1847 1948 1901 2003 rite

158 2040 314 2107 temperet3
328 2035 404 2090 uude
419 2053 427 2089 r
444 2033 564 2105 Spiritus
584 2032 615 2088 in
638 2032 771 2088 columba
788 2037 817 2087 et
835 2032 903 2104 igne
916 2049 1005 2105 appa·
1060 2034 1148 2102 tegat.

159 2124 218 2180 ruit
233 2141 240 2180 :
256 2125 325 2197 quia
349 2123 428 2195 pleni
455 2123 505 2178 illo
519 2122 559 2177 sic
575 2121 789 2177 mausuetudani
813 2120 1006 2192 simplicitatis
1095 2121 1176 2176 Vana.
1195 2123 1221 2175 6.
1235 2151 1270 2160 -
1299 2142 1314 2171 a
1328 2120 1458 2186 Quadam
1472 2126 1568 2178 autem
1584 2122 1641 2179 dia.
1657 2142 1673 2177 a
1688 2124 1791 2189 Gaas..
1807 2124 1855 2181 lib.
1875 2141 1899 2192 ιι,

160 2194 335 2282 deserviunt,
351 2217 383 2267 ut
409 2215 508 2267 contra
529 2211 605 2266 mala
621 2211 681 2265 zelo
696 2210 877 2265 rectitudinis
904 2226 1005 2265 acceu-
1059 2208 1169 2275 Horat,
1186 2224 1246 2279 cap.
1271 2207 1311 2280 2.)
1333 2212 1365 2266 ln
1382 2210 1497 2266 exordio
1522 2211 1645 2282 qualitas
1664 2216 1694 2268 at
1712 2213 1900 2269 termhrusrsi

157 2303 271 2358 dantur,
1060 2296 1244 2366 exprimitur;
1261 2302 1293 2352 ut
1306 2298 1402 2368 modo,
1420 2299 1538 2355 lenutio
1551 2300 1606 2355 lob
1629 2301 1707 2357 adie
1726 2308 1823 2374 ooepta
1840 2302 1900 2359 dici·

193 2411 207 2439 a
222 2391 336 2445 Timens
349 2390 450 2445 Deum.
476 2409 490 2439 »
511 2387 670 2443 Salomon:
695 2404 710 2438 a
730 2385 785 2452 Qui
808 2386 890 2441 timet
914 2387 1005 2442 Deum
1059 2387 1116 2450 tur,
1133 2384 1201 2453 quia
1215 2384 1251 2439 ad
1270 2384 1417 2441 victoriam
1435 2386 1550 2459 dicitur,
1564 2389 1640 2444 sicut
1653 2393 1682 2444 et
1695 2389 1729 2444 in
1740 2390 1815 2447 eliis.
1831 2391 1901 2446 llum

157 2478 229 2534 nihil
246 2478 366 2550 negligit
380 2476 542 2549 (dicatam).
557 2497 572 2527 n
1059 2471 1197 2543 qualitate
1215 2473 1352 2545 temporis
1371 2491 1417 2530 res
1436 2475 1578 2547 signatur,
1606 2480 1639 2533 ut
1661 2479 1745 2550 quod
1770 2479 1900 2552 angeliiu

191 2566 284 2636 (ibid.)
300 2568 371 2621 ltem
386 2566 541 2621 Salomon:
559 2586 572 2614 a
587 2563 641 2629 Oui
655 2563 687 2618 in
697 2579 756 2618 uno
769 2562 898 2631 offendit,
914 2563 1005 2620 multa
1058 2559 1178 2614 meridie
1206 2564 1346 2631 apparent
1372 2562 1505 2631 Abrahae,
1521 2566 1536 2620 J
1540 2563 1609 2620 udas
1622 2571 1706 2620 nocte
1729 2565 1799 2623 exit.
1831 2567 1900 2623 llum

156 2674 171 2709 ι
190 2656 267 2710 bona
281 2655 382 2726 perdet
398 2655 494 2726 (Ecclc.
511 2655 562 2724 rx).
577 2674 591 2703 »ι
619 2652 733 2723 legalia
748 2651 882 2708 dicuntur
895 2653 1000 2709 anima·
1058 2645 1145 2702 loco:
1164 2653 1195 2703 ut
1218 2650 1294 2720 quod
1308 2651 1394 2706 lsrael
1413 2651 1545 2708 infirmus
1559 2653 1654 2709 lehem
1667 2669 1730 2711 uon
1754 2655 1786 2710 in
1800 2660 1899 2723 monle,

155 2743 203 2810 lia,
215 2743 244 2798 id
259 2748 312 2806 est,
329 2742 487 2798 secuudum
502 2741 595 2811 legem
609 2739 799 2811 mundaque
814 2745 842 2796 et
856 2742 1005 2798 ruminant
1059 2734 1109 2790 sed
1119 2735 1149 2791 in
1164 2736 1235 2805 imo,
1250 2738 1339 2793 audit.
1357 2740 1438 2795 Nunc
1450 2741 1587 2813 qualitate
1601 2742 1687 2810 aeris,
1703 2745 1830 2816 utquod
1843 2744 1899 2800 dial

154 2835 184 2885 et
206 2831 346 2901 ungulam
374 2829 511 2884 lindunt:
539 2843 662 2900 quorum
678 2829 800 2882 alterum
828 2829 936 2885 habent
957 2846 1003 2885 ca·
1059 2827 1128 2879 tur:
1146 2827 1250 2901 flleml
1276 2831 1347 2895 0¹⁸¹·
1376 2845 1441 2885 ⁰⁰⁰¹
1462 2830 1636 2901 Pfoedlffllll'
1649 2847 1711 2888 1¹⁰⁰
1739 2834 1896 2900 “dimili

154 2919 232 2985 meli,
246 2921 368 2975 alterum
382 2934 449 2974 rero
470 2917 550 2974 deest
563 2917 616 2986 eis,
631 2921 659 2972 et
672 2916 712 2972 sic
723 2917 782 2989 legi
801 2923 964 2990 congruunt
976 2922 1038 2988 etc
1058 2918 1088 2969 et
1121 2914 1212 2987 frigus
1241 2921 1312 2985 erat,
1336 2917 1506 2974 imminente
1531 2920 1687 2992 negatione
1714 2922 1803 2979 Petri.
1827 2923 1897 2978 llum

154 3007 303 3064 dissident.
1054 3002 1196 3072 positione
1219 3005 1360 3077 corporis,
1386 3011 1415 3061 et
1438 3007 1514 3079 quod
1531 3007 1695 3080 Stephanus
1716 3010 1790 3067 vidit
1811 3013 1895 3069 leun

135 3154 139 3162 ,
188 3098 268 3151 Vens.
285 3099 310 3152 3.
327 3126 362 3136 -
373 3094 467 3168 (ibid.)
479 3114 494 3148 ι
507 3096 546 3151 Ac
560 3094 671 3150 familia
686 3094 787 3151 multa.
808 3114 823 3149 a
844 3094 1001 3152 Innumera
1055 3095 1188 3147 stantem.

152 3184 238 3240 turba
260 3184 479 3256 cogitationum,
497 3199 561 3255 quae
572 3183 654 3255 quasi
668 3183 790 3250 ancille,
820 3182 950 3252 domina,
970 3180 1000 3237 id
1090 3180 1184 3252 libid.)
1199 3182 1260 3238 Non
1276 3182 1380 3239 dicitur
1393 3183 1502 3257 aliquid
1515 3183 1623 3241 lactum
1646 3202 1745 3243 coram
1770 3188 1891 3256 Domino,

153 3277 196 3327 est
210 3272 332 3336 ratione,
349 3274 476 3337 absente,
490 3287 563 3342 opus
578 3271 722 3337 deserunt,
735 3273 936 3341 perstrepunt3
950 3268 999 3323 sed
1054 3272 1121 3334 etc,
1143 3284 1228 3340 usquc
1253 3271 1291 3326 ad
1305 3288 1362 3344 quo
1389 3289 1437 3328 rex
1461 3273 1557 3329 Achab
1584 3275 1770 3346 exigentibus
1789 3278 1888 3334 meritis
1941 3330 1942 3339 ,

152 3376 186 3415 ea
201 3361 348 3427 redeunte,
364 3377 430 3416 cum
445 3359 559 3414 silentio
573 3363 730 3430 operantur
745 3374 753 3413 ι
769 3358 814 3412 his
825 3358 849 3412 si
862 3358 935 3413 bene
950 3358 1001 3413 do·
1054 3356 1221 3427 decipiatur.

152 3449 308 3516 minamur,
333 3465 386 3505 nec
417 3464 517 3503 aarum
545 3447 730 3503 multitudine
757 3446 999 3519 animussupera·
1091 3445 1295 3502 «auoitinrer
1322 3464 1379 3505 eos.
1394 3468 1409 3503 a
1427 3449 1521 3522 (ibid.)
1534 3452 1567 3506 ln
1582 3451 1628 3507 die
1651 3453 1796 3511 Dominus
1819 3456 1888 3513 Salas

152 3540 210 3591 tur.
1054 3532 1134 3600 sidit,
1159 3539 1223 3603 etc,
1238 3551 1324 3606 usque
1347 3537 1385 3592 ad
1410 3538 1484 3594 sicut
1507 3555 1598 3595 caecus
1624 3557 1686 3598 nou
1710 3544 1887 3602 ridetlumcu

188 3623 278 3696 (ibid.)
307 3646 318 3675 ι
360 3626 437 3680 luter
464 3639 573 3692 omnes,
603 3643 617 3677 a
645 3623 748 3693 idest,
779 3624 857 3679 inter
882 3624 1000 3696 angelos
1053 3637 1111 3694 quo
1125 3622 1294 3680 illustratur.

151 3711 255 3767 orienti
265 3712 321 3768 luci
345 3713 528 3782 inherentes,
547 3712 645 3783 magni
658 3727 767 3781 sumus,
793 3728 894 3767 corurn
917 3713 997 3769 socii.
1090 3731 1105 3760 «
1118 3712 1196 3768 Inter
1213 3728 1263 3770 eos
1276 3713 1362 3769 etiam
1377 3715 1474 3770 Satan.
1497 3735 1513 3770 a
1538 3716 1707 3782 Ouiabonis
1724 3721 1778 3778 Dei
1796 3724 1887 3795 cogita·

150 3800 309 3857 0rieutales
320 3807 387 3857 sunt
401 3818 501 3856 omnes
516 3801 567 3874 qui
581 3817 634 3872 per
643 3801 731 3859 fldem
747 3801 859 3856 suntin
874 3801 997 3871 Christo,
1051 3796 1178 3855 tionibus
1191 3818 1256 3873 quea
1271 3819 1306 3857 ex
1319 3803 1378 3858 lieo
1392 3808 1468 3869 suut,
1485 3821 1516 3859 se
1529 3804 1676 3863 interserit
1699 3814 1733 3864 ut
1741 3814 1887 3883 perturbet
1938 3848 1942 3853 -

149 3891 185 3946 de
200 3906 258 3961 quo
271 3892 413 3963 Propheta
428 3906 435 3946 ε
449 3910 463 3943 a
476 3891 577 3947 Oriens
589 3907 697 3947 nomen
710 3891 773 3962 eius
797 3891 889 3961 (zoeli.
905 3890 965 3962 v1):
982 3910 996 3945 a
1056 3888 1104 3943 scd
1117 3904 1183 3944 euru
1192 3891 1329 3946 latentem
1344 3891 1426 3947 nobis
1440 3893 1515 3948 Deus
1536 3894 1654 3967 detegit.
1672 3897 1757 3954 Unde
1771 3900 1885 3956 dicitur:

149 3995 222 4052 quos
236 3996 336 4036 omnes
348 3984 464 4053 superat
478 3981 568 4036 llomo
585 3981 669 4035 [leus.
1053 3995 1068 4026 a
1084 3976 1162 4033 Unde
1177 3979 1274 4035 vanis?
1287 4001 1301 4030 ι)
1316 3981 1394 4052 quod
1409 3981 1514 4049 dicere,
1528 3986 1571 4038 est
1584 3983 1645 4055 ejus
1655 3983 1887 4061 insidiasaperira
1938 3996 1942 4001 '

184 4067 265 4122 Vens.
281 4068 312 4125 4.
331 4086 389 4118 -ι
406 4069 440 4122 Et
451 4067 595 4123 faciebant
608 4066 781 4134 convivium,
798 4086 813 4119 a
829 4071 883 4122 etc.
913 4066 994 4138 (ibid.
1050 4066 1146 4122 nobis.
1164 4067 1349 4124 «circumivi
1370 4074 1516 4125 terram.»
1541 4070 1673 4128 carnalia
1691 4076 1781 4132 corda
1807 4082 1885 4134 scuta·

149 4154 355 4211 Filiiconviria
369 4155 487 4223 iaciunt,
504 4162 569 4224 etc..
595 4171 680 4226 usque
695 4154 732 4209 ad
746 4155 815 4227 quia
833 4155 867 4210 ad
898 4155 996 4211 omnia
1049 4157 1106 4224 tur,
1123 4162 1156 4212 ut
1169 4156 1245 4211 mala
1258 4157 1383 4227 inserat,
1397 4174 1449 4214 uec
1458 4160 1624 4231 transvolat,
1643 4162 1693 4218 sed
1703 4166 1883 4235 perambulat

147 4243 293 4315 trepidans
307 4243 415 4299 abouis
428 4243 563 4315 operibus
581 4247 688 4314 torpet.
1010 4223 1031 4281 ⁰
1048 4245 1116 4316 quia
1131 4261 1190 4301 non
1201 4246 1256 4301 cito
1283 4247 1391 4303 deserit
1404 4263 1491 4319 quem
1516 4253 1615 4317 lentat,
1636 4251 1686 4307 sed
1712 4260 1847 4319 moratur.
1859 4260 1885 4310 ut

185 4353 196 4382 ι
220 4332 276 4387 Per
299 4330 408 4400 domos,
430 4333 638 4404 unusquisque,
657 4353 668 4383 ι
693 4336 746 4388 etc.
763 4332 817 4386 Per
838 4332 947 4402 domos,
962 4337 995 4388 ut
1047 4333 1167 4407 vestigia
1181 4335 1328 4406 pravitatis
1341 4336 1488 4410 imprimat
1502 4356 1511 4392 ε
1526 4344 1625 4394 contre
1639 4342 1776 4399 aumlob
1799 4344 1883 4401 lauda-

146 4421 247 4477 Petrus
261 4437 314 4491 per
323 4421 454 4487 Romam,
470 4421 620 4491 Philippus
629 4421 659 4474 in
674 4419 812 4490 Samaria,
825 4419 855 4474 in
867 4437 919 4476 suo
934 4421 993 4492 die,
1046 4423 1293 4495 turzallunquid
1307 4425 1494 4482 considerasti
1508 4442 1621 4483 servum
1637 4445 1779 4500 meum,»
1808 4448 1882 4505 quen

144 4509 242 4579 idest,
258 4526 311 4581 pro
326 4510 409 4565 modo
423 4509 632 4583 intelligentie,
649 4510 718 4581 quia
733 4509 819 4564 aliern
832 4510 992 4567 institutio·
1046 4509 1240 4566 Deusbonum
1254 4511 1332 4579 facit,
1348 4518 1376 4568 et
1399 4513 1522 4582 roborat,
1549 4516 1631 4586 quasi
1653 4515 1684 4572 iu
1708 4520 1826 4576 auribus
1845 4521 1883 4577 Se

143 4614 212 4654 uem
227 4598 294 4654 fecit
312 4599 417 4654 Paulus
436 4599 513 4670 apud
540 4601 660 4667 Grecos,
677 4599 763 4654 aliam
788 4599 889 4654 Petrus
915 4601 992 4672 apud
1044 4600 1120 4653 tanae
1135 4599 1251 4656 laudat:
1269 4602 1413 4672 uudeipse
1426 4603 1650 4674 graviuscontra
1663 4608 1757 4679 saevit,
1770 4610 1881 4666 dicens:

144 4689 291 4743 Romanos
306 4704 312 4743 :
329 4687 396 4742 licet
410 4703 469 4742 non
484 4687 669 4743 dissentirent
678 4687 709 4742 in
724 4687 790 4742 lide.
1081 4689 1242 4760 «Nunquid
1257 4690 1383 4745 frustrat
1401 4691 1511 4763 »quasi
1525 4707 1578 4767 cur,
1592 4693 1694 4751 laudas
1708 4713 1798 4768 quem
1825 4714 1881 4771 pra

179 4777 276 4831 «Tres
291 4791 413 4842 sorores,
429 4797 443 4826 o
456 4775 485 4830 id
502 4780 554 4846 est,
580 4775 676 4842 tidem,
692 4792 784 4848 spem,
800 4775 990 4834 charitatem:
1042 4776 1135 4847 tegis?
1151 4778 1194 4833 lle
1208 4777 1341 4849 despecto
1371 4779 1530 4834 laudandus
1557 4785 1640 4849 esset,
1670 4783 1695 4839 si
1718 4792 1821 4842 contra
1844 4800 1881 4841 rus

140 4862 172 4919 in
187 4879 273 4919 omne
287 4864 363 4935 quod
384 4869 475 4935 agunt
501 4864 620 4919 virtutes
638 4868 750 4928 vocant,
765 4869 798 4919 ut
811 4865 846 4920 de
861 4881 895 4919 eo
916 4881 990 4936 gau·
1043 4864 1102 4919 suis
1131 4864 1240 4920 viribus
1260 4870 1361 4933 staret;
1375 4868 1450 4923 unde
1464 4867 1607 4924 malitiose
1625 4873 1739 4943 expetit
1754 4876 1821 4931 :sed
1841 4889 1881 4930 ax·

40 5007 44 5017 ,
140 4953 241 5021 deant;
258 4954 327 5026 quia
341 4969 375 5008 ex
389 4954 451 5009 cibo
465 4953 539 5008 vires
561 4953 689 5024 capiunt,
717 4953 787 5009 dum
813 4953 898 5009 bonis
920 4971 989 5027 ope·
1041 4953 1127 5008 tende
1140 4954 1305 5026 paululum3
1320 4955 1389 5010 dum
1404 4956 1481 5012 bona
1494 4956 1651 5026 abundant,
1662 4976 1746 5017 meus
1762 4963 1881 5036 aliquau-

139 5042 219 5097 ribus
233 5041 398 5098 fidentiores
413 5043 500 5111 liunt;
516 5043 598 5114 quasi
613 5058 648 5097 ex
663 5047 732 5114 potu
747 5046 813 5113 post
825 5042 922 5097 cibum
935 5044 989 5099 de·
1041 5043 1135 5097 tulum
1150 5043 1280 5115 erigitur,
1292 5044 1374 5116 quasi
1384 5044 1462 5100 bona
1476 5061 1554 5101 ase:
1576 5063 1643 5118 quae
1666 5049 1747 5107 bona
1760 5052 1881 5109 diabolus

138 5129 279 5198 briantur,
296 5131 365 5186 dum
375 5131 696 5202 contemplationisrore
706 5129 821 5186 inluudi
837 5136 986 5203 appetunt.
1039 5132 1150 5202 appetit
1168 5133 1242 5187 male
1257 5149 1265 5187 ι
1280 5133 1328 5188 sed
1340 5135 1414 5189 Deus
1428 5134 1532 5191 tentari
1547 5136 1620 5191 bene
1633 5137 1714 5209 sinit,
1731 5142 1843 5199 uldam
1855 5142 1881 5196 in

140 5216 195 5273 Sed
210 5235 243 5274 cr
269 5219 339 5289 ipsis
357 5219 440 5275 bouis
460 5225 489 5275 et
515 5221 592 5274 mala
607 5219 742 5274 oriuntur
760 5224 792 5274 ut
815 5220 918 5288 elatio;
943 5220 987 5276 vcl
1038 5219 1123 5275 bonis
1136 5219 1193 5275 illis
1207 5221 1295 5276 homo
1315 5222 1486 5290 concutitur,
1510 5222 1708 5284 imbecillitate
1730 5230 1879 5304 cognitaiu

137 5321 204 5361 cum
223 5324 276 5379 pro
295 5307 341 5363 his
354 5308 456 5363 loetitia
467 5309 499 5363 fit
527 5308 822 5377 menti,adcstctiam
852 5309 984 5379 quedam
1038 5309 1097 5365 llco
1122 5310 1270 5365 solidetur.
1296 5310 1375 5365 Unde
1404 5311 1639 5370 subdit:«licee
1665 5317 1801 5376 uniuersa
1821 5318 1879 5376 sub

138 5397 286 5463 securitas,
311 5395 379 5452 inde
394 5401 503 5469 torpor.
531 5398 605 5468 Ergo
632 5397 753 5453 subdit:
772 5418 784 5448 ι
802 5397 931 5469 Cumque
953 5399 984 5453 in
1038 5398 1142 5454 stantia
1157 5415 1243 5471 quarn
1258 5398 1344 5455 habet
1358 5399 1390 5454 in
1403 5416 1492 5456 manu
1506 5403 1555 5457 tua
1571 5406 1651 5459 est.»

135 5483 237 5540 orbem
261 5484 431 5541 transissent
458 5486 530 5541 dias.
557 5505 573 5540 a
603 5487 720 5542 Peracto
755 5485 884 5542 convivio
907 5485 983 5542 lilios
1073 5488 1155 5544 Vsus.
1184 5492 1212 5543 7.
1240 5518 1275 5529 -
1303 5508 1313 5538 ι
1344 5487 1396 5544 Cui
1420 5488 1493 5545 dixit
1527 5490 1679 5564 Dominus,
1705 5499 1764 5554 etc.
1787 5495 1879 5571 (ibid)
