3892 6106
92 261 142 315 867
411 252 607 308 llatstltlul
626 250 747 305 statut
771 246 869 302 ltin.
893 247 971 300 ilua.
992 246 1070 302 ol‘t‘.
1094 242 1181 301 PARS
1201 246 1221 301 1.
1241 273 1278 287 -
1296 245 1524 303 Timotoclca,
1797 248 1849 303 itti

95 379 242 451 Principes
266 375 454 448 comparandi
478 373 552 429 leoni
575 372 698 434 diaholo,
730 387 788 441 qrro
825 373 977 425 niictoraA
1028 371 1120 424 l'aas.
1141 369 1850 444 ll.-Etuscenaiit.Faciteuiruquosdample·

93 469 219 524 iaciunt:
231 467 358 539 Populus
377 466 481 521 rotulus
496 464 588 529 iconis,
600 462 626 515 id
640 464 693 521 cst,
722 460 799 513 iilius
824 458 940 524 diaboli,
996 473 1049 510 nos
1068 459 1194 524 scientia,
1216 458 1245 512 in
1262 458 1366 529 quibus
1380 461 1584 529 supereminei,
1608 477 1738 532 quorum
1754 462 1850 515 reteri·

94 550 604 628 barbitum..permaneusinjinsidiis,
621 549 688 620 quia
713 566 775 602 mos
802 548 941 602 estmalis
995 549 1083 600 tatem
1099 547 1260 600 intellectus
1276 548 1470 602 transcendit:
1498 549 1661 603 tenebrosis
1688 556 1786 603 antem
1812 550 1849 603 la·

90 652 154 700 vota
169 651 276 716 tegere,
292 648 324 697 nt
339 644 461 697 latenter
475 638 584 711 possint
598 639 746 708 perlicere.
996 638 1089 687 tenter
1102 635 1208 688 utitur:
1236 635 1324 702 unde,
1352 639 1442 704 Virga
1471 639 1576 705 suroris
1601 639 1657 690 mei
1676 637 1850 706 Assru,ipse

127 736 205 788 Vaas.
226 735 266 787 13.
283 762 317 772 -
330 733 466 798 Exsurge,
484 729 600 784 Domine.
615 728 714 795 (tices.)
728 727 766 780 [la
777 725 941 780 retributio·
996 739 1057 777 arro
1068 739 1120 777 riou
1134 725 1267 790 copuooit,
1292 724 1340 778 sed
1357 725 1400 778 sui
1421 729 1607 795 cognoscunt.
1632 727 1746 781 Volnuit
1772 741 1848 796 snper

91 823 177 877 nibus
189 820 290 875 oratio.
306 821 440 883 Praeucni,
455 822 510 872 etc.
526 815 619 887 (ibid.)
632 817 654 869 a
668 813 856 869 similitudine
873 830 940 868 cnr·
995 827 1099 881 persnas
1123 816 1210 866 oculo.
1236 813 1351 879 Ventos,
1373 814 1477 884 quibus
1492 813 1566 868 nillil
1591 817 1634 869 εει
1649 815 1788 881 velocius,
1803 832 1847 869 su·

91 910 196 965 rantis:
211 925 297 963 nemo
313 924 371 962 nou
384 908 464 978 prius
481 906 510 960 iu
527 921 556 958 sa
572 920 660 975 quam
685 903 714 958 in
731 904 817 957 alitam
834 907 940 974 peccat.
995 905 1077 970 perat
1090 901 1164 954 iama
1178 900 1251 969 ejus,
1267 906 1300 956 ut
1312 901 1381 956 dnm
1406 917 1473 956 mox
1489 907 1581 969 uatus,
1601 903 1696 975 magis
1712 919 1768 975 per
1781 905 1845 959 stel-

90 999 245 1069 Supplauto
259 1012 335 1051 eum:
354 1013 368 1049 a
385 994 575 1049 similitudine
591 991 735 1057 luctantis,
752 992 779 1046 id
795 997 848 1058 εει,
869 991 941 1046 inei·
996 986 1053 1041 iam
1068 988 1216 1042 nuntiatus
1240 994 1291 1042 ost.

91 1087 192 1142 fleeces
207 1087 250 1142 iac
265 1092 293 1140 et
304 1085 394 1156 dejice
406 1100 462 1138 eos.
476 1084 689 1152 Eripeuuimum
703 1096 789 1135 meum
800 1080 834 1134 cb
847 1083 939 1149 impio.
1031 1077 1122 1132 l'anS.
1141 1081 1183 1131 ti.
1201 1107 1231 1117 -
1251 1079 1393 1133 Tenebras.
1417 1080 1513 1150 (ltro.)
1544 1080 1742 1136 obscuritates
1758 1096 1845 1135 sacra·

93 1175 187 1247 (buo.)
207 1173 411 1229 Resuscitando
430 1189 447 1226 a
466 1170 609 1226 morteah
636 1169 733 1241 impiis
758 1169 847 1224 illata.
871 1169 942 1223 Fra·
997 1169 1171 1232 mentorum,
1199 1167 1256 1232 vel,
1281 1165 1310 1220 in
1342 1166 1387 1221 liis
1411 1168 1548 1235 tenebris,
1572 1170 1773 1224 ubividcntes
1800 1185 1847 1240 per

94 1280 191 1319 meum
207 1263 310 1317 Anima
329 1277 394 1316 mea
409 1263 451 1314 εει
465 1259 573 1313 tramea
593 1275 601 1324 ;
618 1273 704 1328 quam
720 1273 832 1326 manus,
846 1256 872 1310 id
890 1260 940 1323 est,
996 1251 1082 1306 fidem
1096 1252 1287 1319 ambulamus,
1304 1259 1400 1308 ctuou
1416 1271 1468 1326 per
1481 1256 1605 1327 speciem
1623 1257 1739 1323 (Mattio.
1754 1257 1798 1322 rr).

95 1353 243 1407 rirtnstua
261 1349 425 1422 assumpsit,
444 1354 477 1402 nt
499 1364 552 1418 por
579 1363 642 1401 eam
668 1361 758 1416 regna
781 1345 942 1417 iniqnitatis
1033 1341 1163 1410 Nonper
1186 1342 1281 1396 coelos.
1312 1343 1409 1414 (Cass.)
1439 1345 1591 1399 Descendit
1618 1350 1649 1400 ει
1673 1345 1847 1411 εεεεηειίιζιι

94 1441 228 1508 debellet,
244 1446 272 1493 ει
283 1441 376 1509 justos
392 1437 500 1492 dividat
513 1437 549 1490 ab
561 1436 667 1504 impiis.
680 1435 775 1490 Dicidc
797 1449 850 1501 coa,
876 1439 940 1499 etc,
998 1427 1503 1499 Cor.c),sedpernubescetlicreas
1532 1433 1620 1504 (quod
1645 1432 1676 1487 in
1708 1431 1845 1503 liebroeo),

93 1530 193 1600 (Cass.)
208 1528 237 1583 id
253 1532 304 1592 est,
320 1526 433 1583 iudaeos
455 1525 571 1590 divisos,
599 1528 663 1589 etc,
693 1538 777 1593 usqne
804 1523 841 1577 ud
857 1523 941 1577 miso·
996 1520 1024 1574 id
1040 1524 1092 1584 est,
1108 1536 1160 1591 per
1174 1521 1329 1592 prophetas
1341 1520 1371 1574 iu
1386 1522 1491 1592 qiribus
1505 1522 1628 1576 obscura
1657 1521 1791 1577 doctrina
1804 1521 1845 1588 sit,

93 1617 145 1683 ria,
164 1615 246 1688 qnasi
268 1613 537 1685 meritosquia,de
555 1611 737 1666 absconditis.
768 1613 804 1666 ile
829 1611 940 1666 abscou-
996 1607 1382 1681 sedpernnbesquae(non
1412 1609 1536 1677 estheris,
1566 1610 1595 1665 id
1621 1615 1675 1676 est,
1706 1609 1846 1682 Apostoli)

94 1706 160 1761 ditis
176 1707 240 1759 tuis.
257 1704 290 1758 Id
307 1709 359 1770 esi,
381 1703 415 1757 de
444 1701 648 1766 immunditiis,
671 1704 738 1765 etc..
763 1714 847 1769 usqne
861 1699 941 1753 adid
995 1696 1174 1767 prefulgida
1194 1702 1262 1751 sicut
1288 1697 1316 1751 in
1331 1698 1497 1770 cognitione
1511 1699 1585 1770 ejus,
1602 1698 1631 1753 id
1647 1702 1704 1765 εει,
1727 1698 1848 1753 vicinius

93 1793 197 1857 εει,εά
214 1791 374 1846 satietatem
393 1807 484 1861 iisque
510 1789 651 1844 malorum
676 1788 828 1859 participas
844 1793 939 1842 errrut.
996 1785 1233 1856 contemplantes.

93 1881 320 1937 ιιεαιεεοπειὲιίε.
339 1879 431 1949 (Aac.)
452 1878 513 1932 Non
530 1876 678 1930 solumeis
706 1875 767 1929 baec
794 1892 877 1946 picena
900 1875 941 1929 vi·
1032 1874 1111 1928 Vnus.
1131 1876 1173 1928 lb.
1191 1903 1227 1916 -
1253 1875 1372 1930 Gruudo.
1402 1875 1496 1945 (stuc.)
1524 1875 1761 1946 Obiurgationes,
1786 1891 1847 1947 qua

94 1968 196 2034 sibilis,
212 1968 261 2022 sed
286 1967 321 2022 de
350 1965 531 2025 absconditis.
553 1964 580 2019 id
609 1969 660 2031 est,
685 1963 808 2034 pcccatis
836 1963 942 2033 (orama
995 1961 1067 2015 dura
1089 1962 1173 2016 eorda
1199 1962 1316 2031 feriunt,
1339 1963 1385 2017 sed
1401 1965 1424 2016 si
1447 1964 1524 2034 ignis
1545 1963 1697 2018 charitatis
1722 1965 1846 2030 resolvit,

94 2056 204 2111 lumina
218 2055 345 2109 veritatis
356 2060 413 2108 tuae
429 2053 655 2122 absconduntur)
671 2052 757 2122 plena
773 2057 815 2105 est
831 2068 940 2107 memo·
995 2049 1025 2103 in
1041 2049 1104 2103 mili
1119 2051 1216 2104 auium
1233 2052 1265 2105 iit
1279 2068 1353 2123 aazia
1365 2052 1470 2106 satians
1487 2051 1571 2124 [altars
1582 2050 1718 2125 saliens}
1735 2055 1773 2109 nt
1786 2068 1847 2107 cor·

95 2146 136 2200 ria
149 2160 261 2211 eornm,
273 2149 305 2198 ut
321 2142 525 2197 obliviscantur
539 2143 639 2196 Derim.
996 2139 1083 2203 boues,
1101 2140 1169 2210 quia
1184 2140 1233 2195 illo
1248 2140 1315 2211 igne
1338 2141 1490 2196 tenebrosa
1517 2142 1605 2196 corda
1627 2159 1751 2197 accensa
1774 2142 1847 2197 rari·

390 2229 549 2284 Psatults
564 2228 642 2283 xvii.
995 2228 1115 2283 visruni.

129 2322 211 2375 Vens.
229 2322 254 2374 l.
267 2348 301 2357 —
311 2318 434 2384 Diligom
447 2321 483 2383 tc,
496 2318 615 2376 Domiue,
631 2314 768 2382 fortitudo
783 2331 853 2378 mco,
885 2319 938 2370 etc.
1032 2318 1111 2372 Vana.
1127 2319 1168 2373 ii.
1180 2349 1214 2358 -
1224 2321 1355 2374 Intonuit.
1365 2319 1462 2390 (Cass.)
1476 2320 1518 2374 ild
1533 2319 1668 2387 litteram,
1684 2324 1721 2374 ut
1734 2319 1847 2392 qnando

93 2408 196 2480 (Cass.)
212 2405 285 2461 [licii
299 2405 353 2460 hoc
369 2404 508 2471 Christus,
523 2404 600 2475 quod
618 2403 753 2468 Ecclesia,
768 2402 796 2457 id
822 2407 872 2471 esi,
898 2409 941 2460 to·
994 2405 1086 2459 risum
1103 2411 1146 2460 cst
1161 2407 1331 2468 tonitrunm,
1345 2409 1401 2462 ileo
1416 2408 1544 2462 dicente:
1562 2408 1734 2476 Ciorificuci,
1759 2412 1789 2463 ει
1799 2409 1846 2462 ite-

94 2506 140 2554 tus
155 2496 292 2552 Christus.
994 2509 1055 2547 rum
1070 2495 1232 2564 clarificabo.
1248 2495 1328 2550 ilcdii
1354 2511 1459 2550 cocem:
1482 2501 1515 2550 ut
1529 2511 1587 2550 non
1616 2494 1689 2551 dixit
1706 2513 1713 2552 :
1731 2495 1783 2551 iiic
1807 2500 1847 2552 est

129 2585 230 2655 (ibid.)
246 2583 351 2649 Primo,
367 2582 506 2653 propheta
525 2597 668 2636 summam
685 2582 832 2652 colligens,
860 2582 894 2637 de
910 2583 941 2637 li·
995 2582 1082 2636 Filius
1096 2599 1176 2637 maiis
1190 2583 1310 2638 dilectus
1326 2584 1355 2637 in
1371 2600 1428 2655 quo
1442 2584 1513 2639 mihi
1528 2583 1701 2655 complacui.

93 2674 239 2731 iteratione
254 2671 360 2742 gratias
375 2671 442 2742 agit.
1030 2673 1111 2726 Vens.
1140 2675 1283 2729 ls-ltt
1310 2675 1384 2728 misit
1404 2673 1508 2745 (loti.)
1533 2673 1673 2729 bantinus
1708 2673 1845 2739 intonuit,

128 2761 475 2826 Vansb-Reiuuinm.
512 2757 608 2829 (ibid.)
638 2758 754 2823 Quando
780 2763 841 2813 arat
868 2776 940 2831 opus
994 2765 1023 2814 et
1046 2761 1185 2815 Dominus
1213 2761 1309 2816 misit:
1341 2777 1400 2816 nou
1429 2761 1506 2816 cuim
1543 2762 1682 2816 transitus
1698 2763 1846 2835 adgentes

92 2850 221 2916 consilio,
238 2847 324 2902 ilaaid
342 2847 375 2901 ad
392 2862 458 2900 eum
479 2846 581 2916 refugit
599 2853 627 2902 ει
640 2847 760 2902 invenit.
787 2846 938 2918 biberetur,
995 2855 1177 2918 scmpcrerat
1193 2855 1285 2903 certus
1301 2866 1394 2920 neqrre
1409 2849 1586 2905 rationabilis
1607 2850 1736 2907 habitus.

92 2938 419 3010 utsipoteus,coptnm
441 2934 477 2988 ab
503 2935 632 2989 hostibus
660 2935 770 2990 liberet.
794 2937 980 3005 Protector‚c
1030 2938 1111 2991 l'cns.
1132 2940 1171 2991 iii.
1190 2967 1221 2978 -
1240 2938 1280 2993 Et
1308 2943 1495 3008 apparuerunt
1522 2941 1624 3006 scates.
1655 2940 1774 2994 Christo
1798 2955 1845 2994 rc-

92 3025 370 3098 (Auo)qniademe
399 3023 653 3094 nonpraesumpsi,
670 3024 751 3096 qrrasi
774 3041 863 3080 cornu
892 3042 939 3081 sn·
994 3025 1100 3088 niente,
1114 3026 1208 3095 patuit
1221 3028 1296 3098 quod
1312 3027 1469 3082 obscuritas
1492 3027 1579 3083 divini
1592 3029 1709 3100 tegebat
1722 3030 1842 3103 eloquii.

91 3116 198 3188 perbim
212 3121 311 3171 contra
326 3119 352 3168 te
366 3114 559 3186 erigcus3sel
574 3118 602 3167 ιε
617 3113 815 3169 celsitudinem
840 3115 939 3170 salutis
994 3114 1037 3169 Ab
1067 3115 1443 3184 iucreputc'ouc.‘Convcrsio
1468 3117 1503 3171 ad
1529 3117 1639 3172 Derim:
1665 3117 1751 3190 quasi
1781 3134 1844 3173 curu

90 3204 197 3272 iuveni,
214 3203 290 3275 quod
306 3207 338 3257 ut
353 3202 513 3257 invenirem
528 3201 674 3273 suscepisti
695 3217 751 3256 me.
994 3203 1152 3272 gratiarum
1175 3204 1294 3270 actione,
1326 3204 1393 3275 quia
1420 3221 1473 3276 per
1500 3205 1736 3277 praedicationem
1751 3206 1843 3261 incre·

128 3293 208 3345 Vens.
225 3293 252 3345 4.
273 3320 308 3330 -
323 3289 452 3344 bundans
477 3289 613 3344 invocabo.
632 3289 732 3359 (Cass.)
760 3291 827 3345 Post
841 3292 939 3346 omnia
992 3290 1079 3361 pabat
1093 3297 1252 3362 peccantes,
1276 3298 1305 3348 ει
1327 3293 1486 3364 inspirabat
1505 3299 1536 3348 ut
1557 3293 1697 3349 timerent
1711 3293 1786 3349 iram
1800 3295 1843 3350 iu-

91 3380 253 3434 nunciatus
278 3393 308 3430 se
327 3378 427 3447 jaciat,
444 3378 493 3431 sed
513 3378 610 3431 omnia
626 3377 682 3431 ileo
694 3377 794 3432 tribuit
809 3394 816 3432 :
833 3384 860 3433 at
873 3379 938 3434 idco
993 3383 1097 3434 turam.

91 3469 283 3534 salvus3nam
310 3465 359 3536 qni
373 3465 456 3519 aliter
471 3465 548 3531 iacit,
565 3466 615 3520 sibi
640 3466 756 3521 relictus
784 3467 868 3537 perit,
886 3469 937 3523 etsi
1027 3470 1112 3524 Misit.
1129 3467 1224 3542 (ibid.)
1246 3469 1398 3541 Hucusque
1418 3469 1591 3525 dcadvcutu
1620 3470 1747 3537 bomini,
1775 3470 1842 3526 binc

92 3555 192 3609 vicisse
208 3554 366 3608 videbatur.
992 3556 1026 3611 de
1055 3557 1232 3628 temporibus
1260 3557 1439 3613 Christianis.
1468 3560 1544 3614 Misit
1567 3560 1651 3614 Pater
1676 3560 1836 3615 Christum.

96 3680 99 3685 .
127 3640 208 3694 licus.
225 3642 250 3694 ii.
266 3638 620 3697 -ctrcumdederautmc
638 3640 728 3711 (ibid)
757 3642 786 3695 ln
817 3658 937 3712 persona
991 3646 1104 3716 decurii
1130 3662 1184 3700 me.
1207 3646 1358 3701 Ecclesiam
1391 3663 1536 3719 sponsam.
1567 3651 1604 3703 ilc
1632 3651 1714 3718 aquis
1746 3648 1841 3720 (ibid.)

87 3728 231 3799 justorum
248 3730 312 3781 anic
334 3726 488 3782 adventum
503 3727 615 3793 Christi,
638 3734 703 3797 etc,
734 3744 818 3800 nspnc
835 3732 873 3785 od
887 3732 936 3803 qui
993 3733 1136 3804 baptismi.
1156 3735 1204 3788 Vol
1221 3734 1452 3804 mieitSpiritum,
1466 3735 1572 3807 quiesi
1588 3736 1709 3792 donum.
1728 3739 1839 3805 Decitio,

90 3816 198 3887 rapidis
214 3814 413 3886 iniquitatibus
425 3816 588 3871 conturbati
604 3823 680 3872 suut.
991 3822 1057 3892 qnia
1074 3822 1193 3893 equalis
1206 3823 1282 3877 Patri
1297 3829 1326 3877 el
1341 3823 1420 3878 Filio.
1444 3825 1561 3894 Accepit,
1577 3824 1659 3896 quasi
1670 3825 1839 3896 fugativam.

125 3906 206 3959 Vana.
223 3907 300 3959 6.-
325 3905 433 3960 iloiores
466 3907 578 3972 inserui.
607 3907 731 3961 Gentiles
760 3908 790 3962 in
823 3909 935 3964 inferno
990 3910 1148 3980 Aestrmpsit
1161 3910 1190 3964 iu
1203 3911 1384 3966 altitudinem
1406 3911 1518 3966 virtutis
1533 3918 1562 3967 et
1577 3913 1645 3968 boui
1662 3914 1769 3986 operis.

89 3990 185 4046 debito
200 3991 297 4047 dolore
319 3993 482 4065 torquendi.
509 3995 767 4065 Praeoccupaauunt
789 4013 831 4051 me
845 3999 938 4067 laquei
1025 3999 1107 4053 Vens.
1130 4001 1173 4054 i8.
1189 4029 1222 4039 -
1235 4002 1402 4055 Deiuimicis
1426 4002 1501 4056 meis.
1516 4002 1618 4073 lico.)
1631 4001 1662 4057 ld
1679 4006 1732 4065 est,
1754 4003 1838 4071 siliis,

90 4085 195 4147 mortis,
211 4080 359 4151 sequitur:
989 4102 1054 4157 qliae
1068 4103 1155 4157 super
1179 4103 1278 4141 omnes
1294 4087 1426 4142 inimicos
1452 4089 1517 4158 plus
1543 4094 1658 4144 nocent.
1688 4092 1722 4147 iit
1748 4091 1784 4146 ub
1799 4093 1839 4145 iris

127 4169 205 4223 Vens.
233 4172 261 4224 8.
295 4199 330 4208 —
356 4170 491 4225 Commota
517 4176 566 4226 εει.
592 4172 660 4225 iteca
683 4174 839 4242 quomodo,
867 4181 932 4243 ete,
991 4178 1047 4243 qui.
1076 4180 1129 4229 etc.
1167 4177 1197 4231 ld
1224 4181 1266 4230 est
1293 4177 1481 4231 exterioribus
1511 4177 1634 4232 inimicis
1663 4178 1838 4245 bominibus,

22 4306 27 4321 ,
89 4272 174 4326 usone
188 4257 225 4311 cd
239 4264 268 4312 ει
284 4259 339 4314 hoc
352 4258 402 4329 qui
415 4260 625 4330 prmoccupniit
641 4261 799 4315 mortalitas
813 4267 840 4317 et
868 4279 935 4335 pos-
991 4263 1141 4318 scilicelel
1166 4264 1345 4319 doemonibus
1369 4265 1445 4336 quud
1470 4281 1584 4321 necesse
1606 4272 1659 4334 est,
1689 4268 1838 4339 quincon-

91 4345 223 4400 sibilitas.
992 4352 1088 4408 iorlati
1116 4354 1272 4408 secuudum
1301 4354 1381 4425 quid.
1413 4357 1479 4410 Ecce
1512 4360 1711 4426 prevenerunt,
1739 4356 1837 4424 idest,

125 4436 162 4487 ile
177 4435 286 4504 tempto.
304 4436 404 4503 (Cass.)
422 4435 468 4489 Vel
480 4435 515 4490 de
530 4436 609 4504 coelo,
621 4436 664 4490 rel
678 4437 844 4493 dereuluro
860 4439 937 4494 Chri·
992 4442 1212 4512 prevaluerunt.
1230 4443 1284 4497 Per
1309 4443 1578 4513 hocmagiseripil,
1608 4445 1678 4514 quia
1702 4443 1748 4499 illi
1777 4447 1839 4498 suut

92 4520 126 4574 sti
139 4537 268 4592 corpore.
992 4530 1165 4598 confortati3
1190 4547 1255 4586 cum
1293 4531 1368 4586 euim
1398 4530 1535 4602 affligitur
1587 4533 1722 4598 Ecclesia,
1751 4532 1839 4606 magis

126 4610 262 4666 Commota
289 4614 337 4665 cst.
366 4609 518 4683 (incilia
539 4611 692 4667 clarificato
720 4614 831 4670 Christo
859 4632 936 4671 com·
992 4617 1100 4670 crescit.

91 4699 162 4753 moti
187 4704 254 4753 sunt
281 4705 310 4753 ει
344 4705 581 4755 contremuerunt
620 4705 791 4772 peccatores.
830 4704 938 4758 Fundo—
1027 4705 1218 4760 llans‘tb-
1241 4706 1272 4761 iu
1297 4705 1480 4760 latitudinem.
1502 4706 1591 4777 (ibid.)
1618 4709 1674 4763 Per
1702 4709 1838 4765 saevitiam

91 4792 191 4853 macto,
217 4794 269 4842 etc.
296 4787 395 4859 (Cass.)
425 4790 666 4860 praesumptiones
692 4791 891 4861 superborum,
908 4793 936 4848 id
992 4794 1145 4860 malorum,
1161 4795 1260 4849 crescit
1275 4794 1395 4849 Ecclesia
1411 4809 1532 4848 numero
1554 4799 1582 4848 ει
1597 4795 1713 4853 merito.
1731 4798 1838 4854 &ioan

92 4880 144 4942 cst,
167 4876 272 4931 divitiae
291 4882 320 4930 et
342 4877 508 4948 hujusmodi
524 4878 627 4949 quibus
643 4879 857 4937 innitebantur:
873 4897 937 4954 spes
990 4898 1032 4936 me
1043 4884 1119 4948 iecit,
1139 4884 1217 4954 qnod
1243 4883 1279 4937 ad
1299 4883 1385 4937 iidem
1407 4882 1494 4938 rcuit.
1525 4882 1660 4950 monium
1683 4887 1772 4942 uoluit
1786 4902 1834 4943 mc.

92 4958 167 5012 anim
181 4958 282 5014 mundi
295 4959 376 5025 abiit,
390 4975 477 5030 quiam
493 4961 554 5015 odit
568 4962 652 5016 [leus.
992 4971 1086 5041 (buc.)
1104 4971 1135 5026 id
1151 4976 1204 5038 εει,
1221 4971 1312 5043 gratis
1327 4972 1428 5043 elegit.

127 5047 208 5101 l'ans.
226 5050 314 5103 te-
333 5049 431 5104 Ceios.
448 5049 546 5119 libid.)
562 5050 592 5104 ld
608 5053 659 5118 est,
676 5051 877 5122 praedicatores
891 5052 937 5108 in·
1026 5060 1108 5114 Vsus.
1124 5063 1169 5115 ιι.
1185 5091 1219 5100 -
1239 5064 1275 5116 Et
1286 5061 1417 5115 retribuet
1435 5058 1582 5115 secuudum
1592 5060 1739 5130 postitium
1761 5063 1837 5119 bone

90 5134 207 5189 clinavit
232 5153 248 5190 a
272 5137 491 5208 contemplativa
515 5139 551 5193 ad
579 5139 781 5207 ministerium,
797 5147 825 5196 et
845 5142 936 5197 adio·
990 5149 1155 5202 uoluntatis.
1179 5148 1376 5204 Etsecundom
1404 5150 1552 5219 puritatem
1573 5165 1705 5205 manuum
1729 5152 1836 5224 ilbidi:

93 5226 357 5281 rendasmolastias.
375 5228 532 5295 Descendit,
563 5235 616 5284 etc.
635 5231 697 5302 lpse
721 5247 820 5302 passus
839 5231 934 5298 ineis,
991 5252 1090 5306 opera,
1106 5242 1250 5308 quaesunt
1271 5244 1336 5308 post
1361 5238 1456 5309 prima
1484 5237 1625 5292 beneficia
1648 5239 1712 5308 nei,
1737 5240 1839 5296 scilicet

91 5312 161 5366 etin
188 5316 379 5385 quorumdam
405 5317 547 5373 notitiam.
577 5319 686 5386 Cultus:
715 5321 869 5387 tenebrosi,
886 5323 936 5393 qui
991 5325 1076 5379 tidem
1093 5332 1122 5380 ει
1141 5327 1398 5399 charitatemque
1425 5325 1549 5399 gratuito
1579 5326 1642 5383 siue
1668 5327 1837 5399 praecedenti

92 5401 177 5455 etiarn
193 5409 415 5474 persequuntur,
445 5406 497 5461 sub
521 5407 583 5477 ejus
609 5412 747 5479 potestate
780 5413 934 5479 sunt3rel‚
991 5414 1092 5468 merito
1105 5415 1178 5469 Deris
1193 5420 1321 5485 prestat.

91 5489 142 5561 qai
156 5490 323 5561 simpliciter
350 5493 481 5563 creduut,
501 5494 619 5564 sulijccti
634 5497 661 5552 ei
676 5503 754 5553 sunl.
1027 5503 1106 5558 Vens.
1123 5506 1167 5557 ii.
1183 5534 1217 5545 —
1233 5505 1305 5571 Quin
1319 5505 1462 5561 custodivi.
1479 5503 1582 5576 (ibid.)
1605 5504 1654 5561 vet
1679 5504 1721 5564 ita
1753 5506 1825 5564 couti
