3892 6106
110 249 159 301 tit
433 248 632 305 inaniuntur
651 250 772 306 sinaut
793 250 893 306 i'UtD.
914 246 995 305 ΜΘΝ.
1015 249 1089 306 ΟΡΡ.
1112 247 1200 304 PARS
1219 247 1241 302 Ι.
1263 275 1297 286 -
1316 245 1544 303 insolentes.
1821 246 1875 299 252

111 362 155 418 vol
170 361 240 419 deos
251 364 378 435 appellat
391 364 553 436 Scriptura:
570 366 639 423 deos
662 367 742 439 quaesi
759 384 775 422 a
791 368 848 422 Deo
868 366 961 434 datos,
976 371 1000 427 Α
1017 383 1099 435 num,
1115 366 1170 423 hoc
1184 371 1227 422 est
1241 367 1350 423 beilum
1366 365 1535 423 denuntiare
1548 365 1685 422 omuibus
1707 365 1781 433 eliis,
1812 367 1878 440 qui·

110 451 318 506 otdominosa
347 453 466 508 Domino
494 459 664 525 potestatem
683 455 807 511 sortitos.
831 455 962 511 Undeeis
1014 456 1068 512 bus
1086 455 1274 527 inbaptismo
1299 455 1480 524 renuntiasti,
1507 455 1601 510 sulum
1624 455 1715 510 Deum
1738 454 1879 510 confitens

110 538 215 595 dicitur
228 540 299 610 psai.
315 556 394 596 mxxi
410 557 418 595 ι
434 543 491 610 Epo
505 542 590 597 dmi:
617 546 662 598 Dii
688 546 752 599 estis
782 547 807 598 et
831 545 885 614 nni
901 545 962 599 Eo·
1015 546 1126 600 Patrem
1144 548 1172 600 et
1187 544 1290 600 rurum
1304 547 1331 599 et
1349 543 1488 615 Spiritum
1502 548 1641 599 sanctum.
1658 543 1713 600 Sed
1727 543 1782 598 hoc
1802 558 1876 597 con·

110 629 175 699 celsi
198 643 296 684 omncs.
316 630 369 685 Vos
399 636 488 685 autem
515 632 586 686 sieut
613 632 732 686 nomines
755 634 915 700 moriemini,
936 637 962 689 et
1014 632 1127 688 iitentes
1142 632 1196 688 nisi
1224 632 1389 687 totocorde
1415 631 1568 704 diligamus
1603 631 1760 687 Dominum
1784 633 1877 687 Deum

109 717 264 772 sieatunas
291 716 325 771 de
336 717 514 787 principibus
536 718 662 786 cadetis3
691 719 837 775 imitantes
855 720 962 776 scilicet
1014 724 1154 787 nostrum,
1183 724 1243 776 tota
1268 720 1375 790 anima,
1406 725 1466 775 tota
1500 719 1605 776 virtute
1634 721 1660 775 oi
1695 720 1876 777 adherentes

111 803 269 870 diabolum,
285 805 335 876 qui
348 804 482 876 princeps
507 804 637 862 omnium
664 806 754 863 iectus
776 812 819 863 est
839 807 874 862 ad
901 809 962 862 rui·
1014 825 1073 865 non
1088 807 1291 864 sumnseiiecti
1305 824 1373 880 pars
1401 808 1522 871 Domini,
1540 808 1590 864 sed
1617 808 1648 863 in
1669 808 1794 863 confinio
1817 825 1870 880 po-

110 907 188 949 nam.
207 895 284 950 Unde
300 894 498 966 constatquod
519 895 707 950 exsecrabiles
730 895 796 952 iecit
822 913 870 952 eos
887 913 961 969 prro·
1015 897 1063 954 eiii
1086 897 1152 953 iiios
1179 897 1306 969 patimur
1333 897 1458 952 offensos
1490 912 1562 968 quos
1590 895 1728 967 fugimus,
1762 900 1791 952 ei
1832 896 1868 951 ad

110 981 253 1049 varinus,
271 999 330 1038 non
342 987 455 1038 natura.
469 982 532 1038 Tibi
549 998 628 1055 orgo,
655 1001 672 1040 o
699 985 793 1052 irrasi,
824 987 874 1058 qui
895 1001 962 1057 pars
1014 1001 1100 1056 quem
1115 985 1251 1056 fugimus,
1267 983 1423 1056 propitium
1441 999 1501 1039 non
1517 982 1666 1039 efficimus.
1680 983 1789 1049 Quibus
1803 998 1867 1055 pro-

112 1070 163 1125 Dei
176 1074 204 1125 et
218 1071 363 1126 funiculus
382 1071 444 1142 ejus
468 1086 509 1138 es,
537 1086 592 1127 non
618 1076 707 1139 munt,
729 1072 833 1145 inquit,
849 1074 901 1129 tibi
921 1073 962 1129 dii
1014 1074 1100 1146 pheta
1114 1073 1203 1130 dicit:
1224 1075 1268 1130 Vn
1278 1073 1383 1144 duplici
1394 1074 1483 1127 animo
1499 1073 1593 1143 (Decii.
1619 1072 1661 1143 n).
1680 1073 1713 1126 Et
1735 1071 1866 1126 iterum:

111 1160 345 1228 atiipraeterme:
361 1159 503 1231 quievere
526 1160 610 1229 Deus,
636 1173 711 1214 unus
740 1165 784 1216 ost
821 1162 904 1228 Deus,
934 1164 963 1218 et
1017 1164 1157 1233 Usqueqao
1173 1162 1338 1218 claudicatis
1365 1166 1479 1231 atroque
1500 1161 1591 1230 pede?
1618 1160 1665 1230 (iii
1687 1162 1753 1230 itep.
1775 1158 1868 1222 xv111.)

112 1263 178 1302 rere
194 1246 342 1316 Dominus,
366 1262 444 1302 uuus
463 1250 506 1302 est
528 1247 665 1302 Dominus
682 1264 690 1316 ;
714 1248 823 1304 caeteris
843 1265 910 1305 vero
926 1250 961 1305 ab
1015 1250 1057 1306 Ab
1068 1250 1124 1306 iiiis
1139 1266 1207 1323 ergo
1220 1250 1302 1323 quasi
1312 1250 1427 1321 fugaces
1439 1249 1586 1316 caedimur,
1602 1253 1630 1304 et
1645 1265 1662 1303 a
1679 1248 1800 1304 Domino
1814 1263 1868 1302 no·

111 1333 173 1407 ipsa
207 1335 308 1391 creetis
344 1335 467 1391 contulit
502 1334 556 1391 hoc
605 1351 712 1392 nomon
748 1352 806 1392 non
846 1345 961 1409 nature,
1015 1343 1075 1394 stro
1086 1338 1169 1409 quasi
1179 1338 1328 1393 instabiles
1345 1354 1405 1393 non
1414 1336 1604 1404 deiendimur,
1633 1337 1711 1391 unde
1727 1337 1784 1392 lor.
1816 1351 1867 1391 rr:

112 1422 163 1479 sed
191 1424 292 1495 gratia.
321 1425 384 1479 Nou
412 1423 473 1479 hoec
506 1428 618 1480 tantum
644 1425 779 1480 dicuntur
810 1426 847 1481 ad
876 1427 962 1481 israel
1016 1426 1159 1482 Amatores
1173 1428 1214 1482 tui
1228 1428 1333 1482 inimici
1346 1428 1418 1494 socii
1432 1431 1495 1481 sunt
1510 1426 1569 1481 tibi.
1587 1424 1744 1481 linitisunt
1764 1424 1871 1481 animae

112 1511 270 1567 secundum
297 1526 422 1574 munem
448 1511 508 1568 imo
532 1513 569 1568 ad
596 1518 625 1569 te
652 1513 702 1586 qui
734 1515 820 1570 lsrael
847 1514 963 1571 allectus
1016 1520 1168 1584 amatores,
1191 1513 1267 1585 capti
1286 1515 1387 1570 decore
1415 1513 1487 1584 ejus,
1515 1529 1582 1569 cum
1610 1513 1716 1586 quibus
1739 1510 1871 1567 meretri·

113 1603 250 1654 osmonte
266 1600 357 1655 Deum
372 1597 503 1666 videndo,
520 1604 550 1657 et
573 1600 755 1657 circumcisus
783 1603 877 1670 corde,
904 1617 963 1656 non
1016 1606 1078 1658 cata
1106 1607 1158 1670 est,
1181 1602 1289 1658 dicens.
1318 1604 1381 1659 Post
1408 1606 1541 1658 amatores
1573 1615 1644 1657 meos
1667 1601 1712 1657 ibo
1740 1602 1790 1671 qai
1803 1600 1873 1655 dant

113 1701 219 1754 cerne,
236 1686 259 1740 si
285 1690 382 1742 tamen
402 1686 443 1741 ita
471 1703 540 1760 agas
562 1692 596 1744 ut
623 1689 726 1760 dignus
750 1690 788 1746 sis
810 1707 869 1746 csse
897 1706 963 1762 pars
1016 1692 1085 1747 mili
1106 1693 1200 1746 vinum
1227 1706 1323 1758 mmm,
1349 1694 1403 1746 etc.
1420 1686 1497 1761 (Osa
1522 1698 1550 1755 u)
1579 1689 1651 1745 :bos
1678 1687 1800 1744 offendit
1817 1685 1882 1744 ra·'

115 1774 176 1842 Dei,
192 1779 221 1830 et
239 1772 407 1831 infuniculo
431 1775 604 1833 hereditatis
620 1778 681 1850 ojus
698 1779 792 1834 metiri
809 1796 815 1834 :
833 1779 963 1851 alioquin
1017 1796 1098 1836 versa
1113 1780 1147 1835 ad
1161 1779 1254 1835 virum
1266 1778 1402 1852 priorem.
1418 1777 1479 1834 Nisi
1491 1793 1559 1849 ergo
1583 1781 1644 1833 tota
1672 1776 1729 1833 fide
1755 1791 1872 1849 perma-

113 1862 245 1935 oxomplo
259 1863 312 1919 tibi
325 1864 381 1920 sint
393 1865 443 1936 qui
458 1866 492 1921 sd
507 1866 660 1922 hocrooati
686 1867 801 1922 inerant
823 1871 856 1923 ut
871 1871 964 1922 essent
1018 1883 1086 1923 noas
1101 1883 1166 1922 cum
1190 1867 1250 1922 viro
1273 1871 1332 1932 tuo,
1364 1881 1416 1938 pro
1444 1864 1599 1920 sectoribus
1621 1879 1685 1936 qum
1700 1862 1869 1919 commisisti

112 1966 179 2022 pars
204 1951 265 2022 Dei,
281 1957 310 2008 et
332 1953 510 2025 exigentibus
535 1955 659 2026 peccatis
684 1955 805 2028 dispersi
831 1960 963 2026 suntper
1017 1961 1167 2026 suspectus
1179 1971 1230 2023 es;
1246 1970 1345 2010 omnes
1360 1957 1455 2008 motus
1480 1957 1556 2013 tuos,
1585 1955 1714 2024 aspectus
1730 1955 1759 2007 et
1780 1951 1873 2006 inces-

113 2054 213 2096 omnes
227 2046 338 2112 gentes,
358 2047 386 2097 et
398 2042 492 2099 educti
507 2043 542 2098 de
557 2044 642 2101 domo
657 2043 801 2100 servitutis
821 2044 881 2115 jem
905 2059 963 2098 non
1018 2059 1066 2099 sus
1085 2047 1179 2115 notat;
1190 2042 1232 2099 nil
1245 2044 1319 2099 uiua
1336 2041 1366 2097 in
1380 2047 1409 2097 ie
1432 2040 1570 2096 lascivum
1584 2041 1692 2110 videre,
1719 2039 1792 2096 nihii
1815 2039 1872 2096 dis·

113 2128 251 2201 [egyptiis
266 2130 342 2197 solis,
359 2131 406 2186 sed
427 2132 561 2187 omnibus
589 2131 724 2205 gentibus
746 2133 883 2189 serviunt.
910 2133 963 2200 Dus
1016 2133 1144 2188 solutum
1158 2133 1203 2187 vet
1215 2131 1371 2203 prodigum
1389 2133 1494 2201 potest.
1512 2129 1543 2186 Si
1556 2145 1625 2202 ergo
1640 2134 1786 2200 acceptam
1804 2144 1870 2201 gra·

114 2218 401 2288 enimpeccat,serons
415 2225 454 2277 est
466 2223 573 2291 peccati
587 2220 680 2293 (Joan.
696 2221 734 2291 v).
1017 2219 1088 2275 tiam
1109 2220 1243 2293 negligis,
1274 2223 1303 2276 et
1327 2219 1456 2290 implicas
1483 2222 1511 2273 te
1524 2218 1706 2274 sacularibus
1735 2216 1870 2288 nogotiis,

163 2304 245 2361 Vnae.
270 2308 297 2362 i.
322 2336 357 2349 -
377 2310 437 2365 Non
460 2310 557 2377 soona,
581 2313 635 2365 etc.
663 2309 770 2380 (Dura.)
797 2310 855 2366 Non
879 2310 963 2376 scens
1018 2310 1154 2365 continuo
1173 2308 1340 2364 immundus
1363 2307 1483 2379 spiritus
1506 2306 1582 2363 redit
1605 2321 1671 2362 cum
1688 2311 1799 2378 septem
1815 2320 1870 2359 ne·

114 2392 239 2463 tibiipsi
265 2394 380 2465 idolam,
406 2411 499 2465 neque
526 2412 628 2453 mnam
660 2396 875 2463 similitudinem,
910 2400 962 2454 eto.
1019 2398 1168 2471 quioribus
1198 2396 1306 2468 (italiis.
1343 2395 1405 2464 an),
1429 2409 1465 2449 ne
1487 2393 1593 2449 iterum
1623 2392 1726 2465 expelli
1768 2391 1871 2464 possit,

113 2480 199 2536 Aliud
211 2486 278 2537 sunt
294 2483 380 2550 idola,
398 2484 475 2540 aliud
489 2484 539 2540 dii.
559 2486 600 2541 De
624 2485 679 2540 diis
707 2486 785 2540 onim
804 2485 872 2542 dicit
886 2488 964 2556 apo·
1019 2486 1130 2542 otflunt
1152 2483 1307 2540 novissima
1328 2483 1427 2554 pejora
1452 2481 1607 2554 prioribus.
1629 2482 1712 2538 Nulla
1737 2497 1806 2553 ergo
1821 2497 1867 2536 so·

113 2570 215 2636 stolus,
230 2570 311 2625 icor.
330 2588 377 2627 ιιιι
395 2574 446 2629 :Si
464 2573 572 2642 quidem
582 2578 646 2629 sunt
659 2573 702 2629 dii
723 2575 812 2641 matti,
824 2578 850 2629 et
861 2574 965 2629 domini
1018 2574 1104 2630 cistas
1118 2573 1226 2644 templo
1239 2571 1290 2626 Dei
1302 2586 1368 2627 cum
1382 2569 1475 2625 idolis.
1488 2570 1517 2625 Si
1533 2569 1583 2624 Dei
1596 2585 1704 2638 sumus,
1719 2570 1790 2625 iales
1809 2586 1872 2624 esse

113 2658 203 2725 multi,
228 2663 280 2713 etc.
308 2660 348 2714 Da
371 2659 455 2716 idolis
476 2677 552 2728 sero,
587 2665 653 2732 quta
685 2663 782 2718 niteat
813 2662 913 2718 ιάοιιιιιι
934 2665 965 2718 in
1018 2661 1155 2718 debemus
1171 2661 1201 2718 in
1216 2658 1481 2732 quibushabitetet
1506 2657 1666 2713 inambulet
1692 2657 1872 2722 Deus;unde

113 2746 214 2802 mundo
228 2763 234 2814 ;
249 2747 283 2802 de
298 2747 534 2805 similitudinibus
557 2755 653 2805 autem
679 2766 736 2806 non
765 2751 965 2823 eddidit,quia
1019 2751 1136 2806 isanu:
1162 2751 1216 2816 Qui
1229 2751 1347 2819 portatis
1368 2761 1437 2802 oasa
1464 2747 1583 2812 Domini,
1606 2748 1678 2801 saite
1699 2751 1726 2800 et
1751 2747 1869 2801 immun-

113 2833 243 2890 niisuut.
262 2836 422 2893 Dicentem
445 2838 567 2893 dicitur:
592 2840 652 2896 Non
669 2841 754 2907 seems
782 2840 833 2894 tibi
851 2839 963 2907 idolum
1019 2838 1085 2894 dam
1102 2839 1183 2893 nolito
1209 2842 1327 2905 tonuere,
1362 2839 1388 2890 et
1406 2849 1453 2904 epo
1475 2835 1608 2904 muniam
1634 2848 1691 2902 uos,
1719 2838 1774 2888 etc.
1798 2832 1872 2888 Dicit

114 2937 200 2992 neque
228 2925 435 2981 similitudinem
462 2941 574 2982 omnem.
599 2926 685 2982 aliud
704 2932 748 2982 est
775 2942 845 2998 ergo
873 2926 965 2982 iacere
984 2926 1104 2998 Gorgo:
1131 2927 1191 2984 it'on
1204 2929 1283 2980 eant
1297 2923 1349 2980 tibi
1362 2922 1405 2978 dii
1419 2924 1580 2993 oliiprseter
1596 2937 1645 2977 mc.

115 3009 236 3078 idolum,
252 3011 329 3068 aliud
343 3013 571 3070 similitudinem.
589 3014 673 3069 Verbi
687 3031 780 3080 censa,
798 3015 821 3068 si
844 3014 909 3086 quis
932 3013 962 3068 in
1052 3017 1133 3070 vans.
1161 3015 1241 3069 5·il.
1261 3042 1296 3053 -
1325 3011 1542 3078 Nonadorobis,
1571 3014 1624 3066 etc.
1652 3009 1736 3065 Aliud
1761 3013 1804 3066 est
1822 3026 1871 3065 co·

115 3113 185 3153 auro
200 3103 371 3170 mergente,
386 3101 465 3173 ligno
478 3103 522 3158 rei
534 3102 638 3174 lapide,
658 3101 741 3157 iaciat
754 3102 876 3172 speciem
891 3118 962 3174 qua·
1016 3090 1083 3167 ¹ere,
1096 3101 1173 3157 aliud
1186 3101 1313 3156 adorare.
1341 3102 1436 3156 Potest
1459 3099 1524 3172 quis
1546 3098 1653 3154 invitus
1676 3098 1806 3165 adorare,
1828 3100 1871 3154 vei

115 3184 262 3257 drupedis,
279 3189 323 3243 vel
338 3190 488 3261 serpentis,
504 3191 548 3245 vel
563 3190 632 3257 avis,
657 3195 686 3244 et
713 3194 818 3245 statuat
841 3190 962 3244 adoran·
1016 3189 1159 3245 adulando
1169 3189 1284 3260 regibus
1293 3186 1463 3256 idololatris,
1480 3187 1523 3241 vel
1535 3188 1685 3242 tormentis
1695 3187 1870 3252 viatus,cum

116 3273 195 3342 dum,
211 3291 268 3329 non
283 3275 392 3332 idolum
407 3278 455 3333 sed
470 3278 689 3335 similitudinem
715 3278 792 3334 iecit.
817 3278 872 3344 Qui
897 3294 963 3333 vero
1016 3277 1086 3333 sciat
1101 3277 1169 3349 quia
1178 3277 1288 3332 idolum
1303 3276 1344 3331 nii
1355 3279 1407 3332 est.
1424 3275 1523 3331 Colere
1539 3291 1607 3330 vero
1623 3281 1666 3331 est
1689 3278 1749 3330 toto
1770 3275 1815 3330 his
1831 3277 1869 3332 ai·

115 3360 184 3417 iacit
197 3363 274 3434 quod
286 3380 345 3419 non
356 3368 408 3435 est,
427 3366 551 3437 speeiem
566 3366 673 3422 scilicet
687 3381 775 3438 quam
791 3366 891 3420 oculus
903 3381 963 3420 non
1015 3366 1090 3422 iectu
1107 3371 1136 3420 et
1151 3365 1245 3421 studio
1269 3363 1438 3436 mancipari.
1465 3365 1625 3436 Utrumque
1654 3379 1723 3435 ergo
1751 3369 1869 3433 resecet,

116 3449 198 3520 vidit,
225 3451 274 3506 sed
293 3453 406 3508 animus
430 3455 484 3511 sibi
507 3454 591 3527 lingit
605 3471 613 3523 ;
629 3459 660 3510 ut
689 3456 713 3510 si
741 3454 805 3526 quis
829 3453 964 3509 humanis
1018 3460 1049 3509 ut
1061 3469 1114 3509 nec
1128 3452 1232 3508 ellectu
1246 3452 1333 3518 colas,
1347 3466 1400 3507 nec
1414 3451 1508 3523 specio
1519 3451 1631 3507 adores.

115 3538 252 3593 membris
267 3545 353 3612 caput
369 3542 448 3597 canis
463 3546 513 3598 aut
527 3543 625 3599 arietis
652 3542 769 3612 formet,
784 3542 828 3598 rei
856 3541 886 3597 in
905 3558 964 3597 uno
1052 3546 1109 3613 Epo
1134 3556 1194 3597 sum
1218 3542 1360 3608 Dominus,
1385 3545 1439 3596 cto.
1473 3541 1541 3596 Vide
1564 3539 1770 3612 benignitatem
1800 3539 1868 3596 Dei:

115 3624 240 3682 hominis
253 3628 355 3685 habitu
368 3630 439 3687 duas
453 3631 548 3698 iacies,
565 3636 614 3687 aut
636 3631 764 3687 bumana
790 3631 897 3703 pectori
913 3648 963 3701 po·
1017 3636 1050 3687 ut
1064 3648 1117 3686 nos
1131 3631 1231 3685 doceat
1241 3635 1269 3684 et
1282 3629 1422 3700 periectos
1444 3628 1538 3693 iaciat,
1563 3628 1748 3701 fragilitatem
1763 3629 1869 3685 huma·

116 3718 235 3770 stremas
248 3721 343 3788 partos
355 3719 421 3791 equi
435 3724 486 3775 aut
503 3720 588 3792 piscis
604 3719 673 3792 ;qui
698 3720 752 3775 boc
765 3719 841 3789 iacit,
857 3735 914 3774 non
927 3719 963 3774 si·
1017 3736 1121 3775 norum
1136 3720 1289 3775 eiiectuum
1304 3734 1363 3774 nou
1376 3724 1505 3785 recusat;
1521 3718 1619 3772 omnia
1631 3716 1691 3788 agit
1711 3721 1739 3770 et
1760 3718 1871 3787 patitur

117 3801 321 3871 militudinem,
333 3805 383 3861 sod
397 3806 506 3862 idolum
518 3807 587 3863 iacit
601 3823 609 3863 ε
625 3807 693 3863 iacit
706 3807 784 3863 enim
808 3807 884 3880 quod
906 3823 964 3861 non
1017 3813 1136 3881 propter
1147 3824 1210 3871 nos,
1223 3806 1297 3863 uotis
1311 3811 1339 3860 ei
1353 3806 1466 3862 usitatis
1480 3806 1563 3860 nobis
1573 3804 1702 3877 loquitur
1711 3804 1868 3860 effectibus.

117 3894 170 3957 est,
181 3906 234 3944 nec
247 3891 334 3947 habet
349 3893 458 3965 aliquid
471 3895 564 3950 simile
575 3896 630 3951 sui.
642 3896 709 3951 idco
732 3896 801 3952 dicit
814 3898 965 3968 Apostolus
1054 3897 1156 3968 (Dara,
1187 3897 1236 3951 ubi
1264 3894 1372 3965 supra.)
1397 3894 1496 3950 Omnis
1524 3893 1629 3948 mulier
1660 3896 1709 3948 aut
1733 3893 1786 3947 sub
1810 3892 1870 3946 viro

117 3979 183 4049 quia
195 3978 298 4035 idolum
310 3983 430 4039 miltitest
443 3985 584 4040 inmustdo
596 3986 620 4055 ii
637 3987 700 4042 Cor.
717 3986 788 4055 ιιιι).
806 3986 867 4040 Non
887 3985 964 4039 enim
1018 3991 1071 4054 est,
1085 3991 1113 4041 et
1135 3984 1263 4056 subjecta
1286 3989 1329 4038 est
1354 3983 1468 4053 iegibus
1486 3981 1540 4037 viri
1558 3983 1682 4052 (Epicu),
1704 3985 1754 4035 aut
1774 3996 1868 4035 merc·

117 4065 258 4138 aliquaox
276 4070 362 4125 rebus
375 4073 572 4128 constantibus
595 4074 751 4128 assumitur
776 4073 896 4145 species,
917 4074 964 4127 sed
1017 4074 1074 4129 trix
1088 4078 1140 4143 ost,
1155 4076 1184 4128 et
1207 4072 1295 4127 utitur
1319 4071 1450 4127 libertate
1471 4070 1617 4142 peccandi.
1637 4069 1691 4134 Qui
1710 4069 1871 4140 ingreditur

117 4155 193 4227 quod
209 4159 391 4215 mensotiosa
404 4165 433 4215 et
450 4160 561 4216 curiosa
575 4163 691 4233 reperit.
716 4162 877 4218 Similitudo
897 4178 965 4216 vcro
1019 4162 1054 4217 ad
1068 4161 1258 4230 meretricem,
1285 4159 1339 4215 scit
1359 4159 1438 4232 quod
1464 4159 1498 4215 ad
1515 4158 1696 4230 prostitutam
1715 4162 1743 4213 ot
1761 4157 1871 4213 cunctis

117 4247 234 4299 osteum
246 4245 355 4317 aliquid
369 4263 402 4302 ex
414 4248 458 4304 bis
473 4264 538 4321 quae
560 4254 629 4305 sunt
655 4252 700 4306 vei
713 4250 745 4305 in
768 4251 849 4318 coeio,
877 4251 921 4304 rei
936 4250 966 4305 in
1021 4252 1166 4322 patentem
1179 4247 1324 4319 ingressus
1340 4251 1391 4313 est,
1418 4247 1483 4301 ideo
1500 4246 1535 4301 de
1559 4246 1622 4301 aliis
1647 4245 1791 4316 indignari
1810 4262 1870 4299 non

118 4332 308 4396 serraverii
326 4335 409 4406 aquis
436 4337 661 4393 formaturtsod
685 4354 742 4393 non
766 4338 840 4394 sicut
864 4338 898 4394 de
923 4338 966 4394 bis
1019 4335 1332 4412 potestouilegitimo
1356 4334 1447 4389 utitur
1470 4333 1666 4400 matrimonio,
1687 4349 1746 4388 non
1761 4334 1871 4405 patitur

119 4436 184 4494 quae
199 4421 448 4479 interrasuntvei
469 4424 500 4479 in
528 4425 601 4480 mari
620 4425 854 4482 similitudinibus
867 4443 964 4499 prom·
1021 4440 1139 4482 uxorem
1153 4440 1281 4497 peccare,
1303 4422 1353 4478 sed
1377 4422 1542 4479 accenditur
1561 4423 1622 4478 zoio
1647 4422 1682 4477 ad
1701 4422 1869 4477 servandam

117 4515 200 4586 ptum
214 4516 257 4567 est
270 4512 457 4582 pronuntiare
471 4512 531 4568 :ita
545 4513 632 4568 otiam
645 4512 681 4567 de
702 4513 864 4569 coelestibus
880 4531 887 4581 ;
909 4515 966 4570 nisi
1019 4513 1177 4569 castitatem
1192 4510 1379 4580 matrimonii,
1404 4515 1436 4567 ui
1450 4510 1540 4583 possit
1566 4510 1713 4582 legitimus
1736 4509 1799 4565 lieri
1818 4526 1870 4581 pa·

117 4598 268 4675 quisdicat
280 4599 315 4654 de
328 4600 398 4667 solo,
422 4603 451 4655 et
465 4601 544 4668 iuna,
570 4605 599 4656 et
625 4601 715 4656 stellis
726 4601 780 4656 boo
801 4617 885 4673 posse
901 4618 966 4657 sen·
1019 4606 1072 4658 ter.
1089 4601 1134 4658 Sic
1148 4599 1241 4656 omnis
1255 4599 1351 4654 anima
1366 4603 1416 4654 aut
1429 4599 1582 4671 prostituta
1603 4603 1646 4652 est
1669 4614 1734 4653 cum
1757 4598 1871 4653 daemo-

119 4687 317 4760 limenorum
337 4686 590 4759 formasexprimit
607 4688 763 4760 gentilitas.
793 4689 848 4746 Sed
877 4691 966 4746 tiosos
1022 4690 1116 4757 nibus,
1131 4693 1161 4744 et
1182 4688 1268 4743 habet
1282 4688 1533 4758 piuresamatores
1557 4689 1589 4741 ui
1610 4685 1769 4742 introntad
1794 4701 1869 4752 eam,

118 4775 337 4832 erudituromui
350 4777 492 4848 sapientia
505 4777 703 4850 AEgypiiorum
714 4779 801 4851 etiam
812 4795 877 4851 quae
889 4780 967 4851 apud
1020 4779 1106 4834 modo
1139 4775 1256 4848 spiritus
1279 4775 1485 4842 fornicationis,
1524 4773 1610 4829 modo
1643 4773 1771 4840 avaritia,
1804 4775 1873 4843 post

118 4863 182 4919 iilos
197 4871 279 4922 erant
294 4867 324 4922 in
336 4867 455 4923 occultis
476 4867 630 4939 probibere
657 4866 799 4937 cupiebat,
828 4867 901 4922 siout
918 4869 965 4922 iio·
1019 4869 1098 4924 huno
1112 4864 1206 4921 veniet
1220 4864 1336 4936 spiritus
1360 4862 1501 4934 superbias
1523 4867 1551 4917 et
1574 4862 1623 4917 aiii
1639 4861 1778 4933 piurimi;
1799 4862 1873 4916 aiter

118 4955 210 5007 eatam
224 4953 336 5027 aliaque
351 4947 517 5012 daemonum
531 4956 723 5026 formamque
737 4955 889 5025 Apostolus
908 4959 966 5026 spi·
1019 4962 1116 5013 tamon
1138 4952 1220 5009 alteri
1243 4968 1302 5007 non
1332 4950 1459 5018 invidet3
1483 4966 1536 5005 uec
1565 4950 1705 5022 zelotypia
1730 4954 1870 5018 movetur,

120 5040 239 5095 ritualia
259 5044 387 5112 nequitiae
401 5046 431 5100 in
458 5044 606 5100 celestibus
630 5047 713 5098 nocet
740 5043 841 5114 Ephes.
869 5044 967 5110 n1;de
1021 5044 1069 5100 sed
1084 5056 1145 5097 seso
1158 5040 1279 5095 invicem
1301 5038 1443 5106 invitaut3
1462 5038 1550 5105 uude,
1570 5037 1686 5093 adducit
1700 5052 1788 5093 secum
1802 5038 1873 5092 alios

123 5126 229 5198 quibus
250 5126 322 5183 iorte
350 5130 644 5188 diciturzinebriatus
664 5135 703 5188 est
731 5131 841 5201 eladius
859 5135 968 5187 meusim
1021 5136 1120 5201 septem
1152 5130 1265 5199 spiritus
1284 5128 1471 5197 nequioresse,
1495 5131 1548 5181 etc.
1572 5126 1645 5196 (tuo.
1665 5127 1716 5195 xi.)
1736 5125 1782 5180 Sic
1810 5126 1872 5180 nui·

122 5214 185 5270 calo
197 5214 263 5284 (ise.
278 5222 379 5288 xxxiv).
392 5219 443 5272 iiis
463 5219 546 5274 enim
574 5219 673 5274 lormis
683 5225 710 5274 et
732 5218 968 5275 similitudinibus
1022 5223 1077 5276 iam
1093 5216 1262 5290 zelotypiam
1278 5217 1439 5270 amalorum
1451 5229 1568 5268 suorum
1580 5213 1689 5284 patitur
1699 5212 1872 5284 animequm

121 5302 290 5358 invocabant
302 5303 445 5360 damonia
464 5307 500 5362 ad
514 5308 680 5380 repellenda
691 5309 735 5363 nei
750 5307 868 5363 vitanda
882 5308 965 5362 mala.
1021 5306 1198 5364 daemonibus
1214 5308 1257 5360 ost
1276 5302 1448 5376 prostituta;
1470 5303 1493 5356 si
1514 5317 1579 5357 vero
1609 5302 1762 5372 conjuncta
1783 5301 1873 5356 luerit

122 5391 275 5448 Sciendum
294 5398 391 5448 tamen
418 5394 487 5465 quia
515 5412 581 5452 cum
604 5396 762 5453 decreveris
777 5398 832 5452 hoc
855 5410 968 5452 serrare
1021 5396 1082 5452 viro
1097 5393 1237 5466 legitimo,
1251 5392 1280 5448 id
1295 5396 1337 5447 est
1358 5390 1480 5457 Christo,
1505 5389 1617 5445 etiamsi
1637 5388 1793 5461 aliquando
1807 5389 1872 5444 iuo-

122 5480 299 5551 mandaium‚
316 5482 462 5539 etbabero
477 5499 568 5540 unum
584 5489 696 5543 tentum
712 5487 802 5543 Deum
816 5489 846 5540 ot
869 5484 968 5540 Domi·
1022 5483 1059 5538 rit
1081 5479 1230 5555 peccatrix,
1262 5479 1336 5534 ultre
1363 5492 1566 5549 compeccare
1595 5492 1653 5532 uon
1672 5476 1792 5547 patitur,
1820 5491 1873 5531 uec
