3892 6106
94 243 149 299 irs
405 245 601 303 willimul
620 246 744 302 sTlttlst
763 247 864 302 FULD.
886 247 967 303 NON.
987 247 1063 305 ΟΡΡ.
1083 245 1171 304 Plus
1190 246 1211 300 l.
1230 275 1266 285 -
1284 244 1510 302 insolentes.
1793 248 1848 304 ise

94 365 195 420 sitium
217 364 381 437 cupiditatis
405 370 448 420 cst
470 365 583 436 exigere
607 367 689 435 selle,
705 366 977 438 quodcoguoscisd
1032 365 1138 437 (Grae,
1157 366 1206 422 tib.
1223 383 1308 421 xxxin
1332 367 1447 432 Murci..
1473 381 1535 438 cap.
1554 367 1608 438 se.)
1639 369 1703 425 Nun
1728 371 1849 439 accipies

94 458 122 508 te
137 469 195 509 nou
209 454 418 510 commodasse.
441 455 519 509 Hane
540 455 678 510 Dominus
696 453 808 521 hahuit,
825 459 854 510 et
876 454 941 511 inde
995 454 1051 509 loco
1074 457 1200 525 pipnoris
1232 455 1400 522 inferiorem,
1438 460 1491 509 etc.
1521 453 1656 527 Accipere
1690 456 1848 529 eliquendo

94 543 271 614 pauperibus
291 543 466 614 erogandam
482 543 607 609 tradidit,
626 549 655 598 ot
669 558 721 598 nos
736 544 772 599 ed
787 543 941 599 liberalita-
995 543 1097 599 otisrre
1120 543 1253 610 dicimus,
1269 547 1335 610 etc,
1365 557 1450 613 sisque
1473 543 1511 598 ud
1536 547 1565 598 et
1585 544 1728 600 incassum
1746 546 1849 602 metuit

93 636 152 686 tem
168 630 307 702 largitatis
321 630 462 685 invitarit.
483 630 578 685 Altera
593 636 636 686 est
657 648 745 703 quam
761 632 796 687 ad
820 648 940 688 usuram
995 635 1046 718 qui
1058 652 1115 690 non
1128 631 1257 689 contidit.

95 720 162 774 dare
191 720 341 786 dehemue;
367 721 465 775 unde:
492 722 585 776 Nonne
609 723 729 790 oportuit
753 726 778 778 te
800 724 942 791 pecuniam
1030 734 1112 788 vm,
1128 731 1154 781 ι.
1181 754 1215 762 -
1243 723 1370 789 Ausees.
1396 719 1489 791 (Aoo,
1509 726 1604 790 quest.
1632 725 1697 794 ιι.)
1726 724 1847 780 residue

93 810 258 863 committere
273 809 465 863 nummulariis
488 814 519 863 ut
532 824 580 877 epo
601 811 708 864 oenum
720 812 856 878 eriperem
869 811 943 879 quod
995 821 1049 876 ιω
1072 815 1219 886 scripture
1244 808 1323 874 dicit,
1348 813 1414 876 ιιι,
1437 825 1522 881 usque
1544 809 1582 864 ud
1604 809 1683 882 quod
1698 826 1848 882 exponens

96 912 182 952 meum
196 902 236 952 cst
249 913 310 951 eum
324 897 430 952 muro?
444 898 554 963 (Metili.
570 896 644 968 xxv).
995 910 1034 965 gp
1049 925 1056 962 :
1074 906 1128 973 Qui
1140 899 1359 970 [probatorium
1371 913 1426 953 non
1438 900 1549 965 furetur
1562 899 1676 969 (Ephes.
1693 899 1743 970 rr.)

130 985 210 1039 Vens.
235 986 279 1038 20.
303 1014 334 1026 -
364 986 418 1041 Sed
442 986 540 1041 oliano.
568 985 679 1041 infideli
702 987 746 1041 rel
775 987 874 1060 iniquo
896 987 943 1044 cui
1031 998 1112 1051 Vens.
1130 994 1156 1048 8.
1172 1019 1208 1030 -
1230 990 1346 1059 Ptupom
1367 987 1457 1055 lepra.
1475 987 1844 1059 Notapropterpeccatum

95 1072 245 1145 pecuniam
258 1073 359 1128 damus
383 1074 417 1130 ad
432 1090 562 1142 usuram,
586 1091 650 1130 curn
674 1091 726 1147 pro
742 1077 828 1132 verbo
840 1077 944 1147 prodi·
994 1081 1068 1136 hanc
1091 1073 1291 1134 infirmitatem
1319 1068 1486 1125 hominihus
1500 1069 1629 1126 cecidere
1645 1111 1654 1137 ,
1673 1070 1749 1127 sicut
1769 1072 1843 1128 ozie

32 1229 33 1232 Ἴ
95 1159 215 1215 ιιιίοιίι
228 1159 370 1232 exigimus
383 1161 482 1229 tidem,
494 1162 694 1234 poenitentiam
704 1167 733 1217 et
746 1163 942 1234 operationem
994 1168 1047 1243 qni
1061 1162 1252 1222 secerdotium
1272 1159 1433 1232 usurparit.

96 1251 212 1305 honam.
1031 1257 1117 1311 Vens.
1147 1253 1189 1307 lo.
1218 1279 1253 1292 -
1277 1249 1343 1307 cum
1361 1252 1472 1318 repetes.
1498 1246 1590 1317 (noe,
1615 1251 1711 1317 quast.
1731 1248 1841 1317 libid

128 1340 209 1395 Vens.
226 1343 271 1396 ιι.
285 1369 319 1382 -
334 1342 392 1397 Non
408 1341 531 1397 tardabis
551 1342 673 1397 reddere.
690 1344 769 1398 londo
785 1342 940 1401 Salomon:
995 1360 1067 1418 opus
1082 1339 1284 1398 misericordiis
1301 1336 1426 1409 pertinet
1440 1341 1472 1390 ut
1487 1335 1657 1406 pignorator
1681 1336 1712 1390 in
1726 1335 1844 1391 domum

92 1428 183 1482 Ruina
209 1433 249 1483 est
272 1429 371 1483 homini
403 1433 466 1499 post
502 1433 567 1484 soto
602 1435 721 1486 hectore
753 1432 797 1487 cel
831 1433 943 1488 tardere
995 1450 1053 1489 non
1070 1433 1167 1496 intret,
1180 1432 1256 1498 zeto..
1280 1441 1365 1495 usque
1387 1424 1425 1478 od
1437 1439 1494 1478 non
1515 1424 1622 1478 habens
1638 1423 1690 1479 ubi
1711 1423 1845 1479 dormiat.

95 1513 291 1588 (Proverb.x).
1032 1519 1211 1585 Nonneour'
1239 1514 1419 1580 Eonnpelium
1439 1515 1611 1578 onnmrtiot,
1638 1512 1673 1566 de
1699 1514 1847 1581 Boonpetio

130 1604 210 1659 Vens.
226 1606 270 1661 24.
297 1636 331 1648 -
346 1609 606 1676 loprersuseinccm
617 1610 749 1678 plunimi.
779 1609 809 1663 ln
824 1609 942 1665 ecclesia
957 1651 978 1706 B
995 1609 1072 1665 uiuet
1097 1607 1127 1678 (l
1140 1606 1200 1663 cor.
1217 1607 1266 1673 ix).
1297 1602 1406 1671 Dipnus
1420 1604 1459 1655 est
1479 1601 1550 1655 enim
1572 1599 1848 1672 operariurmerssde

93 1691 210 1747 alterins
223 1693 361 1766 episcopi,
384 1698 480 1766 potest
506 1695 579 1750 elter
598 1695 711 1768 aliquos
735 1696 877 1769 corrigere
896 1698 940 1754 vel
996 1712 1047 1753 suc
1061 1694 1139 1766 (Luc.
1155 1692 1193 1763 x).

92 1780 273 1846 confirmare,
296 1787 385 1839 totam
407 1784 522 1855 plebem
544 1783 690 1840 nonlicet
715 1784 743 1840 ei
769 1801 880 1858 regere,
895 1787 939 1842 rel
1030 1786 1111 1838 Vens.
1143 1783 1185 1837 lo.
1216 1809 1251 1819 -
1277 1778 1336 1834 Nori
1363 1775 1527 1832 occidentur.
1550 1774 1647 1846 (tue,
1676 1778 1773 1844 puisat.
1789 1776 1845 1844 lt).

92 1883 198 1940 magna
211 1872 328 1943 negotis
347 1877 478 1928 ιιιιιιιι.
994 1871 1087 1928 liliam
1102 1871 1144 1924 lex
1162 1865 1240 1935 dicit,
1266 1870 1333 1934 etc,
1351 1878 1436 1934 nepus
1462 1862 1500 1917 cd
1514 1877 1574 1917 non
1586 1866 1644 1918 tres
1655 1862 1701 1918 rel
1720 1867 1848 1935 quatuor

126 1959 220 2015 Foras.
247 1960 329 2016 Extra
356 1962 505 2017 ecclesiam
529 1964 604 2018 hone
624 1963 744 2034 gratim
764 1964 866 2020 etierre
880 1980 939 2020 non
993 1958 1119 2029 intelligi
1131 1955 1232 2012 votuit.

92 2043 252 2116 licet,qnia
276 2047 305 2102 in
329 2064 388 2103 nna
410 2049 612 2106 domocernes
636 2051 766 2124 aguiedi
788 2052 938 2122 jubentur.
1031 2049 1110 2103 Vens.
1143 2049 1185 2101 u.
1214 2073 1249 2086 -
1281 2044 1341 2100 Non
1359 2043 1510 2112 limm-
1535 2038 1627 2111 (Ᾰῦῦι
1656 2044 1753 2109 imi·
1787 2040 1843 2111 43).

127 2129 269 2189 lensii.
288 2163 322 2176 -
336 2137 369 2192 Si
386 2140 542 2195 intraueris.
557 2140 629 2196 Sunt
642 2140 774 2211 qrsredem
788 2142 851 2197 loca
864 2141 939 2197 Scri·
995 2137 1057 2193 Lxx
1074 2153 1081 2191 ε
1096 2137 1155 2192 ltlon
1177 2131 1326 2189 declinabis
1352 2129 1490 2199 judicium
1512 2128 1623 2184 adumar
1637 2131 1664 2182 st
1686 2129 1808 2198 orphani
1820 2134 1845 2184 et

91 2222 185 2289 pturoe
201 2237 266 2292 ιιι
280 2222 465 2283 historialiter
478 2228 565 2284 tidem
578 2228 722 2296 imbuunt,
737 2230 869 2302 quodam
880 2247 940 2286 mo·
992 2227 1092 2281 uiduae.
1106 2227 1165 2281 lion
1190 2219 1353 2292 pipnoroois
1374 2219 1562 2273 vestimentum
1584 2216 1684 2272 uidua.
1711 2216 1770 2272 Cur
1786 2233 1845 2273 nou

91 2306 190 2364 raliter
206 2315 333 2367 sanctam
347 2315 595 2372 conversationem
605 2316 761 2386 instruunt,
783 2319 937 2391 :quodum
993 2313 1042 2381 ait,
1059 2318 1125 2377 ιιι,
1140 2325 1225 2380 usque
1248 2307 1285 2362 ud
1307 2305 1484 2362 continentia
1498 2304 1529 2359 in
1551 2303 1592 2359 eis
1615 2302 1761 2373 laudetur,
1785 2320 1845 2359 uon

69 2410 151 2451 -ιιι
167 2399 326 2455 secundum
340 2401 499 2472 historiam,
525 2404 574 2460 sed
598 2406 754 2462 secundum
773 2407 938 2480 allegoriam
993 2400 1129 2458 desolatio
1148 2395 1378 2455 commendatur·

90 2486 253 2541 venerande
267 2489 402 2559 mysteria
427 2492 590 2549 ostendunt.
607 2493 695 2549 ceute
718 2510 786 2566 erge
801 2495 830 2550 in
845 2501 939 2568 segete
1030 2489 1136 2545 Viduli·
1153 2485 1244 2542 Vidn&
1262 2483 1359 2538 anima
1373 2485 1440 2536 ⁸¹¹oe
1456 2480 1570 2536 distb⁰l⁰
1586 2481 1697 2552 iuncus
1713 2481 1761 2537 ⁰¹²1
1774 2498 1843 2537 ⁰⁰¹¹·

91 2570 216 2643 proximi
241 2572 409 2633 intrandum
439 2585 491 2648 est,
522 2586 556 2637 ut
577 2582 764 2640 discernendo
779 2600 877 2657 carpas
895 2585 939 2640 ιι.
993 2593 1083 2633 nerse
1096 2575 1163 2631 tidei
1174 2573 1377 2629 vestimentum
1390 2574 1501 2626 nonest
1515 2569 1715 2625 auferendum.

90 2659 172 2730 burn,
200 2677 258 2717 non
281 2665 520 2738 precipitandom
548 2671 665 2728 succisis
689 2672 788 2727 messis
810 2672 939 2730 incurras
1029 2668 1112 2721 Vm·
1131 2667 1173 2720 ¹9·
1198 2694 1233 2703 -
1249 2665 1308 2719 Νθιῑ
1332 2661 1484 2716 wimeri&
1510 2657 1667 2714 lutidffldt‘
1692 2658 1843 2732 8⁰¹¹ffi>¹¹⁵s

88 2748 241 2818 judicium.
993 2755 1044 2828 qui
1060 2757 1128 2810 sunt
1140 2753 1258 2808 advenae
1277 2753 1514 2806 testamentorum
1531 2747 1590 2802 liei.

408 2825 521 2883 CAPUT
539 2829 628 2884 xxiv.
1029 2846 1108 2899 νειμ,
1124 2843 1169 2898 20.
1185 2870 1219 2882 -
1234 2840 1266 2896 si
1289 2841 1383 2908 stupes
1404 2838 1549 2906 coueperis.
1573 2836 1633 2891 Etsi
1649 2835 1769 2906 superbi
1783 2837 1843 2890 col·

127 2924 208 2979 Vens.
228 2929 252 2981 l.
265 2957 298 2967 -
314 2928 346 2984 Si
358 2933 500 3000 acceperit.
529 2931 610 3003 (Rau.
629 2935 659 2988 in
683 2935 777 3001 Dect,
799 2941 870 2990 tom.
895 2937 940 3007 ll.)
956 2964 977 3020 c
996 2933 1086 3004 ligent
1101 2936 1130 2987 ιι
1156 2927 1292 3001 improbi,
1319 2928 1367 2982 ille
1392 2925 1616 2981 misericordiam
1639 2925 1707 2980 iecit
1721 2924 1773 2998 qui
1788 2925 1844 2980 hoc

93 3012 183 3066 Homo
199 3030 319 3070 uxorem
341 3018 457 3089 occepit,
475 3022 541 3086 etc,
557 3035 642 3091 usquc
655 3021 693 3078 nd
706 3027 843 3096 tanquam
868 3024 941 3080 indi·
996 3022 1091 3079 enimc
1105 3019 1234 3084 dimittit,
1263 3021 1294 3072 ut
1313 3019 1429 3088 egentes
1445 3014 1582 3070 habeant.
1612 3016 1754 3069 Praetsrea
1776 3029 1843 3069 cum

92 3116 149 3171 goa
164 3106 193 3156 et
208 3118 304 3158 errore
318 3104 429 3176 polluta
443 3107 645 3166 abominabilis
658 3113 828 3182 permansit;
846 3115 938 3171 unde:
995 3111 1056 3166 hnc
1069 3108 1176 3180 populo
1192 3104 1416 3178 praecipiuntur
1429 3102 1479 3174 (lui
1498 3117 1557 3156 ¹²⁰⁰
1572 3100 1714 3173 indidem,
1741 3101 1842 3156 &¹1¹⁰-

97 3189 177 3244 Vobis
193 3192 334 3261 oportebat
357 3197 478 3264 primum
491 3198 568 3268 loqui
594 3199 704 3255 undum
722 3203 781 3267 lici,
802 3202 850 3258 sed
873 3219 940 3273 quo·
994 3202 1099 3253 nentur
1119 3211 1156 3252 ne
1182 3195 1236 3249 istu
1262 3194 1402 3265 querant.
1417 3190 1446 3246 Si
1461 3194 1558 3245 autem
1573 3189 1761 3262 quesierunt,
1779 3195 1844 3245 tao·

93 3279 177 3332 nium.
196 3280 332 3351 etc.(dct.
348 3283 410 3350 ιιι.)
995 3302 1081 3358 qnnm
1098 3285 1247 3356 praedones
1262 3295 1421 3353 pauperum
1432 3278 1583 3350 judicandi
1604 3284 1679 3334 suut.

128 3368 218 3435 (Aue,
245 3367 370 3424 libide
396 3387 516 3428 sermone
530 3375 638 3429 Domim
660 3377 689 3429 io
704 3378 814 3447 monte.)
845 3379 940 3435 llnltae
1032 3376 1144 3429 Vineam
1169 3378 1253 3428 tuom.
1283 3369 1403 3424 Vineam
1429 3368 1464 3424 de
1490 3382 1548 3439 qua
1570 3367 1716 3439 colligitur
1729 3368 1842 3436 vinum,

92 3459 174 3508 erant
187 3455 217 3508 in
232 3457 295 3527 lege
317 3472 410 3514 cauere
437 3458 601 3516 dimittendi
627 3479 737 3534 uxores,
766 3469 831 3531 ιιι..
856 3479 959 3539 usque*
993 3463 1069 3535 quod
1084 3461 1211 3518 letificet
1225 3475 1274 3515 cor
1292 3457 1418 3514 hominis
1432 3457 1518 3527 (Psoi.
1533 3456 1600 3524 ιιι).

92 3543 378 3702 {ildganvulbhsbent
402 3563 505 3603 uxores
529 3553 587 3604 sint
610 3565 693 3622 quasi
718 3568 775 3607 non
805 3554 940 3613 hebentes
1313 3599 1426 3656 CAPUT
1445 3599 1520 3654 xxv.

37 3764 41 3773 ·
128 3729 242 3787 seiher.
258 3732 299 3786 sd
317 3732 455 3789 duritiam
467 3717 561 3790 cordis
589 3736 675 3791 vestri
701 3738 813 3810 scripsit
831 3741 939 3810 Moyses
1029 3738 1108 3791 Vens.
1136 3739 1160 3789 t.
1191 3763 1225 3774 -
1249 3733 1281 3789 Si
1302 3734 1388 3799 hierii
1412 3745 1505 3785 cim·
1534 3729 1629 3801 (Am-s
1657 3734 1753 3800 twi-
1784 3731 1842 3803 45)-

92 3825 268 3890 preceptum
286 3821 372 3891 istud,
383 3823 492 3878 malens
504 3823 768 3899 seilicctindulgsre
777 3828 938 3891 dissidium,
994 3827 1078 3883 Lxx:
1105 3825 1136 3881 Si
1150 3827 1241 3878 ouum
1267 3823 1352 3890 tuerit
1375 3821 1515 3875 altercatio
1540 3821 1612 3873 iliter
1625 3819 1755 3886 millet,
1772 3825 1842 3888 ete,

92 3923 179 3979 qiiam
193 3909 334 3965 committi
349 3912 546 3968 homicidium.
992 3929 1078 3986 usque
1089 3913 1128 3967 ud
1140 3911 1180 3967 sic
1196 3914 1225 3966 et
1239 3913 1354 3982 peccata
1373 3923 1438 3980 quoe
1448 3923 1505 3962 oon
1518 3907 1551 3962 iu
1565 3907 1666 3974 iterim,
1683 3907 1731 3962 sed
1749 3906 1844 3964 inho·

128 4001 207 4056 Vens.
231 4003 256 4057 4.
281 4033 314 4046 -
337 4006 375 4062 Ne
395 4020 516 4074 peceare.
539 4004 645 4060 Polluit
659 4011 764 4061 terram
780 4023 872 4075 suam,
888 4009 939 4080 qni
994 4004 1101 4058 minem
1119 4000 1252 4055 sidentur
1265 3997 1388 4062 admitti,
1404 3994 1536 4068 quosdam
1551 4001 1618 4051 aunt
1634 3995 1722 4067 digna
1736 4002 1842 4066 morte,

92 4090 329 4161 concupiscentiis
355 4094 517 4150 carnalibus
545 4093 679 4165 inquinat
705 4111 809 4167 corpus
843 4111 937 4150 snum.
994 4091 1127 4163 quiedam
1142 4088 1269 4144 tilher&

94 4177 159 4231 ldeo
184 4194 298 4234 necesse
325 4184 368 4235 est
386 4181 574 4237 ambitionem
599 4185 748 4254 presentis
770 4185 835 4239 vitm
855 4184 939 4239 citius
1029 4180 1110 4233 Vsus.
1127 4181 1156 4235 3.
1186 4207 1222 4219 -
1249 4175 1513 4242 Quadfflilwl'itm·
1529 4173 1780 4246 Quadffissfflafiffl
1796 4175 1846 4232 ἅθ’

93 4264 215 4331 domeni,
232 4282 267 4321 ne
277 4268 371 4322 valeri
384 4268 536 4324 dominari.
555 4271 664 4326 Etcum
682 4276 795 4327 terrene
810 4273 882 4327 actio
893 4289 936 4327 se·
952 4283 975 4339 ι)
992 4266 1074 4322 nario
1087 4271 1189 4338 quater
1202 4265 1286 4320 diicto
1301 4263 1456 4335 perficitur·
1486 4263 1542 4317 N⁰⁸
1570 4277 1637 4316 V⁰f⁰
1660 4261 1696 4316 (¹⁸
1717 4267 1845 4334 timum*

93 4352 151 4406 met
163 4352 250 4407 luerit
264 4354 387 4425 repulse,
412 4361 530 4410 nonest
554 4359 732 4428 repetenda:
751 4375 787 4415 ιι
802 4366 866 4432 post
880 4364 938 4417 ier-
993 4355 1142 4410 elementis
1165 4353 1323 4409 secundum
1344 4367 1448 4423 corpus
1472 4349 1670 4406 consistimus:
1698 4359 1845 4425 praecepta

92 4453 161 4509 gom
177 4439 318 4511 respiciat,
336 4442 386 4514 qui
404 4443 435 4497 in
451 4448 545 4498 aratro
559 4460 678 4499 manum
692 4452 836 4516 posuerat.
993 4452 1121 4524 decalogi
1137 4468 1188 4523 per
1203 4450 1355 4507 denarium
1373 4447 1567 4518 accipiuntur.
1583 4446 1668 4503 iubet
1682 4463 1753 4519 ergo
1764 4450 1844 4520 judi-

130 4531 209 4586 vans.
226 4534 252 4586 5.
269 4562 300 4574 -
328 4534 393 4590 dum
416 4537 558 4605 occeperit.
583 4536 679 4604 Quasi,
693 4537 858 4610 quicunqne
877 4555 937 4593 car·
992 4542 1069 4596 cium
1084 4541 1128 4596 rel
1150 4540 1317 4604 vindiciam,
1341 4539 1371 4592 in
1398 4552 1455 4609 qua
1468 4535 1561 4590 cernis
1577 4541 1726 4608 peccatum
1740 4539 1843 4610 plecti·

92 4619 205 4674 natibus
228 4621 377 4676 desideriis
404 4640 434 4679 se
456 4623 566 4696 obligat
588 4626 623 4680 ad
641 4627 770 4698 regimen
795 4627 936 4694 Eccleaioe,
991 4634 1051 4698 tur,
1079 4629 1235 4684 secundum
1261 4630 1404 4699 precepta
1420 4622 1557 4691 ordinari,
1574 4618 1602 4678 et
1621 4624 1720 4679 omnia
1734 4640 1844 4696 praece·

92 4712 121 4763 et
134 4707 169 4762 ad
182 4708 340 4780 spiritalem
355 4710 487 4767 militiam
499 4729 529 4767 se
542 4728 601 4768 non
616 4712 742 4771 habilem
758 4731 820 4771 esse
835 4733 939 4789 cogno-
992 4720 1041 4788 pta
1055 4716 1085 4771 in
1099 4716 1234 4787 decalogo
1254 4715 1315 4771 vult
1333 4713 1467 4785 intelligi.

92 4800 151 4850 seat
167 4797 258 4863 :Quia
271 4814 347 4854 nemo
367 4801 492 4856 militum
508 4802 559 4856 beo
579 4804 703 4873 implicor
718 4818 746 4859 se
763 4806 938 4861 menindici
1027 4806 1116 4876 (isio.)
1127 4806 1159 4861 ln
1174 4802 1402 4876 quadragenario
1416 4802 1470 4857 hoc
1484 4808 1599 4873 tempus
1611 4801 1763 4874 figuratur,
1774 4809 1843 4874 etc,

92 4890 216 4955 repotiis,
244 4893 275 4944 ut
300 4892 326 4945 ei
350 4891 514 4960 ploeeotcui
536 4906 564 4946 ss
588 4892 716 4961 probauit
742 4894 785 4966 (ll
800 4897 858 4950 lim
887 4895 938 4967 ¹13)
992 4911 1076 4965 uepue
1090 4895 1128 4949 od
1142 4894 1200 4951 illic
1215 4895 1276 4948 sine
1291 4896 1408 4965 peccato
1428 4890 1601 4947 invenimur.

26 5044 30 5051 ι
94 4975 169 5029 unde
182 4977 302 5033 :Nemini
311 4979 364 5034 cito
377 4993 488 5033 monum
499 4979 671 5048 imposueris.
1029 4985 1109 5051 Vens,
1123 4986 1148 5039 5.
1165 5015 1201 5026 -
1215 4985 1250 5040 Os
1269 4983 1344 5038 bouis
1354 4982 1522 5036 triturantis.
1541 4980 1630 5051 (lero.)
1640 4981 1673 5036 ln
1688 4981 1762 5037 hove
1786 4984 1844 5040 vita

129 5060 216 5134 (isio.)
255 5064 341 5121 Tollit
367 5066 475 5121 molam
499 5065 677 5137 superiorem
706 5068 758 5140 qui
790 5073 939 5140 peccatum
992 5073 1175 5145 operantium
1190 5071 1371 5143 exprimitur,
1389 5070 1424 5125 de
1453 5085 1511 5142 quo
1533 5069 1661 5125 dicitur:
1683 5072 1790 5139 tliprnrr
1803 5078 1844 5130 est

93 5149 173 5204 ilenti
187 5150 256 5205 dicit
271 5168 278 5206 :
297 5154 359 5208 Non
373 5155 492 5212 hebebis
506 5155 620 5211 veniam
634 5156 669 5211 de
684 5157 854 5213 commissis.
870 5158 939 5213 Tol·
992 5166 1064 5220 mim
1077 5165 1218 5234 operarius
1230 5161 1349 5218 nursede
1362 5175 1413 5216 suc
1423 5159 1498 5231 (Luc.
1524 5158 1563 5228 x).
1585 5159 1651 5213 Vult
1677 5174 1748 5231 ergo
1767 5161 1843 5218 Scri·

93 5239 127 5294 lit
149 5239 313 5297 inferiorem
341 5243 391 5314 qni
420 5250 565 5316 peccatem
592 5246 742 5316 palpando
764 5248 854 5304 dicit:
879 5248 939 5319 Age
993 5258 1079 5325 ptura
1101 5252 1231 5326 pressiori
1239 5250 1365 5307 carnalis
1378 5249 1414 5305 iis
1427 5265 1444 5304 a
1458 5247 1562 5320 quibus
1576 5247 1733 5319 accipimus
1749 5251 1840 5322 spiri-

94 5329 169 5383 mala
190 5334 330 5402 quantum
346 5331 398 5397 vis,
426 5333 500 5388 Deus
525 5334 588 5405 pius
603 5339 646 5390 est
660 5340 689 5391 et
709 5338 745 5392 od
760 5339 871 5394 reniam
886 5358 939 5413 pa·
993 5341 1093 5410 tualia,
1109 5342 1159 5414 qui
1167 5340 1299 5413 occuputi
1311 5340 1342 5394 in
1357 5338 1488 5396 doctrina
1502 5353 1562 5393 non
1573 5342 1696 5409 possunt
1708 5338 1763 5395 sibi
1779 5357 1844 5412 pro·

94 5422 171 5471 ratos
182 5434 189 5485 ;
201 5416 310 5473 utiliter
323 5424 445 5492 utraque
463 5421 539 5477 mols
554 5422 685 5491 habetur,
701 5425 725 5479 si
744 5443 808 5498 spes
822 5430 860 5484 sit
873 5445 939 5489 cnm
992 5428 1091 5485 ridere
1103 5429 1272 5486 necessaris.

93 5508 264 5566 emendante
274 5509 427 5567 tormidine
436 5515 466 5566 et
483 5509 609 5593 termido
620 5529 686 5570 cum
698 5531 761 5589 spe.
1029 5517 1110 5573 ans.
1135 5520 1160 5572 5.
1187 5546 1224 5560 -
1240 5517 1365 5590 ριιιιιιι.
1390 5516 1485 5586 (tuo,
1509 5521 1605 5587 puer.
1630 5517 1688 5587 ib.)
1721 5519 1794 5576 ixx.
1811 5521 1843 5577 Si
