3892 6106
139 253 204 309 llll
461 249 660 307 wnmrulul
680 249 804 308 srnnal
825 249 924 308 ruta.
946 251 1026 309 lton.
1045 249 1122 309 OPP.
1143 249 1233 306 PARS
1250 247 1272 305 1.
1290 275 1325 291 -
1343 246 1580 307 rfluanoclca.
1831 252 1893 305 litt

171 380 252 435 Vens.
265 381 309 435 27.
322 407 357 418 -
371 377 498 447 Sufficiat
519 375 570 431 titi
592 376 633 430 tac
652 390 808 446 caprarum.
832 375 921 432 Tanta
939 374 982 429 in·
1003 378 1025 432 ri
1075 375 1156 428 Vnae.
1171 374 1216 429 20.
1242 400 1278 414 -
1307 370 1410 429 Vidisti
1433 371 1576 428 nominem.
1596 372 1688 429 Grave
1714 370 1840 447 quidem
1852 372 1893 426 ri-

136 467 240 522 stantia
255 483 341 540 pecus
351 465 535 521 commissum
558 479 652 534 pasce,
668 467 738 528 etc.,
763 478 848 534 iisque
860 463 897 518 ad
911 463 988 519 haedi
1041 461 1116 517 uum
1130 459 1270 528 stultitia,
1286 459 1336 515 sad
1356 475 1415 514 non
1433 460 1521 515 levius
1532 459 1736 516 verbositatis:
1754 476 1824 516 nam
1843 477 1894 516 se-

136 572 189 628 pro
216 556 307 628 pretio
335 559 508 620 sanctorum,
539 553 642 624 qulbus
673 557 841 620 nocuerant,
871 552 987 623 ignibus
1040 563 1078 619 pe
1097 547 1247 618 contingit,
1284 552 1316 603 ut
1334 547 1425 603 idiota
1444 547 1550 618 aliquis
1582 548 1667 603 citius
1696 549 1893 605 verbacorre·

139 645 297 699 tradentur,
1041 636 1148 708 ptionis
1163 637 1293 707 accipiat,
1310 652 1397 708 quarn
1409 636 1459 708 qui
1482 652 1534 691 sua
1549 636 1627 708 (qnae
1646 637 1741 700 novit,
1757 637 1802 692 rel
1815 653 1893 693 nosse

483 712 595 768 CAPUT
614 710 729 766 XXVIII·
1040 727 1133 795 putat)
1144 725 1234 795 magis
1246 725 1344 795 jacint,
1361 740 1447 796 quam
1462 725 1586 781 aliarum
1600 725 1714 781 monita
1731 726 1842 781 audiat.

172 821 252 874 Vens.
271 823 299 875 l.
314 847 347 860 -
360 820 443 888 Fugit
457 821 567 888 impius.
593 817 647 882 Qui
664 833 723 872 non
736 819 779 872 est
793 814 884 885 fortis,
900 813 987 872 etiam
1079 814 1160 870 Vens.
1179 815 1225 869 ul.
1242 842 1275 853 -
1292 814 1466 878 Quidctioote
1480 830 1497 868 o
1510 817 1632 884 pueritia
1645 829 1708 869 suu.
1726 814 1792 870 Alia
1804 821 1892 869 trans·

137 906 162 963 si
190 908 286 962 nullus
307 915 506 979 persequatur,
527 911 627 976 sponte
653 905 741 962 tidem
767 904 895 961 deserit:
918 905 988 959 dum
1041 900 1109 956 latio
1136 901 1255 972 pulchra
1271 917 1279 955 :
1295 901 1347 968 Qui
1371 901 1552 957 delicieturu
1576 905 1699 973 pueritia
1714 918 1776 967 suo,
1805 918 1892 958 seruus

138 995 304 1061 latrociniis,
320 995 364 1049 rel
388 993 532 1066 perjuriis,
547 994 668 1066 aliisque
696 993 865 1065 huJusmodi
878 993 989 1048 infideli
1040 993 1111 1044 erit:
1141 992 1284 1044 nauiosime
1298 994 1392 1044 autem
1407 991 1623 1046 contristabitur.
1639 991 1711 1047 Sero
1736 991 1817 1046 enim
1832 1007 1892 1046 ma·

138 1099 168 1138 se
184 1082 309 1137 similem
324 1081 428 1138 reddit.
1042 1078 1136 1133 lorum
1154 1078 1284 1149 poenitet,
1299 1077 1351 1150 qui
1364 1077 1394 1132 in
1407 1081 1506 1133 tenera
1520 1082 1605 1134 oelate
1624 1078 1733 1134 noluit.

172 1174 460 1241 Juatusautemquusi
486 1171 534 1226 teo.
560 1172 593 1225 lu
622 1186 741 1226 accursu
757 1171 915 1226 bestiarum
930 1187 990 1228 nau
1077 1167 1157 1222 Vnus.
1184 1169 1228 1221 22·
1255 1197 1291 1207 -
1319 1169 1370 1223 Vir
1392 1166 1552 1223 iracundus.
1580 1167 1672 1222 ianua
1702 1167 1837 1222 omnium
1857 1168 1893 1223 ri·

138 1259 273 1331 trepidat,
291 1264 453 1328 etc.,uaque
468 1257 605 1329 adquam
634 1274 720 1314 nemo
751 1258 857 1313 invitus
872 1257 987 1314 amittit.
1042 1254 1150 1309 tiorum
1174 1253 1348 1310 iracundia:
1375 1269 1433 1326 qua
1469 1255 1576 1321 clausa,
1606 1255 1763 1311 virtutibus
1792 1255 1892 1311 intrin-

175 1349 264 1402 Vaas.
292 1350 318 1402 5.
340 1375 376 1389 -
399 1349 454 1412 Qui
488 1352 579 1402 autem
615 1349 769 1418 requirunt.
799 1346 903 1402 Omnia
931 1345 990 1401 ani·
1042 1360 1123 1399 secus
1137 1344 1251 1398 dabitur
1265 1343 1357 1414 quies,
1374 1346 1482 1415 aperta,
1498 1344 1534 1399 ad
1560 1359 1647 1399 omne
1671 1344 1892 1400 iacinnsarma·

140 1435 325 1490 madvertuut
340 1435 433 1502 electi,
447 1434 479 1489 id
499 1438 541 1489 est
555 1439 584 1489 et
607 1435 736 1490 luterum
752 1433 905 1489 discrimen
920 1434 989 1488 uni·
1042 1431 1121 1487 bitur
1134 1432 1260 1487 animus.

141 1522 259 1578 versatis
283 1522 407 1593 jndicii;
429 1527 458 1576 et
494 1522 600 1594 qiribus
639 1522 775 1593 operibus
804 1523 940 1594 requios;
962 1529 989 1578 et
1079 1520 1218 1575 Versat.
1234 1551 1266 1560 --
1283 1520 1413 1586 Quicum
1438 1519 1501 1587 (ure
1516 1521 1683 1591 participat,
1700 1521 1894 1577 oditanimam

140 1612 245 1683 quibos
259 1627 344 1682 poena
358 1610 661 1666 retribuaturaelerna.
1043 1620 1131 1663 suoru.
1153 1608 1215 1662 Non
1237 1608 1331 1664 solum
1347 1625 1364 1663 a
1382 1611 1507 1680 peccata,
1532 1607 1582 1663 sed
1602 1608 1691 1664 etiam
1703 1626 1723 1664 a
1750 1626 1894 1665 consenso

176 1701 260 1754 Vens.
291 1700 324 1753 lo
351 1728 386 1738 -
409 1699 464 1764 Qui
487 1695 587 1768 decipit
610 1698 746 1767 justacio
768 1701 815 1753 uia
841 1713 910 1767 mea,
935 1702 987 1753 etc.
1045 1695 1187 1750 abstinere
1200 1696 1283 1752 docet
1296 1696 1459 1768 sapientia:
1487 1712 1522 1751 ne
1540 1695 1670 1752 aadiata
1692 1697 1826 1753 districto
1846 1699 1894 1769 ju·

140 1787 262 1859 Quiper
282 1786 442 1841 doctrinam
471 1786 634 1840 hereticam
663 1785 769 1857 decipit
795 1792 935 1842 amatores
947 1787 992 1858 J'u-
1045 1782 1175 1841 dicetsi
1202 1786 1314 1840 videbas
1341 1787 1440 1852 surena,
1471 1784 1598 1840 cunctus
1619 1801 1680 1840 curn
1709 1801 1749 1854 ea,
1765 1788 1893 1841 etuNou

142 1875 413 1945 stiliae,etc.,uaque
436 1874 473 1929 ud
502 1874 767 1946 exemplnmetiam
794 1874 829 1929 do
848 1890 913 1930 casu
930 1875 992 1946 ejus
1045 1872 1182 1928 enimfnr
1202 1873 1304 1940 solnm,
1328 1875 1378 1929 sed
1402 1873 1492 1929 stille
1521 1879 1732 1939 reustcnetur,
1760 1875 1892 1947 quiturli

142 1967 269 2017 sumunt.
1045 1960 1185 2030 conscius,
1211 1966 1358 2033 quaerente
1385 1978 1547 2034 possessore
1576 1978 1636 2018 nan
1665 1963 1792 2019 indicat.
1813 1965 1891 2019 Etna

177 2053 259 2106 Vens.
292 2054 334 2106 lu.
351 2081 385 2093 -
408 2053 443 2107 ln
480 2052 671 2118 exsultatione,
693 2055 746 2106 etc.
775 2051 837 2105 lton
862 2051 897 2106 de
915 2067 991 2123 prra-
1044 2054 1123 2103 metu
1153 2066 1284 2120 persana
1313 2051 1482 2121 patentioris
1511 2066 1542 2106 se
1584 2056 1712 2120 excuset,
1728 2052 1825 2109 addit:
1847 2054 1895 2121 Qui

143 2139 279 2205 sentibus,
298 2145 363 2209 etc,
380 2155 465 2211 usque
483 2140 520 2194 od
539 2139 615 2211 quod
635 2143 663 2194 et
687 2138 722 2193 de
741 2139 872 2211 paganis,
887 2145 917 2196 et
930 2140 992 2194 hre-
1045 2140 1120 2194 timet
1133 2141 1364 2209 Dominumetc,

143 2227 247 2294 reticis,
260 2232 288 2283 et
302 2227 384 2281 malis
397 2226 549 2283 Catholicis
566 2232 660 2298 potest
674 2226 773 2298 accipi.

180 2318 257 2371 Vens.
276 2317 318 2372 ll.
348 2347 382 2360 -
410 2319 507 2371 Beatus
533 2318 621 2384 liomo,
654 2320 707 2371 etc.
733 2317 777 2371 lra
797 2316 899 2387 judicii
912 2320 993 2373 tanto
1398 2282 1510 2339 CAPUT
1536 2283 1610 2339 m·

145 2405 301 2460 districtior
323 2405 494 2477 portabitur,
516 2411 622 2477 quanto
649 2421 726 2460 nuuc
742 2405 836 2460 minus
862 2406 990 2466 timetur.
1080 2408 1164 2463 Vens.
1183 2408 1246 2462 l.-
1266 2407 1628 2475 Verbomnaregantisllnc
1640 2423 1736 2480 usqne
1749 2411 1891 2481 parabola

180 2495 260 2548 Vens.
287 2496 330 2548 22.
355 2523 385 2533 -
415 2496 465 2549 Vir
502 2496 551 2563 qui
582 2495 698 2560 festinat
722 2493 819 2561 ditari,
854 2494 908 2559 Qui
937 2511 991 2549 an·
1044 2493 1713 2566 Salomonis,quosnanstuloruntvirimoenie
1729 2498 1891 2569 regislnda

145 2596 213 2653 gere
240 2597 309 2652 opes
331 2581 432 2648 ambit,
470 2586 617 2652 peccalum
647 2582 776 2653 negligit,
802 2582 992 2637 marcarium
1045 2584 1232 2638 llincrursns
1251 2583 1336 2638 verba
1358 2583 1527 2646 Salomonis,
1557 2585 1634 2656 quod
1654 2587 1894 2657 perpenditurah

146 2674 257 2740 captus,
283 2685 349 2725 cum
388 2684 481 2725 escam
510 2675 652 2725 terrenam
681 2670 780 2726 aridus
798 2670 922 2743 inspicit,
935 2687 992 2743 quo
1045 2671 1418 2744 ipsonomineqquraca
1443 2671 1644 2742 ἐκκλησιαστής,
1674 2674 1895 2748 latinecongre·

145 2759 339 2829 stranguletur
352 2759 461 2830 peccati
472 2759 585 2830 laqueo,
598 2775 656 2814 non
669 2759 817 2831 agnoscit:
835 2776 900 2815 cum
916 2776 991 2832 quae·
1046 2776 1135 2832 gans;
1152 2760 1274 2814 Ecclesia
1293 2761 1370 2816 enirn
1385 2761 1559 2816 convocatio.
1895 2828 1899 2834 Ι

146 2846 326 2901 libetmundi
348 2846 422 2902 bona
446 2847 598 2914 desiderat,
629 2864 693 2920 quae
723 2848 757 2903 de
777 2848 993 2903 lulurodamna
1085 2850 1266 2917 Victaqunm.
1296 2849 1372 2903 Visia
1399 2864 1486 2920 quiam
1511 2848 1624 2904 locutus
1653 2855 1709 2918 cst,
1737 2852 1893 2924 quiaquod

145 2934 406 3006 patiaturiguorat.
1008 2937 1029 2994 G
1047 2936 1117 2991 vidit
1127 2937 1203 3007 apud
1227 2938 1316 2991 Deum
1344 2937 1496 2992 secretiora
1523 2939 1746 3010 contemplando
1767 2941 1893 3011 patefecit

184 3025 267 3078 Vens.
293 3027 337 3079 28.
369 3054 400 3065 -
418 3024 483 3080 Cum
506 3023 675 3079 surrexerint
689 3027 778 3095 impii.
802 3024 921 3079 Eosdem
942 3024 992 3079 ho·
1047 3023 1222 3079 hominibus.
1243 3024 1377 3096 Quisquis
1401 3026 1478 3080 enirn
1504 3024 1612 3097 Spiritu
1640 3028 1691 3082 Dei
1722 3030 1892 3084 confortatus

147 3111 248 3180 mines,
264 3111 533 3184 quosjustosdiuit,
556 3112 606 3184 qui
630 3113 711 3183 justi,
738 3112 889 3167 creationis
917 3112 993 3167 ardi-
1048 3118 1100 3177 est,
1119 3129 1183 3183 qum
1205 3119 1367 3184 sequuntur
1391 3114 1494 3169 humili
1513 3115 1598 3169 carde
1623 3115 1891 3184 dicil,stultissimut

147 3216 215 3254 nem
230 3204 356 3254 servant:
384 3201 463 3255 Unde
478 3201 506 3254 in
530 3201 583 3256 lob
606 3201 640 3255 de
665 3201 845 3271 paenitente:
864 3203 994 3270 Respiciet
1048 3214 1110 3256 sum
1123 3203 1254 3269 uirorum,
1267 3207 1321 3257 etc.

148 3288 277 3354 nomines,
295 3291 320 3342 et
350 3288 429 3357 dicet,
471 3291 582 3342 Perconi
611 3288 680 3358 (tob.
709 3293 818 3355 xxxin).
842 3289 923 3353 Quod
940 3294 993 3357 est,
1085 3290 1165 3343 Vens.
1187 3292 1213 3344 i.
1240 3290 1481 3346 -Stultissimua
1500 3292 1564 3346 Filii
1591 3278 1674 3361 iuius
1704 3295 1800 3349 manli
1827 3312 1891 3365 pru·

148 3374 291 3445 Respiciet
306 3391 364 3441 eos,
387 3375 437 3445 qui
462 3379 593 3430 naturam
621 3375 755 3432 humanae
781 3377 934 3431 creationis
948 3392 995 3431 cu·

148 3463 285 3531 studiant,
303 3467 331 3516 et
346 3478 375 3517 se
385 3463 529 3533 peccando
547 3463 685 3533 jumentis
712 3463 883 3520 assimilatos
906 3481 994 3535 agno·

149 3556 241 3606 scunt.

1049 3377 1182 3433 dentiores
1196 3383 1258 3432 sunt
1270 3378 1339 3444 titiis
1368 3381 1435 3434 lucis
1449 3382 1478 3434 in
1492 3383 1663 3448 ueneratione
1673 3396 1726 3437 suo
1741 3384 1819 3450 (Luc.
1830 3385 1888 3450 ru).

1050 3466 1083 3520 Et
1106 3467 1283 3535 Apostolus:
1314 3467 1348 3521 Si
1371 3470 1432 3537 quis
1452 3469 1562 3524 uidetur
1586 3468 1769 3540 csseeuprins
1793 3475 1823 3526 in
1848 3472 1889 3526 tor

1049 3556 1153 3621 saeauto,
1166 3555 1265 3610 stultus
1278 3557 1337 3624 fiat,
1350 3561 1380 3610 ut
1393 3559 1430 3611 sit
1449 3558 1558 3626 sopiens
1568 3559 1592 3628 (l
1606 3558 1669 3614 Cor.
1686 3558 1738 3629 ur).

485 3620 597 3676 CAPUT
624 3621 710 3677 XXIX·
1084 3641 1289 3698 Nandidioinb
1314 3643 1443 3711 homine,
1459 3644 1518 3712 sed,
1536 3643 1660 3699 donante
1692 3647 1761 3711 Deo,
1789 3652 1820 3702 nt
1833 3665 1888 3702 san-

184 3725 265 3779 Vens.
284 3727 512 3795 l.-llomoqui
537 3726 654 3791 itandis,
683 3731 734 3781 eta.
761 3726 815 3792 Qui
844 3727 917 3782 lictis
936 3742 995 3782 ser·
1049 3735 1161 3786 ciorum
1185 3731 1333 3786 scientiam
1357 3749 1482 3788 noscam.
1510 3735 1543 3789 Et
1564 3736 1737 3805 Apostolus:
1753 3738 1890 3794 Nocstntli

148 3814 282 3869 monibus
301 3815 476 3884 proximum,
488 3815 595 3882 laudat,
610 3820 692 3885 parat
707 3815 733 3870 ei
759 3815 876 3885 insides,
893 3816 996 3887 quibus
1048 3825 1160 3889 propter
1182 3822 1341 3878 Ctlrtatum:
1368 3820 1474 3876 iterum
1494 3821 1543 3889 ait,
1561 3823 1733 3891 Sapientiam
1756 3827 1890 3880 autento

149 3902 352 3972 inpericnlum
368 3903 447 3958 verbi
475 3909 524 3956 ant
539 3904 633 3973 operis
659 3902 926 3959 securiorincidiat.
942 3903 996 3959 Sed
1050 3911 1163 3979 animur
1183 3913 1255 3964 inter
1278 3911 1421 3979 perlectos.
1453 3911 1621 3980 Sapientiam
1646 3927 1787 3969 uuonan
1814 3915 1889 3968 nani·

148 3990 294 4045 videamus
321 3991 372 4062 qui
395 3992 531 4062 capiatur,
560 3991 662 4058 cuilit,
687 3997 737 4047 ant
763 3993 813 4064 qui
840 3993 916 4048 facit.
945 3993 994 4048 Se·
1050 4013 1125 4064 num,
1141 3997 1247 4052 scilicet
1257 4013 1351 4068 noque
1365 3997 1529 4070 principum
1555 3998 1641 4071 hujus
1656 4000 1768 4069 snauh,
1781 4002 1833 4073 qni
1846 4002 1890 4056 de·

149 4078 267 4150 quitur:
993 4098 1001 4114 “
1051 4091 1215 4141 struuntur.

180 4169 259 4222 Vnus.
276 4170 302 4223 6,
328 4196 364 4209 -
392 4169 547 4223 Peccantem
569 4171 670 4224 uirum.
695 4170 758 4224 Nan
774 4185 842 4240 ergo
855 4170 931 4241 justa
948 4171 994 4226 la·
1085 4173 1169 4229 Varis.
1201 4173 1228 4228 4.
1254 4203 1288 4213 —
1322 4173 1390 4239 Quis
1425 4173 1547 4229 ascendit
1564 4176 1595 4229 in
1613 4174 1716 4230 aetum.
1745 4176 1891 4231 Piliusllei

148 4271 239 4327 qneus
254 4255 443 4327 peccantium,
474 4261 538 4324 etc,
562 4272 645 4326 usque
674 4258 711 4311 od
724 4273 790 4312 nam
805 4259 855 4330 qui
865 4258 937 4313 fodit
951 4259 993 4315 io-

148 4360 228 4398 ream
245 4345 374 4416 proxima
386 4361 448 4410 sua,
467 4344 573 4399 incidet
591 4346 620 4399 in
644 4362 718 4401 eam.

198 4434 277 4487 Vnas.
301 4437 328 4488 9.
355 4463 391 4474 -
421 4435 472 4488 Vir
509 4436 627 4502 sapiens.
656 4436 757 4490 [lactor
778 4435 872 4491 lidelis
899 4440 927 4491 et
948 4453 993 4490 sa·

148 4520 238 4591 piens,
255 4526 320 4588 etc,
335 4522 468 4591 usquead
482 4538 539 4576 non
551 4522 694 4577 auditura
718 4525 815 4580 stulto.

183 4610 264 4665 Vsus.
295 4614 337 4666 ll.
367 4641 399 4650 -
428 4612 522 4666 Totum
541 4613 670 4680 spiritum
693 4627 782 4668 suum.
812 4612 994 4684 lmpatientia

146 4699 313 4770 impellente
324 4702 401 4754 tolus
411 4699 529 4770 spiritns
543 4699 619 4754 laras
636 4700 810 4772 prorumpit,
823 4709 891 4769 eta,
909 4717 994 4775 usque

146 4788 185 4842 nd
200 4788 313 4859 sapiens
328 4793 422 4842 autern
445 4788 584 4861 paulatim
607 4804 670 4844 eam
698 4790 860 4845 maturitate
882 4790 994 4847 consilii

147 4880 284 4932 extenuat
295 4880 324 4930 el
337 4875 463 4947 expellit.

183 4965 262 5019 Vens.
281 4968 324 5021 l3.
340 4993 376 5005 -
394 4966 501 5034 Pauper
515 4970 541 5019 et
572 4966 690 5021 creditor
708 4966 894 5023 obviaverunt.
923 4969 994 5022 Pan·

146 5070 207 5124 por,
224 5057 290 5120 etc,
311 5069 395 5123 usaue
425 5053 463 5108 od
491 5054 577 5123 unde,
607 5057 665 5110 sine
680 5071 721 5111 me
743 5057 994 5126 nitilpotestisfu·

146 5158 213 5198 cere.

182 5231 265 5286 Vens.
283 5232 325 5285 l8.
339 5259 375 5270 -
390 5231 455 5287 Cum
482 5229 640 5301 prophetia.
663 5231 735 5286 Crem
760 5230 914 5286 sacerdotis
927 5247 992 5289 eru·

147 5317 217 5372 ditio
233 5319 390 5385 cessaverit,
406 5319 533 5374 solvetur
559 5317 695 5374 continua
723 5319 873 5391 disciplina
888 5320 992 5376 divine

146 5404 231 5473 legis:
251 5422 308 5476 qua
332 5407 457 5478 populus
472 5407 508 5462 ad
525 5406 712 5463 beatitudinis
738 5408 860 5481 praemia
885 5408 993 5480 pertin·

146 5507 213 5562 gera
227 5493 375 5548 debuerat.

1047 4266 1113 4332 past
1132 4261 1379 4328 resurrectionem,
1400 4266 1428 4317 et
1450 4267 1554 4316 nostrae
1585 4263 1808 4320 resurrectionis
1824 4271 1890 4321 tern-

1048 4366 1118 4423 pore
1132 4351 1319 4405 descensurus
1329 4357 1372 4407 est
1385 4351 1420 4406 ad
1432 4350 1584 4423 judicium.

1084 4439 1152 4505 Quis
1166 4442 1306 4496 carttinuit.
1323 4439 1422 4496 Omnis
1449 4439 1578 4510 spiritus,
1603 4440 1788 4510 angelornm,
1804 4442 1892 4499 homi-

1048 4542 1129 4595 num,
1154 4527 1323 4583 animalium
1347 4533 1377 4583 et
1404 4528 1602 4599 procellarum,
1633 4545 1671 4585 ne
1699 4531 1827 4597 deficiat,
1849 4531 1892 4586 liei

1047 4615 1177 4686 potentia
1191 4616 1363 4671 continetur.

1084 4705 1139 4770 Qui
1166 4704 1309 4760 suscitarit
1335 4719 1434 4760 omnes.
1466 4705 1499 4760 Et
1522 4721 1599 4760 nnnc
1620 4705 1732 4775 amnia,
1759 4724 1826 4781 quae
1848 4725 1893 4781 per

1048 4790 1253 4846 arbemrivunt
1272 4796 1451 4861 clarescunt,
1473 4793 1614 4862 homines,
1641 4795 1817 4866 animantia,
1832 4814 1893 4869 ger-

1047 4880 1138 4947 mina,
1155 4881 1240 4949 lleus,
1269 4886 1302 4935 ut
1330 4881 1464 4937 suavita
1489 4883 1654 4952 subsistant,
1686 4886 1892 4943 excitat:etin

1048 4968 1095 5022 die
1105 4969 1209 5040 judicii
1224 4984 1315 5040 genus
1329 4969 1489 5025 humanum
1505 4977 1661 5043 aqualuor
1675 4975 1773 5032 ventis
1783 4981 1893 5032 amana

1048 5057 1194 5112 excitabit.

1084 5146 1163 5213 Quod
1175 5161 1270 5201 nornen
1283 5152 1323 5202 est
1341 5148 1411 5217 ejus,
1435 5152 1461 5203 et
1475 5148 1548 5218 quod
1572 5163 1667 5204 namen
1694 5151 1750 5220 alii·
1764 5153 1831 5222 ejus,
1848 5153 1892 5209 llei

1046 5235 1136 5306 patris
1150 5240 1179 5290 et
1195 5234 1250 5289 lilii
1276 5251 1384 5291 nomeu
1409 5236 1499 5291 dicit:
1516 5238 1597 5307 cujus
1611 5239 1790 5307 mysterium
1812 5258 1892 5298 seecu-

1047 5322 1115 5378 laris
1131 5322 1249 5377 scientia
1272 5324 1442 5380 naturaliter
1468 5325 1538 5380 seire
1566 5341 1626 5380 non
1641 5327 1751 5396 potnit,
1768 5333 1891 5401 quemvis

1047 5427 1108 5467 esse
1124 5412 1224 5480 Deum,
1240 5411 1292 5483 qni
1309 5411 1408 5468 omnia
1434 5412 1542 5482 lecerit,
1567 5414 1705 5486 periaota
1732 5417 1889 5492 intelligere

1046 5498 1145 5573 possit.
