3892 6106
55 282 108 335 ill
629 274 760 333 GLOSSd
779 275 980 333 anomalus.
999 305 1034 316 -·-
1055 276 1121 332 ΗΒ.
1141 277 1246 334 EXOD.
1766 277 1820 332 2³8

52 415 124 471 ergo
142 399 166 453 si
176 401 296 470 propter
309 399 481 469 praesentem
495 395 582 451 vitum
606 400 786 451 clamorem
815 394 913 450 soeculi
928 398 949 453 d
967 395 1182 464 indipnationem
1205 394 1291 465 (Psal.
1320 392 1429 464 xxxrr);
1463 393 1487 448 si
1520 393 1550 449 in
1577 394 1723 450 doloribus
1768 396 1819 463 sis,

54 488 247 555 thesaurizas,
277 484 415 541 continuo
438 500 548 541 vermes
571 484 723 552 ebulliunt,
747 484 782 539 de
809 484 915 555 quibus
968 488 1048 539 sanat
1075 487 1113 550 te,
1142 483 1261 538 dicens:
1293 484 1422 538 Dominus
1459 486 1540 537 sanat
1577 483 1721 552 lanquores
1760 487 1821 539 tuos

54 575 164 630 dicitur
189 576 243 630 lsu.
276 588 363 629 uxor:
390 575 497 630 Vernis
518 586 612 628 eorum
634 587 687 627 non
706 575 844 640 moritur;
861 573 914 628 hos
968 573 1182 643 omues'(ita'ttls.
1197 574 1255 643 ιν);
1274 572 1298 626 si
1312 575 1481 643 paupertate
1504 572 1691 639 consumeris,
1714 588 1817 627 coneo·

53 667 178 734 generat
193 660 312 716 avaritia
326 664 356 716 et
369 660 535 715 divitiarum
548 674 622 714 caeca
636 659 776 731 cupiditas
795 660 840 715 his
863 659 913 733 qui
967 661 1053 716 lando
1071 661 1140 717 dicit
1156 676 1164 716 z
1180 664 1309 716 Dominus
1329 661 1429 715 allevat
1448 659 1481 714 de
1508 664 1581 715 terra
1602 663 1720 730 inopem,
1739 664 1765 715 et
1785 659 1819 716 de

53 749 167 804 babent
182 746 348 819 pecuniam,
364 751 393 801 et
415 745 543 801 videntes
564 745 595 800 in
621 746 789 802 necessitate
812 747 913 801 iratres
978 755 1092 804 stercore
1106 752 1189 817 eripit
1215 764 1361 819 pauperem
1382 748 1453 818 (Pal.
1481 750 1556 815 ιιιι).
1577 749 1606 804 Si
1632 749 1697 820 quis
1720 753 1818 804 minen

53 853 136 904 ιιιοι,
151 836 291 891 claudunt
303 836 411 890 viscera
437 849 490 888 sua
515 833 550 888 ab
579 833 629 889 eis.
660 834 740 889 Unde
765 836 914 907 Apostolus
968 837 1122 893 infideliter
1157 838 1286 908 susscipit,
1320 853 1372 892 nec
1407 837 1539 903 comedit,
1577 836 1625 891 sed
1656 837 1815 906 abscondit,

53 926 90 996 (Ι)
107 927 181 981 Tim.
209 926 248 994 rr)
278 922 409 996 praecipit
435 923 568 979 diuitibus
591 938 644 977 non
667 923 782 978 sublime
807 939 911 994 sapere,
968 940 1077 978 vermos
1091 941 1125 979 ex
1138 939 1172 979 eo
1185 924 1335 979 ebulliunt.
1352 925 1410 979 Nec
1424 925 1546 979 turberis
1563 924 1586 978 si
1601 925 1635 979 ad
1661 924 1716 979 hoc
1737 924 1817 979 duci·

53 1029 143 1084 neque
156 1016 309 1083 sperarem
324 1015 425 1068 incerto
441 1010 614 1077 diuitiarum,
629 1015 703 1079 atc.;
720 1027 773 1066 nac
796 1012 913 1067 aliunde
967 1017 1014 1067 tur
1029 1013 1147 1067 verbum
1165 1013 1225 1076 Dei,
1240 1018 1273 1067 ut
1287 1017 1404 1082 putetur
1418 1013 1481 1066 lieri
1504 1013 1627 1079 vermis3
1654 1011 1715 1083 ipse
1737 1013 1817 1068 enim

55 1102 132 1157 liunt
147 1116 261 1156 vermes
276 1100 306 1155 in
319 1101 415 1167 nobis,
434 1099 493 1154 nisi
508 1115 543 1155 ax
557 1114 674 1166 manna,
699 1099 728 1154 id
754 1103 797 1155 est
823 1099 912 1154 verbo
966 1101 1006 1156 ait
1022 1116 1029 1155 s
1045 1103 1102 1169 Epo
1120 1116 1180 1157 sum
1194 1103 1301 1165 ommis,
1317 1105 1342 1155 et
1356 1115 1409 1155 non
1433 1102 1509 1155 bomo
1532 1101 1614 1170 (Psoi.
1642 1100 1710 1171 ιιι.)
1737 1100 1818 1156 Sicut

59 1190 122 1246 Dei.
151 1190 235 1244 Unde
261 1190 342 1244 ioan.
366 1204 424 1243 xv:
454 1190 518 1244 Nisi
541 1189 672 1244 emissem
698 1191 724 1243 et
749 1189 852 1243 locutus
874 1191 912 1243 eis
967 1188 1045 1243 enim
1060 1188 1121 1259 ipsc
1133 1194 1175 1243 est
1190 1189 1239 1259 qui
1254 1189 1287 1243 tit
1301 1189 1364 1242 aliis
1379 1189 1408 1241 in
1428 1189 1549 1249 recinam,
1576 1187 1640 1242 aliis
1665 1193 1761 1243 autem
1785 1188 1816 1244 in

59 1280 186 1346 tulissem,
210 1281 263 1332 etc.
291 1279 358 1332 Post
383 1280 546 1347 susceptum
571 1292 641 1348 ergo
669 1275 788 1331 verbum
816 1276 865 1331 Dei
888 1276 912 1330 si
966 1277 1203 1331 resurrectionem
1219 1278 1295 1345 (Duc.
1312 1278 1339 1345 ιι)
1353 1293 1360 1343 ;
1376 1276 1414 1330 ita
1429 1277 1526 1346 etipse
1541 1280 1583 1330 cst
1598 1275 1692 1347 quiin
1707 1291 1812 1332 manna

59 1367 125 1439 quis
148 1369 258 1438 peccat,
282 1364 406 1420 eflicitur
426 1365 522 1434 ipsum
561 1364 681 1419 verbum
715 1362 830 1430 vermis,
861 1362 912 1433 qui
966 1364 1099 1420 fidelibus
1110 1365 1229 1419 dulcedo
1244 1365 1348 1430 mellis,
1367 1363 1531 1419 inlidelibus
1553 1363 1658 1418 vermis
1682 1363 1815 1420 allicitur.

60 1456 122 1526 ejus
137 1453 342 1509 somniantium
367 1467 481 1524 semper
503 1451 593 1507 iodiat
614 1456 641 1507 et
665 1466 767 1507 arcana
789 1450 913 1522 pectoris
967 1453 1030 1523 lpse
1045 1457 1088 1507 est
1102 1453 1179 1507 enim
1194 1467 1288 1507 sermo
1303 1452 1353 1506 Dei
1369 1452 1419 1522 qui
1437 1451 1605 1523 iniquorum
1628 1456 1738 1506 mentes
1767 1468 1816 1507 nr·

64 1543 157 1598 rodat.
966 1541 1067 1612 pailet
1081 1542 1289 1596 correctionum
1315 1540 1431 1611 spiculis
1453 1539 1656 1595 conscientiam
1680 1539 1813 1596 terebrat.

94 1631 181 1686 Vsus.
197 1632 223 1686 6.
240 1658 274 1670 -
289 1628 392 1699 (Ouio.)
409 1629 523 1698 Vespere
537 1629 637 1694 scietis,
648 1631 701 1683 etc.
718 1626 912 1697 Adoesperom
969 1630 1031 1700 lpse
1043 1634 1084 1683 est
1099 1628 1177 1684 enim
1191 1630 1241 1700 qui
1256 1627 1380 1682 eflicitur
1392 1627 1432 1681 eis
1443 1627 1548 1698 quibus
1571 1627 1665 1697 aperit
1684 1625 1815 1697 Scriptu-

62 1720 153 1774 scietis
165 1721 235 1788 quia
249 1731 297 1786 epo
318 1719 468 1782 Dominum
492 1732 571 1772 mane
594 1720 683 1772 autem
702 1716 831 1771 uidebitis
855 1732 913 1771 mo·
969 1731 1014 1771 ras
1044 1716 1129 1788 ignis,
1159 1716 1209 1787 qui
1235 1715 1353 1771 dicunt:
1380 1717 1472 1771 Nonne
1496 1731 1541 1770 eor
1567 1719 1690 1770 nostrum
1716 1714 1815 1770 ardeus

57 1810 186 1877 testatem
201 1809 321 1862 Domtni.
342 1806 543 1877 Respondeant
567 1803 643 1860 mihi
655 1804 747 1860 ludaei
767 1805 913 1875 quomodo
968 1809 1027 1860 erat
1041 1807 1069 1860 in
1083 1805 1160 1861 nobis
1171 1805 1185 1859 l
1198 1809 1253 1861 etc.
1276 1805 1349 1873 (Luc.
1364 1805 1450 1872 ιιιι.)
1465 1804 1535 1858 Aliis
1549 1803 1626 1874 ignis
1640 1808 1694 1873 est,
1709 1802 1815 1874 quibus

61 1898 264 1966 advesperam
289 1893 470 1965 cognoscitur
495 1893 643 1963 Dominus,
667 1897 696 1948 et
718 1908 803 1947 manc
820 1893 914 1947 ridea-
968 1896 1078 1948 cremet
1114 1893 1212 1963 spinas
1244 1892 1278 1946 dc
1315 1895 1393 1946 terra
1424 1891 1510 1958 mula,
1548 1891 1578 1946 id
1614 1895 1666 1959 est,
1704 1889 1814 1961 cogitu-

60 1991 106 2040 tur
120 1983 259 2054 maiestas
270 1981 358 2053 ejus?
374 1982 426 2037 Ubi
440 1982 555 2053 agnitus
575 1987 617 2037 est
640 1982 677 2037 ad
700 1997 859 2053 vesperum,
885 1985 913 2036 at
967 1981 1061 2036 tiones
1074 1980 1105 2036 in
1118 1981 1204 2036 corde
1218 1979 1378 2036 consumit:
1395 1983 1423 2033 et
1439 1979 1503 2034 ideo
1512 1979 1711 2050 peccatoribus
1720 1993 1815 2049 neque

62 2075 122 2145 ejus
139 2072 276 2142 majestas
298 2071 358 2125 visa
380 2075 422 2126 est
447 2070 559 2125 mane?
578 2071 633 2125 Sed
657 2086 717 2125 non
740 2069 913 2140 intelligitur
967 2058 1073 2124 neumis
1086 2084 1208 2140 arguens
1219 2083 1346 2139 unquam
1356 2068 1489 2136 moritur,
1499 2084 1593 2139 neque
1604 2067 1680 2138 ignis
1691 2082 1813 2123 exurens

62 2162 116 2216 boc
133 2158 769 2231 nisiinilvongelioldlotti.xxr111),inquo
795 2171 913 2227 vespere
967 2157 1159 2230 exstinguitur
1187 2157 1302 2228 :justis
1330 2160 1426 2212 aulem
1451 2160 1478 2210 et
1505 2156 1639 2211 lidelibus
1663 2157 1815 2227 permanet

62 2247 173 2308 sabbati
205 2247 257 2319 qui
283 2248 391 2302 lucescit
413 2249 558 2316 inprime
585 2246 694 2302 sabbati
720 2247 795 2300 uenit
821 2246 913 2300 llario
967 2248 1057 2304 dulcis
1072 2252 1100 2303 et
1114 2247 1216 2303 suavis.
1234 2247 1314 2303 Unde
1337 2245 1443 2302 dicitur
1465 2247 1537 2318 psal.
1562 2262 1671 2301 xxxm:
1698 2245 1814 2301 Gustata

62 2333 227 2403 umanum
241 2337 268 2387 ct
281 2335 369 2389 altera
382 2335 472 2389 Uaria
486 2335 524 2389 ad
537 2335 700 2404 sepulcrum,
714 2337 740 2387 et
752 2334 912 2387 inuenerunt
967 2341 992 2392 et
1007 2335 1103 2404 viuere,
1120 2340 1174 2391 etc.

62 2425 182 2495 lapidem
195 2424 376 2479 reuolutumo
389 2429 567 2492 monumento,
584 2428 663 2479 urnae
680 2427 781 2478 motum
795 2423 912 2489 scotum,
1003 2424 1106 2494 (Orio,
1134 2423 1183 2479 uli
1207 2421 1528 2494 repropitiabitur:
1558 2423 1672 2491 Vespere
1692 2421 1814 2477 mandre-

62 2518 87 2568 et
109 2516 304 2567 monumenta
327 2514 426 2581 aperto
448 2525 520 2578 esse,
543 2514 571 2565 et
591 2511 791 2566 centurionem
814 2513 843 2564 et
865 2524 912 2562 cn·
966 2513 1062 2568 colitis
1075 2526 1178 2575 carnes,
1205 2516 1231 2567 et
1259 2527 1338 2566 mane
1364 2510 1535 2581 replebimini
1556 2510 1686 2579 panibus.
1714 2510 1815 2564 Dicant

60 2598 153 2653 stodes
168 2598 296 2669 sepulcri
322 2598 471 2654 dicentes:
499 2599 566 2654 Vere
587 2599 631 2653 liic
652 2599 739 2654 Filius
764 2599 817 2653 Dei
835 2600 906 2653 erat.
965 2600 1056 2656 ludaei
1071 2616 1137 2673 que
1151 2600 1357 2671 consequentis
1371 2599 1416 2666 sit,
1438 2603 1470 2654 ut
1490 2614 1606 2669 vespere
1631 2614 1730 2652 carues
1752 2598 1813 2653 sine

58 2685 182 2757 Agnitus
194 2690 239 2741 est
252 2686 282 2740 in
297 2686 352 2741 hoc
371 2701 486 2756 vespere
504 2685 654 2755 Dominus,
677 2685 746 2758 quia
768 2683 830 2756 ipse
855 2684 910 2738 Do·
965 2690 1089 2761 panibus
1105 2688 1264 2756 comedunt,
1282 2693 1332 2743 aut
1351 2702 1435 2742 mane
1456 2702 1545 2758 penes
1566 2687 1626 2741 sine
1642 2682 1815 2756 pulmento?

60 2775 155 2829 nunus
170 2779 235 2829 erat
248 2790 256 2828 ι
271 2774 386 2844 agnitus
399 2777 442 2828 est
459 2774 490 2828 in
505 2773 610 2828 virtute
632 2772 856 2835 resurrectionis,
882 2773 911 2826 ct
949 2775 1036 2849 'quid
1050 2777 1080 2832 in
1095 2776 1249 2832 hoedivini
1259 2777 1396 2840 muueris,
1408 2775 1476 2847 quid
1485 2774 1705 2844 temperamenti
1713 2772 1814 2844 gratim

60 2876 143 2916 muna
158 2860 255 2932 gioria
267 2860 329 2930 ejus
342 2858 402 2915 risa
426 2863 478 2914 est.
503 2859 574 2915 Cum
595 2859 739 2914 venissent
753 2859 817 2914 aliae
844 2873 908 2913 mu·
965 2865 1085 2921 coeiestis
1098 2863 1284 2920 ostenditur?
1297 2865 1415 2930 Doceat,
1431 2863 1462 2917 in
1478 2879 1535 2934 quo
1550 2878 1707 2933 agnoscere
1724 2863 1814 2917 Deum

60 2949 142 3004 lieres
166 2947 263 3018 primu
291 2946 401 3003 sabbati
422 2946 504 3002 valdo
527 2962 625 3017 mune,
653 2947 827 3003 invenerunt
857 2962 940 3021 tin-c
962 2957 1091 3026 possunt,
1110 2952 1160 3024 qui
1178 2967 1277 3006 carnes
1296 2951 1327 3005 in
1347 2966 1465 3023 vespera
1490 2952 1551 3005 sine
1573 2950 1695 3022 panibus
1719 2966 1816 3005 come-

63 3039 141 3108 gelos
155 3047 224 3092 cum
237 3037 349 3109 ingenti
371 3036 499 3093 claritate
522 3037 656 3092 sedentes
680 3037 715 3093 ud
735 3037 910 3109 sepulcrum,
966 3042 1046 3107 dunt,
1063 3045 1093 3096 et
1107 3040 1286 3111 mujlsstatem
1301 3039 1352 3094 Dei
1367 3055 1505 3111 apparere
1522 3039 1632 3106 dicunt,
1657 3040 1680 3093 si
1699 3052 1815 3094 rursum

63 3131 90 3181 et
111 3125 266 3183 dicentes:
289 3128 349 3184 Non
374 3131 413 3183 est
440 3127 494 3193 hic,
522 3127 570 3181 sed
593 3130 717 3183 smrccit
744 3143 761 3182 a
786 3128 911 3182 mortuis.
966 3146 1054 3202 panas
1067 3128 1128 3184 sine
1150 3128 1284 3183 cornibus
1307 3127 1515 3183 comedantur?
1538 3131 1651 3183 servent
1674 3126 1727 3182 sibi
1749 3127 1813 3193 istu,

67 3216 161 3270 Venite
173 3218 202 3270 et
213 3213 304 3269 uidete
318 3215 413 3280 locum,
429 3218 483 3269 etc.
500 3212 575 3284 (Luc.
591 3217 675 3285 xxrr.)
695 3215 761 3270 Visa
776 3218 820 3271 est
843 3230 913 3286 ergo
967 3219 1012 3275 his
1026 3217 1077 3290 qui
1095 3218 1307 3288 acquiescentes
1329 3216 1418 3285 robis,
1443 3216 1473 3270 in
1498 3215 1692 3271 coturnicibus
1711 3218 1815 3286 putant

66 3304 200 3374 majestas
214 3302 276 3373 ejus
292 3317 387 3363 mone,
404 3300 473 3372 quia
486 3305 514 3356 cl
526 3316 578 3373 per
598 3302 716 3373 angelos
743 3301 913 3358 resurrectio
968 3306 1085 3380 agnosci
1100 3307 1205 3374 Deum3
1226 3321 1279 3360 nos
1293 3309 1398 3371 autem,
1416 3305 1521 3376 quibus
1543 3304 1573 3360 in
1592 3304 1649 3359 line
1666 3304 1700 3360 ad
1716 3319 1815 3376 respe-

67 3389 200 3444 nonnata
214 3392 267 3444 esi.
969 3412 1032 3452 ram
1046 3394 1148 3450 mundi
1159 3393 1284 3449 Verbum
1306 3398 1349 3449 est
1364 3408 1428 3448 caro
1442 3393 1560 3460 tactum,
1582 3392 1613 3447 in
1631 3392 1679 3447 illa
1698 3393 1816 3462 {mutum

98 3479 183 3532 Vens.
201 3479 281 3531 7-1).
302 3505 337 3517 -
358 3478 412 3535 Nos
435 3491 497 3531 cero
521 3477 589 3546 quid
611 3492 714 3547 sumus,
737 3482 791 3533 etc.
817 3477 914 3552 (Aac,
969 3500 1055 3541 carne
1065 3483 1179 3555 agnosci
1196 3481 1316 3538 dicimus
1340 3482 1442 3550 Deum,
1465 3497 1552 3553 quem
1572 3480 1696 3552 suscepit
1709 3479 1817 3536 exVir·

65 3571 160 3637 quast.
176 3568 211 3621 59
226 3567 259 3620 in
272 3565 353 3620 Buod
367 3605 375 3631 ‚
390 3568 461 3621 tom.
479 3566 543 3636 111.)
560 3566 621 3620 Non
635 3569 748 3622 tantam
764 3582 794 3621 ss
820 3566 916 3623 valere
970 3574 1036 3645 gine
1052 3588 1059 3627 :
1080 3572 1131 3626 has
1150 3571 1228 3627 enim
1242 3570 1328 3626 Verbi
1344 3571 1394 3625 Dei
1407 3586 1507 3625 carnes
1519 3585 1611 3641 neque
1626 3585 1710 3624 mune
1724 3585 1818 3642 neque

65 3659 208 3727 mantum
229 3654 319 3708 Deum
335 3654 498 3720 voluerunt,
523 3657 587 3722 etc,
613 3668 698 3723 usque
719 3654 756 3709 acl
778 3652 916 3725 Spiritum
970 3660 1090 3717 meridie
1105 3659 1170 3731 quis
1183 3658 1373 3723 manducarit,
1390 3658 1440 3713 sed
1460 3658 1494 3712 ud
1519 3672 1666 3728 vesperum
1684 3673 1690 3712 :
1710 3657 1819 3712 adven-

66 3742 767 3816 memmfleumfflissm⁰¹1⁵iifliii³¹¹bj⁰ss80¹¹b
792 3744 853 3799 Aci·
879 3757 915 3797 t:
970 3753 1018 3805 tus
1041 3746 1120 3802 anim
1141 3746 1256 3802 Domini
1278 3746 1308 3800 in
1332 3761 1416 3800 cerne
1437 3745 1471 3800 ad
1490 3760 1636 3815 vesperem
1661 3744 1751 3800 lactus
1765 3749 1819 3813 est,

70 3830 295 3888 thomlm'bttt
309 3832 437 3885 Μῦν)
452 3844 488 3892 tt.
506 3830 554 3886 ted
568 3833 629 3914 Deo·
971 3839 1045 3893 sicut
1059 3840 1088 3891 et
1111 3837 1234 3891 loannes
1256 3833 1352 3890 dicit:
1385 3834 1478 3894 Pueri,
1510 3836 1658 3889 novissimo
1685 3835 1752 3889 iora
1780 3839 1821 3890 est

100 3920 183 3973 vm.
212 3919 308 3973 tu-lo.
332 3945 369 3959 -
393 3919 507 3988 Vespere
525 3918 666 3974 eumaem
690 3932 794 3975 cemus.
812 3918 917 3990 (Dum,
973 3926 1093 3997 (licon.
1123 3923 1166 3992 11).
1187 3951 1224 3965 -
1251 3923 1338 3989 Uene,
1363 3921 1465 3991 inquit,
1500 3922 1669 3991 replebimini
1689 3922 1817 3991 panibus.

70 4006 219 4077 niumm)
237 4005 380 4061 Moraliior
393 4005 555 4077 intelligere
578 4022 730 4078 possumus
754 4007 832 4079 quod
853 4007 920 4062 uni-
974 4013 1060 4070 Nobis
1082 4027 1151 4083 crgo
1175 4011 1259 4082 panis
1288 4010 1413 4065 Verbum
1438 4009 1489 4064 Dei
1512 4014 1574 4064 est:
1599 4011 1659 4078 lpse
1677 4014 1717 4065 est
1739 4012 1822 4078 ponis

70 4095 172 4166 mique
189 4097 320 4149 ¹¹⁰⁵if¹¹m
340 4109 425 4148 ¹¹¹⁸ssss
453 4097 497 4149 θθῑ
522 4098 551 4149 ⁰²
576 4093 693 4150 initium
717 4095 784 4162 diei,
806 4100 920 4167 ²⁰11¹D11³
972 4101 1066 4171 uicus}
1080 4102 1129 4170 pai
1161 4097 1195 4155 de
1221 4101 1285 4155 culo
1306 4097 1453 4164 descendit,
1481 4102 1506 4153 et
1532 4097 1582 4152 dat
1601 4099 1687 4151 citam
1722 4096 1823 4152 mundo

70 4181 679 4256 quoprimumilluminamuretadlucem
701 4183 768 4239 lidei
789 4183 919 4239 accendi·
975 4190 1063 4261 (loun.
1077 4187 1127 4260 m.)
1142 4188 1195 4243 Sed
1209 4187 1286 4259 quod
1314 4187 1384 4242 dicit
1415 4202 1498 4241 mune
1521 4185 1584 4241 duri
1608 4184 1684 4240 hunc
1706 4200 1822 4256 ponem,
1896 4236 1899 4241 ,

72 4286 143 4326 mur.
166 4271 201 4325 ln
226 4269 281 4324 hoc
302 4273 433 4340 tempora
456 4285 556 4324 carnes
577 4269 658 4326 verbi
685 4287 745 4326 non
768 4288 921 4344 possumus
976 4294 1042 4334 cum
1056 4278 1219 4333 incarnatus
1234 4276 1272 4330 sit
1289 4276 1326 4331 ad
1353 4291 1512 4347 vesperem,
1536 4274 1575 4329 sic
1603 4273 1824 4345 intelligendum

72 4357 167 4425 adera,
194 4356 224 4412 id
251 4359 304 4424 est,
331 4357 464 4428 parlactu
492 4355 628 4414 doctrinae
652 4373 769 4431 capaces
792 4359 922 4414 nondum
977 4370 1021 4420 eat
1035 4365 1113 4437 quod
1127 4365 1164 4419 ad
1179 4378 1326 4435 vesperam
1341 4363 1483 4419 mundiet
1503 4378 1593 4435 prope
1616 4362 1705 4417 linem
1727 4361 1825 4416 Domi·

71 4461 192 4514 somus3
217 4444 268 4500 sed
287 4450 354 4515 post
376 4446 461 4516 longe
490 4446 637 4514 exercitia,
664 4452 729 4520 post
761 4448 922 4520 proiectum
977 4450 1170 4517 nusreuerit;
1190 4452 1240 4506 sed
1255 4451 1378 4506 adventu
1402 4466 1466 4517 suo,
1487 4467 1553 4504 curn
1577 4450 1614 4504 sit
1637 4449 1680 4504 sol
1695 4447 1824 4520 justitie,

36 4605 42 4618 ἢ
75 4533 243 4606 plurimum,
259 4533 395 4605 cumjam
409 4535 532 4606 proximi
546 4551 646 4591 sumus
665 4537 701 4592 ad
719 4552 879 4609 vesperum,
893 4535 924 4591 id
978 4557 1083 4596 norum
1107 4555 1191 4595 mane
1217 4539 1398 4596 credentibus
1422 4538 1605 4606 restaurasti,
1626 4553 1744 4607 norum,
1772 4535 1826 4591 sci·

74 4627 114 4678 ast
137 4621 323 4694 perfectionis
341 4623 440 4692 tidem,
466 4628 535 4680 tunc
557 4624 702 4680 solidioris
724 4624 779 4680 cibi
807 4641 923 4698 capaces
978 4626 1303 4695 licetscientioelumen,
1322 4627 1352 4682 in
1376 4641 1433 4698 quo
1453 4627 1600 4696 replentur
1621 4625 1754 4695 panibus,
1776 4623 1827 4695 qni

75 4710 225 4768 efficimur.
250 4710 427 4767 Festinamus
442 4728 511 4784 ergo
535 4728 642 4768 manna
665 4715 818 4786 suscipere,
846 4714 924 4786 quod
979 4719 1165 4787 susceperunt
1179 4719 1325 4786 precepta
1337 4714 1408 4784 ejus.
1429 4715 1485 4767 Nec
1501 4712 1612 4767 mireris
1627 4712 1695 4783 quia
1708 4711 1827 4767 verbum

74 4804 158 4872 prout
184 4800 248 4855 vult
274 4799 398 4872 quisque
424 4817 556 4872 saporem
582 4802 659 4858 redit
691 4802 721 4856 in
750 4819 809 4857 ore.
844 4802 924 4859 Unde
978 4801 1279 4872 dicituretcaroDei,
1296 4806 1324 4857 et
1339 4801 1431 4873 panis,
1448 4806 1476 4857 et
1495 4802 1538 4856 loc
1560 4799 1665 4855 dicitur
1683 4804 1712 4854 at
1737 4799 1827 4867 olera,

75 4889 168 4945 Usilla.
194 4903 243 4943 rx:
273 4889 338 4944 ilict
368 4888 420 4943 tibi
447 4890 593 4946 secundum
621 4890 702 4961 tidem
725 4895 807 4947 tuom.
837 4893 870 4947 Et
892 4895 924 4946 tu
979 4897 1072 4964 etpro
1088 4906 1222 4947 mensure
1237 4890 1426 4952 credentium,
1454 4895 1482 4944 et
1505 4887 1695 4959 possibilitate
1715 4904 1829 4943 sumen·

13 5044 19 5055 ¹
74 4991 148 5049 ergo,
163 4975 190 5030 si
199 4974 322 5032 verbum
347 4976 399 5031 Dei
429 4976 508 5047 quod
537 4976 567 5031 in
591 4978 714 5032 Ecclesia
740 4973 929 5049 predicetur,
979 4979 1053 5033 tium
1076 4977 1186 5034 diverse
1213 4977 1395 5032 nominatur.
1427 4975 1475 5029 Vel
1500 4978 1563 5046 poet
1590 4974 1829 5030 resurrectionem

12 5084 17 5105 ·-
77 5063 202 5120 totefide
217 5062 409 5118 etderolione
424 5063 571 5135 suscipias,
586 5065 637 5121 flat
657 5066 709 5121 tibi
731 5067 925 5138 quodcunque
979 5082 1065 5122 mune
1080 5066 1182 5122 lactum
1198 5066 1347 5121 credentes
1361 5063 1482 5135 replevit
1496 5062 1628 5133 panibus,
1652 5061 1720 5134 quia
1743 5062 1830 5118 libros

77 5150 225 5208 desideras.
246 5150 276 5207 Si
296 5149 452 5220 tribularis,
476 5152 642 5208 consolatur
662 5158 701 5221 te,
727 5153 849 5208 dicens:
875 5154 926 5211 Dor
979 5155 1051 5226 legis
1066 5156 1308 5228 etprophetarum
1321 5154 1401 5226 prins
1416 5154 1533 5224 ignotos
1554 5152 1591 5206 ad
1610 5152 1829 5208 instructionem

79 5242 219 5296 mtmtmn
238 5243 264 5294 et
282 5239 457 5295 humiliatum
467 5241 541 5296 Deus
559 5257 613 5296 non
639 5244 744 5311 spernit
768 5242 853 5313 (Psoi.
876 5242 923 5312 ι.);
982 5243 1113 5300 Ecclcuoe
1127 5243 1274 5311 concessit,
1299 5247 1328 5298 al
1353 5242 1414 5314 ipse
1441 5242 1473 5296 lit
1501 5240 1583 5312 panis
1606 5241 1636 5295 in
1663 5240 1829 5312 Evangelio,

18 5344 30 5407 ,ς
82 5328 221 5384 silaetaris
241 5343 294 5398 pro
308 5327 478 5398 spelutura,
493 5329 805 5402 cumuluttibigaudia,
819 5330 924 5385 dicens:
980 5332 1076 5388 caeteri
1090 5331 1234 5386 verolibri
1257 5330 1330 5401 legis
1351 5335 1380 5385 at
1402 5329 1609 5402 prophetarum
1630 5329 1675 5384 rel
1691 5328 1829 5385 historie-

20 5420 30 5427 ““
83 5415 222 5474 hiemini
239 5419 270 5472 in
295 5418 410 5472 Domino
426 5421 452 5473 et
473 5419 617 5485 exsultate,
635 5419 708 5489 justi
720 5419 804 5488 (Psol.
829 5421 927 5488 ιιιι)·,
981 5436 1046 5475 rum
1062 5420 1158 5490 plures
1171 5434 1258 5490 panes
1279 5418 1421 5487 dicantur,
1447 5417 1551 5490 quibus
1576 5417 1743 5490 repleantur
1768 5432 1829 5473 cre·

84 5504 268 5563 dirmundos
288 5519 330 5572 as,
350 5504 441 5561 dicit:
470 5507 570 5583 Desine
590 5506 625 5562 ab
643 5510 698 5573 iro,
722 5511 748 5563 el
773 5507 928 5578 cierclinque
984 5509 1083 5566 dentes
1097 5523 1131 5564 ex
1147 5506 1291 5579 gentibus.
1309 5507 1410 5563 Unde:
1430 5506 1584 5563 Ascendent
1602 5509 1632 5563 in
1654 5511 1780 5574 montem,
1804 5507 1831 5560 st
