3892 6104
147 221 216 275 autb
476 215 677 273 witmarum
694 215 817 274 STRABl
833 218 937 276 nutu.
948 217 1032 276 uolt.
1044 219 1120 278 OPP.
1137 220 1225 277 Paris
1239 220 1261 278 Ι.
1280 249 1316 261 -
1329 217 1562 279 innotoclca.
1834 225 1898 279 tbtrt

146 340 187 396 ait
201 338 232 396 in
246 339 438 395 tabernaculis
454 338 515 408 liei,
536 338 584 394 scd
611 336 677 406 oiri,
702 353 756 411 per
773 337 829 396 hoc
842 340 997 413 designans
1014 343 1033 398 Α
1053 342 1122 398 dum
1138 346 1220 398 vocat
1235 341 1270 409 ab
1298 342 1510 415 poenitentiam,
1535 343 1661 400 nabulum
1685 345 1759 400 aaut
1789 347 1900 402 marm

146 428 293 486 andaciam
312 428 523 484 hereticorum.
1050 434 1166 502 spargit.

180 518 261 573 Vana.
280 521 322 573 ll.
338 547 373 558 -
400 518 490 586 Super
517 517 649 586 timentes,
678 519 735 572 etc.
769 517 860 588 (Auo.)
888 514 996 571 Timori
1087 520 1146 589 (ln.)
1169 520 1301 578 Nebutom
1321 523 1391 576 suut
1418 522 1533 576 clamem
1551 523 1668 592 spargit,
1697 521 1900 578 cinciniani

146 622 227 677 spem
239 606 396 678 conjunxit,
420 604 489 678 quia
512 621 573 661 uon
600 605 675 660 valet
688 605 775 661 timor
801 606 864 662 sine
888 622 938 677 spe
950 620 997 661 vc·
1051 609 1250 681 paenitentiam
1265 609 1401 680 pertinet,
1419 615 1483 678 etc,
1498 625 1583 680 usque
1597 610 1635 664 od
1648 610 1739 682 etqui
1751 611 1902 682 praedesti·

146 696 315 752 niaezludas
339 695 417 750 enirn
445 694 559 762 timens,
577 694 627 750 sod
655 694 820 767 desperans,
846 696 949 767 laqueo
966 711 996 750 se
1050 698 1129 752 navit
1144 698 1219 754 etad
1239 697 1438 768 poerritentiam
1454 698 1573 753 vocarit.
1590 699 1633 754 ld
1655 699 1802 755 litteram:
1817 700 1902 771 Spar·

146 783 303 856 suspendit.
329 783 384 849 Qui
399 799 467 855 ergo
495 782 578 839 timet
604 784 705 850 Deurn,
730 789 826 854 speret
844 786 874 840 et
896 784 927 839 in
949 800 995 840 eo.
1051 786 1093 858 git
1108 787 1182 842 Deus
1210 786 1305 841 nivem
1323 786 1523 858 qualisnam,
1550 788 1685 843 nebulam
1713 793 1747 843 nt
1764 789 1900 856 cinerem,

147 871 382 929 Placahisautem
404 871 427 926 si
442 887 540 943 speres
553 870 589 941 ¹in
602 871 797 926 misericordia
821 872 893 943 ejus,
910 876 996 944 atque
1050 875 1216 944 crystallum
1239 874 1308 930 facit
1336 880 1369 930 nt
1389 875 1482 930 frusta
1504 875 1620 931 candidi
1643 877 1736 948 panis.
1751 879 1803 934 Est
1825 878 1900 934 eninr

146 959 299 1016 decaetero
314 960 354 1015 ita
372 975 608 1032 peccarecavaas,
623 965 657 1016 ut
670 959 705 1016 de
716 960 870 1031 preteritis
894 960 996 1033 depre-
1051 964 1215 1034 crystallum
1230 964 1338 1035 species
1353 964 1486 1036 quadam
1505 965 1535 1020 iu
1545 965 1661 1022 modum
1673 964 1751 1035 vitri,
1766 966 1820 1021 sed
1833 982 1901 1021 ean·

146 1050 218 1104 ccris
232 1054 264 1104 nt
272 1048 324 1104 tibi
336 1049 533 1104 dimittantur.
1051 1051 1117 1107 dida
1132 1041 1188 1109 est:
1206 1052 1311 1109 dicitur
1323 1058 1420 1109 autem
1434 1070 1495 1109 esse
1510 1053 1559 1109 uix
1574 1055 1665 1125 glacie
1690 1055 1829 1111 indurate
1853 1071 1902 1127 per

432 1189 588 1246 rmus
607 1190 729 1245 Μ·
1052 1142 1435 1299 mltttlttttlt
1448 1144 1780 1288 ”libianae
1826 1230 1832 1244 ·

1363 1272 1372 1295 ,
1437 1273 1444 1286 .
1752 1247 1835 1305 „qur
1849 1248 1900 1288 uon

194 1324 277 1379 Vnus.
296 1326 338 1379 lt.
362 1352 398 1366 -
412 1323 542 1378 Alleluia.
569 1322 698 1377 Psalmus
711 1321 766 1377 iste
788 1320 856 1377 facit
870 1336 997 1376 amorem
1052 1317 1135 1373 facile
1149 1323 1181 1373 ut
1195 1318 1243 1373 nix
1253 1319 1413 1374 solvuntur.

148 1413 253 1470 futura
265 1412 433 1468 Jerusalem.
447 1409 547 1482 Aggaei
561 1412 591 1465 et
604 1409 748 1465 Zacharias
762 1409 877 1476 dicitur,
902 1409 997 1481 quiin
1088 1407 1170 1462 Vnae.
1197 1409 1239 1463 17.
1260 1408 1396 1463 -lir'ttit
1422 1408 1491 1463 sicut
1515 1408 1655 1477 buccellas,
1682 1413 1738 1464 etc.
1770 1409 1860 1465 Alias.
1875 1413 1901 1464 ut

148 1501 311 1574 captivitate
335 1498 547 1571 reparationem
562 1499 721 1554 Jerusalem
739 1498 996 1568 prophetaverunt,
1050 1496 1144 1562 frusta
1164 1494 1260 1565 punis,
1276 1499 1307 1550 nt
1323 1499 1440 1565 pascant
1454 1495 1538 1571 alios,
1568 1502 1600 1552 ut
1622 1497 1784 1568 pradicant
1803 1499 1901 1553 verita·

148 1607 223 1663 qnoe,
247 1594 279 1644 ut
291 1587 427 1645 ieremias
450 1587 593 1659 praedixit,
617 1591 684 1658 post
704 1586 886 1657 septuaginta
907 1601 997 1640 annos
1013 1624 1033 1678 B
1052 1587 1121 1652 tem,
1138 1599 1225 1655 quam
1240 1584 1424 1656 impugnant.
1441 1585 1557 1652 Omnes,
1573 1589 1656 1656 unus}
1669 1586 1770 1657 panis;
1789 1586 1902 1657 singuli,

147 1679 223 1735 facta
238 1684 291 1746 est,
307 1677 337 1734 id
352 1681 405 1739 cst,
420 1680 486 1748 post
499 1674 710 1730 volubilitatem
736 1675 824 1729 totius
846 1674 996 1747 temporis,
1052 1659 1157 1740 frusta3
1175 1672 1264 1729 nude:
1280 1674 1362 1728 liniti
1387 1689 1458 1728 unus
1481 1676 1562 1744 porris
1588 1690 1681 1730 sumus
1696 1677 1728 1730 ia
1754 1677 1904 1746 Christoli

149 1767 226 1839 qnod
243 1770 351 1837 septem
364 1764 465 1821 diebus
475 1763 580 1835 agitur.
642 1830 648 1848 ι
1053 1761 1113 1817 Cor.
1143 1761 1181 1832 x).
1197 1762 1303 1817 Paulus
1331 1763 1496 1834 crystallum
1524 1762 1588 1830 fuit,
1606 1763 1696 1818 durus
1720 1768 1751 1819 et
1776 1763 1901 1820 nitidus:

183 1855 290 1922 baudo,
317 1853 481 1910 Jerusalem.
508 1851 608 1923 (Cass.)
627 1853 713 1907 Totus
739 1850 785 1906 hic
800 1852 927 1922 psalmus
949 1867 998 1922 po·
1054 1850 1152 1918 durus,
1180 1850 1248 1923 quia
1261 1855 1428 1922 persecutus
1444 1850 1614 1919 Ecclesiam
1642 1851 1766 1920 nitidus,
1782 1854 1854 1925 quia
1873 1854 1902 1909 iu

148 1943 270 1999 tantiam
286 1938 494 2011 Deipraedicat.
511 1938 618 2008 Primo,
636 1938 704 1994 dicit
718 1938 997 1995 bouaiuturaelcru-
1053 1937 1116 2009 legs
1130 1937 1250 2010 peritus.
1268 1940 1345 1994 lianc
1369 1942 1471 1994 autern
1495 1940 1569 1994 Deus
1583 1939 1678 2008 solvit,
1705 1944 1736 1995 ot
1751 1939 1845 1995 factus
1865 1944 1905 1995 est

149 2031 250 2097 salem,
277 2029 411 2097 secundo,
427 2027 495 2083 dicit
524 2044 588 2099 qua
611 2027 686 2082 bona
701 2026 747 2082 hic
762 2028 867 2083 dautur
882 2029 998 2096 sanctis,
1052 2025 1146 2097 panis,
1158 2026 1207 2098 qui
1222 2026 1371 2082 veritatem
1381 2027 1485 2082 docuit.
1504 2026 1558 2083 Sed
1574 2027 1630 2081 nisi
1645 2029 1747 2096 solvat,

149 2119 274 2184 ibiz'Qur'
283 2119 392 2173 emittit.
402 2115 542 2187 (duclla
552 2116 714 2188 captivitate
722 2116 816 2172 adhuc
826 2118 998 2173 constitutus
1088 2117 1272 2183 Antetoctem
1293 2117 1351 2187 dus
1378 2119 1428 2173 lter¹
1453 2119 1514 2188 quir
1535 2117 1699 2173 sustinebit?
1727 2117 1819 2184 Alias,
1842 2117 1903 2173 sub·

149 2208 301 2280 propheta,
317 2210 383 2272 etc,
398 2220 483 2274 usque
495 2204 533 2258 ud
547 2204 597 2276 qui
607 2205 768 2259 audivimus
778 2205 997 2262 sicructantem.
1053 2201 1142 2257 sistet.
1158 2201 1254 2274 (Aua.)
1276 2203 1377 2275 Frigus
1403 2208 1455 2270 est,
1471 2204 1521 2276 qui
1535 2204 1650 2272 deserit,
1665 2220 1726 2260 non
1740 2208 1837 2272 vocat,
1852 2221 1904 2260 non

184 2297 266 2351 Vnus.
290 2296 332 2351 lb.
358 2323 392 2335 -
408 2294 587 2361 Cortortuuit
615 2308 690 2348 seros
707 2299 850 2363 portarum
877 2300 996 2351 tuarum.
1051 2290 1178 2346 infundit
1201 2291 1339 2361 gratiam:
1353 2291 1459 2363 etquis
1481 2291 1554 2348 alius
1569 2293 1678 2349 solvet?
1696 2293 1813 2349 Nullus.
1831 2294 1903 2375 Unde

150 2383 241 2455 (Aua.)
257 2383 328 2439 Nota
343 2381 468 2437 clausam
485 2396 547 2435 csse
558 2381 680 2451 januam
701 2380 832 2436 admissis
846 2382 998 2452 prudenti·
1053 2381 1223 2450 apostotus:
1238 2381 1305 2448 Quis
1318 2397 1359 2436 me
1373 2382 1500 2438 liberabit
1514 2382 1547 2436 dc
1560 2398 1670 2453 corpore
1683 2385 1784 2438 mortis
1808 2382 1905 2452 bajus?

148 2473 212 2538 bus,
229 2477 257 2526 ct
272 2470 392 2526 exclusis
407 2468 494 2524 iatuis
508 2468 679 2540 virginibus,
700 2473 733 2524 ut
747 2485 831 2524 nemo
843 2470 905 2541 jam
918 2475 1000 2526 exeat
1054 2467 1139 2538 (trem.
1156 2468 1218 2540 vn.)
1249 2469 1335 2534 Quasi
1359 2469 1448 2525 dicat:
1465 2470 1608 2541 Frigesco,
1624 2470 1723 2526 nullus
1740 2470 1839 2537 solvit,
1854 2468 1907 2525 nisi

147 2562 191 2615 rel
201 2560 299 2615 intret.
314 2560 345 2614 Et
355 2571 481 2628 congrue
496 2561 561 2627 post
574 2557 667 2611 landis
693 2556 924 2612 admonitionem
935 2558 1000 2612 sub·
1053 2556 1146 2627 gratia
1158 2556 1210 2612 llei
1223 2560 1330 2612 mittut
1343 2558 1454 2612 uerbum
1468 2571 1556 2613 suum.

148 2648 189 2705 dit
205 2649 241 2703 de
269 2646 371 2702 clausis
387 2645 496 2718 januis:
526 2645 623 2700 clausa
638 2645 714 2700 enim
727 2646 817 2716 janua
840 2646 998 2702 Jerusalem
1090 2645 1170 2700 Vsus.
1198 2648 1240 2702 t8.
1260 2675 1296 2688 -
1316 2647 1425 2702 Emittet
1450 2647 1562 2702 uerbum
1584 2661 1673 2714 suum,
1695 2651 1723 2702 et
1749 2647 1907 2717 liquefaciet

149 2753 248 2792 secure
263 2736 372 2803 laudat,
396 2734 464 2807 quia
486 2749 572 2789 nemo
596 2734 665 2789 exiit
687 2734 763 2790 unde
787 2734 896 2803 doleat;
913 2752 999 2791 nemo
1054 2748 1123 2788 com.
1141 2733 1240 2804 (clas.)
1255 2734 1348 2789 Verbo
1363 2750 1489 2806 namque
1506 2734 1556 2789 Dei
1572 2734 1715 2800 veniente,
1739 2751 1793 2789 nec
1806 2735 1905 2806 frigus,

148 2829 237 2883 intrat
248 2795 334 2898 quiem
350 2824 459 2892 timeat,
476 2823 552 2879 unde
567 2824 624 2879 sint
634 2825 777 2881 scandala.
1055 2837 1109 2877 nec
1131 2822 1298 2889 obscuritas,
1321 2839 1373 2878 nec
1400 2822 1507 2878 duritia
1522 2823 1672 2894 desperare
1695 2828 1802 2894 potest.
1826 2823 1905 2879 Salu-

184 2918 265 2972 Vaas.
282 2916 325 2970 li.
342 2946 376 2956 -
393 2914 485 2984 Adipe
498 2916 641 2981 [rurumtr'.
658 2915 718 2983 llo.)
733 2915 808 2968 Paua
819 2913 869 2986 qui
882 2914 918 2968 de
928 2914 997 2968 coelo
1013 2907 1034 2963 C
1051 2908 1231 2966 briter'euim
1247 2911 1411 2983 liquefiunt,
1423 2917 1451 2965 et
1467 2911 1575 2968 fluenta
1602 2912 1762 2983 spiritualis
1774 2912 1905 2967 beneficii

149 3001 350 3060 descenditzin
375 3001 484 3056 mundo
500 3017 584 3056 carne
601 3001 712 3057 clausus
727 3002 854 3070 ast,sola
880 3001 998 3057 fideco·
1051 3001 1234 3070 profundunt
1249 3000 1314 3055 aliis
1340 3000 1419 3056 unde
1447 3000 1556 3071 bibant,
1578 3001 1662 3072 juxta
1688 3001 1778 3057 illud:
1809 3004 1905 3059 Omnes

148 3093 254 3165 gnitus,
266 3097 335 3146 tunc
350 3089 493 3146 videbitur
508 3090 581 3145 sicut
591 3095 643 3145 est.
1051 3090 1172 3146 sitientes
1188 3091 1277 3143 cerrita
1290 3088 1328 3143 ud
1340 3103 1426 3158 aquas
1437 3091 1501 3157 (lau.
1518 3088 1571 3157 nv).

184 3181 266 3236 Vuae.
285 3182 328 3234 l5.
354 3180 459 3244 -Qui
478 3181 578 3234 emittit
602 3179 738 3249 eloquium
754 3195 852 3255 Renum.
868 3178 1000 3234 Secunda
1088 3176 1167 3231 Vens.
1186 3180 1230 3235 lb.
1243 3206 1278 3218 -
1291 3178 1405 3233 Jacob...
1422 3179 1517 3234 lsrael.
1540 3177 1631 3250 (aaa.)
1646 3178 1696 3232 Vel
1720 3175 1799 3233 idem
1820 3176 1905 3248 signi-

149 3284 215 3340 pars
230 3267 327 3322 subdit
340 3283 405 3339 quae
422 3283 542 3322 munera
560 3266 607 3322 hic
621 3267 726 3321 dantur
743 3268 850 3333 electis,
865 3284 918 3340 per
934 3284 999 3339 qnae
1053 3264 1156 3319 licetur
1170 3281 1222 3336 per
1240 3267 1336 3333 lsrael,
1351 3271 1416 3332 etc,
1432 3267 1569 3337 usquead
1588 3266 1656 3337 quia
1679 3282 1740 3321 non
1764 3266 1821 3322 iuit
1843 3266 1904 3320 mis

150 3356 252 3410 veritas
268 3355 357 3409 futuri
371 3360 465 3427 potest
474 3355 600 3427 agnosci.
1052 3368 1101 3406 sus
1130 3354 1186 3408 nisi
1219 3353 1257 3407 ad
1286 3368 1346 3409 oues
1391 3369 1451 3424 quar
1486 3355 1627 3425 perierunt
1662 3355 1750 3410 lsrael
1790 3354 1904 3424 (Multi.

189 3446 286 3499 Terra.
302 3443 393 3514 (Auo.)
414 3442 490 3498 Utin
516 3447 594 3497 terra
617 3445 815 3514 cognoscatur.
847 3442 906 3498 Nisi
922 3444 1000 3499 enim
1052 3443 1109 3508 xv).

152 3531 509 3597 mitterevcrbumterrae,
537 3547 592 3602 qua
607 3547 760 3603 gravamur
774 3536 803 3586 et
823 3531 1001 3604 impedimur
1087 3529 1197 3586 ludicia
1223 3546 1286 3586 sua.
1318 3529 1382 3603 (In.)
1409 3529 1553 3586 iudicium
1580 3529 1707 3603 incipite
1743 3531 1903 3596 demoliri,

151 3620 285 3689 creditu,
301 3619 338 3675 ad
352 3618 466 3692 adipem
481 3618 621 3675 frumenti
639 3619 790 3675 satiantem
810 3636 868 3675 nou
888 3622 1001 3677 levare·
1053 3621 1118 3684 etc'.,
1134 3633 1218 3688 usqua
1232 3619 1269 3674 ud
1289 3625 1346 3674 tres
1363 3618 1432 3673 alios
1461 3620 1585 3690 psalmos
1608 3619 1701 3675 laudis
1716 3620 1902 3692 subjungens,

149 3725 225 3766 mnr.
238 3711 270 3765 lu
286 3715 361 3765 terra
375 3709 464 3778 enim,
488 3709 539 3765 ubi
567 3709 731 3765 laboramus
754 3710 831 3778 lessi,
859 3710 997 3782 languidi,
1053 3709 1086 3760 ut
1099 3704 1129 3759 in
1143 3706 1196 3761 hoc
1210 3723 1297 3779 opere
1310 3708 1414 3778 gratias
1429 3707 1575 3762 Trinitatis
1592 3707 1719 3778 {eluceat

149 3798 235 3871 pigri,
259 3798 366 3870 frigidi,
400 3797 507 3854 scilicet
534 3797 565 3853 in
588 3813 695 3866 eremo,
722 3814 781 3854 non
807 3799 921 3867 deserit,
950 3800 998 3854 sed

150 3902 257 3942 manna
269 3890 318 3957 qui
327 3888 429 3943 ernittit
442 3888 587 3956 cloquium,
602 3890 657 3943 etc.
1319 3881 1476 3939 Psanites
1500 3883 1633 3939 uxtvlll.

188 3975 317 4033 Vatoctter
330 3977 427 4031 currit.
445 3976 537 4045 (Aua,
566 3974 656 4046 Cass.)
670 3975 719 4030 Vel
742 3975 877 4046 usquein
892 3960 998 4029 veloci·

150 4068 249 4131 tatem,
272 4063 369 4131 idest,
399 4064 498 4132 alteo,
514 4067 546 4118 nt
573 4063 610 4118 sit
623 4062 684 4134 ipsa
701 4063 832 4119 velocitas
856 4079 914 4136 quo
942 4063 999 4118 ele·
1089 4058 1168 4113 Vaas.
1191 4060 1219 4114 l.
1246 4088 1281 4100 -
1309 4058 1433 4114 Loudctc
1456 4059 1602 4114 Dominam
1619 4058 1653 4114 de
1676 4061 1765 4117 coelss.
1802 4059 1896 4132 (Cass.)

149 4151 222 4207 ctius
236 4151 279 4205 vel
296 4150 458 4222 expressius
467 4150 523 4205 dici
537 4166 596 4206 non
611 4151 714 4222 potuit.
1054 4147 1279 4217 Perpaucorum
1302 4147 1606 4203 commemorationem
1629 4148 1797 4206 universam
1825 4165 1895 4206 crea·

185 4241 248 4295 Non
272 4240 311 4295 ait
330 4240 411 4294 velox
439 4241 569 4308 verbum,
599 4240 682 4294 velox
707 4240 744 4295 sit
769 4240 927 4308 velocitate,
943 4256 1000 4313 qua
1054 4241 1149 4291 turam
1163 4235 1296 4290 hortatur
1320 4235 1438 4291 laudare
1463 4237 1564 4291 ileum.
1586 4236 1657 4292 Sunt
1684 4238 1822 4310 quaedam
1837 4253 1896 4311 qao

149 4329 213 4400 plns
228 4329 271 4384 rel
298 4328 394 4383 minus
408 4326 576 4399 participat:
605 4327 653 4382 sed
668 4328 730 4398 ipsa
756 4329 916 4396 velocitate,
945 4345 1002 4400 qua
1056 4323 1163 4379 habant
1176 4323 1306 4395 spiritum
1335 4323 1471 4381 laudandi
1498 4326 1586 4380 Deum
1602 4324 1633 4380 in
1660 4341 1696 4380 eo
1725 4326 1831 4383 affectu
1848 4342 1898 4399 quo

149 4421 252 4472 catam
267 4415 401 4472 dicuntur
428 4416 546 4484 velocia,
572 4415 643 4471 nihil
668 4422 711 4471 est
725 4417 858 4471 velocius.
884 4417 917 4471 Et
931 4416 1002 4473 irem
1055 4412 1147 4483 placet
1162 4411 1202 4467 eis
1229 4413 1317 4468 neus:
1338 4413 1471 4485 quedam
1499 4428 1558 4469 non
1581 4413 1690 4469 nabent
1714 4413 1896 4480 intellectum,

149 4505 227 4577 quod
240 4505 322 4560 velox
337 4506 389 4573 est,
404 4501 442 4574 [nt
456 4520 547 4575 equus
561 4503 647 4559 alicui
661 4509 713 4570 est,
731 4521 790 4561 nou
817 4505 938 4576 ubique:
952 4523 1000 4560 ve·
1056 4502 1105 4558 scd
1121 4501 1189 4573 quia
1200 4502 1347 4574 ipsabona
1361 4507 1429 4558 suut
1448 4502 1480 4557 in
1491 4503 1591 4558 ordine
1603 4519 1665 4572 suo,
1681 4509 1712 4560 et
1724 4505 1764 4561 ad
1779 4504 1896 4578 pulchri·

149 4592 247 4648 tocitas
261 4609 328 4648 vero
352 4592 414 4665 ipsa
441 4592 546 4664 ubique
572 4596 625 4662 est,
653 4607 713 4647 nou
736 4597 779 4648 est
801 4592 942 4664 inlparte.
959 4594 1001 4649 Ad
1055 4589 1185 4646 tudinem
1211 4590 1406 4647 universitatis
1430 4591 1606 4659 referuntur,
1629 4607 1684 4664 per
1706 4609 1738 4648 se
1763 4611 1823 4653 uon
1847 4595 1897 4650 luo

148 4682 268 4737 verbum
290 4681 340 4736 lici
365 4680 563 4751 pertinetnon
578 4696 638 4735 esse
654 4681 683 4734 iu
698 4687 788 4753 parte,
808 4681 917 4753 utrique
939 4697 1001 4736 esse
1055 4680 1135 4746 dant,
1148 4678 1197 4735 sed
1212 4679 1248 4734 ab
1262 4679 1332 4750 ipsis
1345 4695 1398 4751 par
1417 4679 1596 4736 attendentes
1609 4695 1643 4735 aa
1662 4681 1803 4739 laudatur
1817 4685 1895 4740 Dens:

148 4770 349 4842 perseipsum.
363 4771 429 4824 llaec
454 4774 498 4824 est
519 4769 669 4842 sapientia,
697 4784 756 4838 qua
775 4772 888 4839 atttagr't
911 4786 929 4823 o
948 4773 1001 4840 fiae
1055 4773 1084 4822 et
1097 4768 1137 4822 ita
1149 4767 1361 4841 quodammodo
1376 4768 1503 4835 laudant,
1519 4768 1586 4841 quia
1598 4767 1633 4823 de
1656 4767 1715 4824 illis
1734 4767 1894 4844 nasciturin

147 4873 233 4929 usque
254 4858 293 4915 od
304 4857 385 4930 finem
399 4859 518 4926 sortiter,
544 4873 604 4912 non
617 4861 715 4912 tamen
732 4863 814 4912 motu
837 4858 930 4925 locali,
951 4858 1000 4912 sed
1054 4855 1136 4911 nobis
1146 4856 1208 4911 laus
1223 4856 1285 4923 Det,
1297 4856 1331 4910 ed
1344 4871 1432 4927 quam
1447 4872 1499 4911 nos
1513 4856 1559 4911 hic
1571 4860 1668 4912 mouet
1683 4859 1839 4930 propheta.

147 4947 361 5004 immobilitate.
380 4946 434 5002 Sed
460 4951 489 5000 et
515 4945 550 5002 de
576 4945 724 5018 sapientire
747 4945 851 5017 spiritu
883 4945 998 5012 dicitur,
1089 4945 1173 5000 Vnus.
1190 4949 1215 5000 5.
1241 4974 1277 4985 -
1293 4945 1364 5012 Ouio
1388 4947 1446 5015 ipsc
1471 4945 1594 5012 dictitet
1612 4947 1691 5012 sactu
1710 4953 1789 5004 suat.
1806 4943 1895 5020 (Cass)

147 5042 224 5092 octus
250 5036 367 5101 mobilis,
389 5039 487 5102 catus,
516 5033 753 5104 incoinquinatus,
780 5034 835 5089 hoc
862 5032 929 5088 facit
954 5049 1000 5087 re·
1055 5034 1224 5088 lloccontra
1251 5032 1316 5087 illos
1339 5032 1390 5104 qui
1414 5033 1513 5088 mount
1536 5033 1677 5089 mundum
1703 5034 1765 5090 neo
1789 5041 1894 5092 coetae

147 5125 256 5192 locitas,
272 5130 305 5181 ut
320 5124 588 5196 etnbiquesemper
603 5122 650 5192 sit,
665 5127 694 5178 et
708 5137 851 5195 nusquam
871 5120 1000 5176 inclausa
1054 5137 1139 5181 num:
1154 5121 1297 5193 sequitur:
1326 5124 1387 5191 lpse
1404 5122 1555 5177 mondavit.
1571 5122 1663 5178 Verbo
1679 5138 1743 5192 auo,
1761 5130 1794 5181 et
1814 5128 1896 5181 mata

148 5218 288 5270 teneatur.
313 5213 369 5269 Sed
392 5213 456 5286 quis
470 5213 524 5268 ista
548 5210 815 5282 sullicitcogitare‘l
843 5211 890 5266 Est
901 5215 998 5266 tamen
1053 5215 1130 5266 sunt.
1146 5210 1229 5266 Prius
1244 5209 1326 5280 dixit,
1353 5212 1441 5278 tecta,
1457 5215 1556 5282 postea
1571 5218 1672 5266 creatu
1695 5213 1803 5269 Facere
1828 5213 1895 5268 euin

147 5317 211 5373 spes
225 5301 259 5356 ad
283 5300 454 5373 capiendum
468 5301 599 5366 verbum,
616 5299 685 5373 quia
705 5297 918 5371 praedestinavit
933 5314 995 5354 nos.
1053 5303 1081 5354 et
1101 5315 1154 5354 nos
1168 5314 1329 5370 pessuma,
1359 5299 1409 5355 scd
1435 5316 1492 5355 non
1515 5315 1622 5356 creare.
1643 5301 1708 5372 lpse
1729 5318 1802 5376 ergo
1829 5304 1896 5360 aolus

183 5390 265 5445 Vnus.
281 5393 326 5445 lb.
361 5421 396 5433 —
415 5391 469 5462 Qui
490 5389 540 5445 dot
564 5390 664 5458 uicem,
691 5391 745 5443 etc.
777 5387 873 5457 (Aac.)
891 5388 995 5444 Terrae.
1052 5391 1140 5456 creat,
1171 5386 1249 5460 quod
1269 5392 1314 5444 est
1333 5388 1484 5461 proprium
1507 5388 1635 5445 uatum.
1663 5389 1740 5462 Laus
1768 5408 1805 5449 ex
1833 5406 1895 5465 ope

149 5475 328 5549 Frigeecente
358 5478 436 5535 enim
455 5477 611 5558 ..charitate
640 5480 706 5546 etc,
724 5491 810 5547 usque
831 5475 870 5532 ud
896 5479 926 5533 et
943 5475 998 5532 hos
1052 5474 1142 5533 ribus.
