3892 6104
116 253 183 308 nee
434 243 629 300 tvluartuot
648 241 772 297 srtttat
790 237 891 296 nutu.
913 237 993 294 uon.
1013 236 1092 295 ora.
1116 236 1203 293 rsus
1221 235 1243 292 1.
1262 264 1299 278 -
1317 235 1546 295 ruuntootct.
1799 243 1864 299 rm

114 372 218 445 qualis,
234 369 380 443 qrtomodo
394 373 424 424 et
435 365 605 439 cujusmodi,
631 363 679 420 sed
702 361 786 418 crede
801 360 997 434 generatio-ll
1018 366 1065 415 tur
1079 360 1190 415 animas
1205 365 1327 430 nostras,
1342 376 1467 433 quorum
1481 361 1619 419 mulieres
1641 363 1723 432 retia,
1737 370 1767 420 et
1786 382 1862 437 sago

114 478 180 516 nrm
194 461 266 532 ejus.
1015 464 1058 503 nae
1076 448 1214 503 haeretici.

439 525 554 583 CAPUT
575 525 630 578 Vll·
1048 538 1129 592 Vens.
1170 539 1214 593 98.
1241 566 1276 576 -
1301 537 1372 592 Ecce
1396 538 1453 593 tec.
1482 538 1591 610 inveni,
1619 544 1685 611 919,
1721 557 1808 613 usque
1829 543 1865 598 od

148 637 229 691 Vnus.
258 638 285 690 9.
313 619 348 674 -’
383 633 479 687 illelius
516 635 555 686 est
582 645 676 685 nomen
717 627 820 682 bonum.
850 626 957 698 (11199.)
1013 624 1469 681 19911199919999919919191199.

114 723 405 780 llemoriabonorum
424 735 554 790 operum,
582 734 646 791 qnae
661 717 780 772 delectet
794 715 956 770 auditorum
1050 715 1083 769 Ut
1119 716 1266 768 invenirem
1304 717 1444 770 rationem.
1485 715 1695 790 Quamcunque
1729 734 1791 773 rem
1820 720 1861 775 vel

112 813 207 878 corda,
223 811 295 865 sicut
321 824 404 864 nares
417 812 579 879 unguenta:
608 806 698 870 Unde,
722 804 852 860 lienteria
867 803 957 873 justo·
1012 799 1212 856 discretionem
1232 801 1308 856 inter
1331 802 1463 858 homiues
1491 810 1644 861 eteorum
1662 822 1777 862 mores:
1801 808 1862 879 quis

111 917 172 957 rum
186 899 318 966 intende,
333 914 437 954 nomem
445 899 590 967 impiorum
597 898 741 965 putrescet.
1011 889 1135 960 perfecte
1149 889 1243 945 bonus
1258 889 1312 944 uisi
1326 892 1403 946 solus
1417 892 1570 948 Christus?

148 987 336 1043 litdies.Hoc
359 991 412 1055 est,
429 985 528 1041 llelius
554 988 596 1039 est
609 982 721 1038 miserae
736 981 801 1037 vitae
828 985 957 1037 tormen·
1046 977 1131 1032 Vnus.
1169 977 1213 1032 99.
1250 1005 1287 1019 -
1310 979 1416 1034 Virum.
1447 980 1602 1046 Christum,
1632 981 1685 1054 qui
1709 988 1796 1055 capot
1822 987 1862 1039 est

109 1082 148 1144 te,
164 1082 192 1131 et
219 1075 427 1140 tribulationes,
451 1078 480 1128 et
507 1071 619 1127 labores
648 1069 796 1124 moriendo
826 1068 956 1136 eradere,
1012 1064 1143 1121 emnium
1166 1064 1319 1132 bonorum,
1342 1067 1420 1138 quod
1436 1067 1578 1141 liguratur
1601 1071 1860 1143 permittebarium

112 1180 199 1237 quem
219 1163 252 1219 ad
266 1161 411 1218 baecnasci
421 1159 614 1241 etlsustinere.
1011 1154 1061 1226 qui
1070 1154 1213 1226 perfectus
1225 1170 1373 1210 numerus.

144 1253 272 1308 Vuas.l.
290 1252 488 1308 -lletiorest
513 1252 569 1316 iro,
596 1250 955 1319 contrapeccatomsnum
1046 1242 1126 1299 Vens.
1158 1244 1202 1298 ³0.
1227 1273 1262 1282 —
1290 1244 1461 1301 solummodo
1487 1247 1545 1302 boe.
1576 1247 1682 1317 (Hmn.)
1707 1249 1748 1304 Ne
1781 1248 1861 1305 videa

106 1342 152 1396 rel
167 1341 306 1409 alienum,
327 1339 395 1412 qnia
409 1338 538 1410 corrigis,
555 1352 615 1392 non
638 1335 707 1408 quia
721 1335 861 1391 ultionem
875 1332 956 1406 cupis
1008 1332 1058 1384 tur
1083 1345 1266 1384 communem
1281 1330 1412 1387 omnium
1441 1332 1593 1389 hominum
1617 1339 1752 1390 naturam
1777 1336 1858 1392 dam·

109 1431 309 1497 (Pronxxvn).
1009 1432 1088 1485 nare,
1115 1420 1143 1472 et
1166 1417 1256 1473 Deum
1284 1417 1347 1489 ejus
1371 1425 1518 1475 auctorem
1544 1437 1687 1491 accusare,
1702 1423 1859 1495 'vigilanter

142 1519 225 1572 Vens.
254 1519 280 1571 6.
310 1545 344 1555 -
367 1517 463 1570 Metius
486 1517 525 1568 est
553 1515 729 1581 osapiertte.
756 1509 871 1565 Meliora
888 1513 955 1565 suut
1009 1504 1122 1576 adjecit,
1138 1505 1319 1577 solummodo,
1333 1510 1385 1563 etc.
1400 1508 1486 1574 erasi
1510 1509 1601 1565 dicat:
1626 1511 1717 1566 llomo
1742 1512 1856 1582 quidem

107 1605 191 1661 amici
215 1605 345 1671 vulnera,
372 1619 459 1675 quam
486 1601 667 1656 fraudulenta
699 1598 810 1654 inimici
847 1599 951 1653 osenla.
1009 1593 1101 1647 bonnis
1125 1592 1216 1648 iactus
1244 1597 1295 1662 est,
1338 1595 1386 1650 sed
1415 1597 1505 1652 libero
1541 1597 1659 1655 arbitrio
1695 1599 1857 1666 derelictus,

111 1694 198 1748 Verbo
221 1692 361 1747 adulantis
384 1692 473 1757 magis
491 1691 629 1743 insensato
654 1687 692 1741 ud
715 1688 821 1757 spinos,
850 1685 952 1753 idest,
1008 1685 1111 1750 sponte
1131 1682 1207 1737 cadit
1229 1687 1258 1738 ct
1283 1682 1427 1741 immiscet
1444 1702 1474 1741 sc
1504 1688 1581 1742 vanis
1607 1687 1683 1743 curis
1711 1692 1740 1743 et
1764 1704 1858 1760 super·

107 1781 204 1837 saeculi
218 1796 300 1835 curas
315 1777 469 1844 monentia,
483 1793 549 1848 qnae
563 1776 671 1831 ducunt
690 1776 725 1830 ad
751 1774 891 1847 gehennae
904 1773 953 1828 in·
1008 1768 1084 1824 lluis.

107 1869 223 1926 cendia:
245 1868 358 1939 sapiens
385 1867 527 1938 perlectus
554 1864 634 1919 nulla
658 1866 810 1935 argutione
832 1862 952 1934 indiget,
1044 1859 1112 1925 Quis
1127 1861 1236 1916 tottrm
1262 1863 1381 1933 sopiens,
1409 1867 1462 1920 etc.
1492 1863 1557 1936 (lo.)
1574 1863 1649 1920 Dixit
1664 1864 1800 1936 superins
1815 1865 1857 1920 rix

107 1958 186 2012 nulla
201 1954 346 2011 calumnia
358 1953 502 2008 turbatur.
519 1954 592 2023 Ergo
622 1951 657 2006 de
672 1951 800 2023 sapienta
824 1951 855 2006 iu
882 1967 952 2022 pro·
1008 1948 1115 2005 bonum
1131 1949 1277 2006 hominem
1301 1950 1436 2019 1999999191,
1451 1967 1556 2008 cuma
1583 1953 1857 2008 Deohomincssint

106 2046 182 2100 lectu
197 2043 291 2116 posito
307 2045 349 2098 est
360 2040 557 2112 accipiendum
578 2039 628 2112 qui
651 2040 805 2111 aliqnando
820 2039 954 2096 turbatur
1006 2036 1076 2092 boni
1092 2038 1167 2095 iacti.
1184 2039 1265 2093 Nunc
1280 2056 1344 2112 quae
1358 2040 1433 2096 bona
1444 2040 1486 2097 eis
1499 2041 1613 2098 dederit
1626 2047 1768 2115 tanquam
1792 2057 1857 2114 gra-

106 2125 141 2189 de
158 2131 309 2204 iniquitate
321 2129 434 2202 judicii,
449 2145 514 2184 cum
530 2129 605 2184 Deus
620 2127 714 2182 statim
728 2144 787 2183 non
797 2127 892 2199 punit.
1007 2127 1183 2183 tulabuudus
1200 2132 1361 2200 enumerat,
1376 2129 1558 2201 sapientiam,
1574 2131 1729 2197 rationem,
1756 2145 1858 2187 9999999

142 2221 222 2276 Vens.
248 2223 275 2275 9.
290 2219 433 2274 -ldetior
457 2219 497 2272 e'st
522 2219 594 2287 finis.
620 2215 768 2271 Perfectio.
799 2217 854 2283 Qui
865 2232 954 2287 perse·
1007 2231 1186 2288 cognoscere.

104 2310 240 2365 amoverit
252 2309 344 2363 sulvus
371 2308 432 2361 erit.
448 2305 598 2361 Meliorem
611 2309 808 2361 consummata
830 2304 953 2378 justitia,
1325 2323 1437 2381 CApUT
1465 2326 1535 2381 vm·

105 2413 192 2470 qnam
214 2396 402 2463 inchoata,et
428 2393 565 2450 orationis
593 2392 699 2466 epilogi
714 2409 800 2466 quam
816 2394 951 2465 exordia;
1042 2430 1124 2484 vm·
1154 2432 1181 2485 2·
1204 2432 1311 2499 -390
1342 2446 1371 2486 ο,
1398 2434 1470 2499 rems
1493 2433 1612 2488 observo·
1638 2434 1744 2502 (Hm.)
1773 2434 1853 2489 Vide·

104 2481 508 2583 h5⁰⁶0f¹³ffl⁰¹¹2ibiuviemffl·
556 2570 562 2583 ,
707 2570 713 2583 ,
898 2571 928 2584 ,,
1006 2521 1054 2573 tur
1069 2517 1185 2588 quidem
1205 2517 1361 2590 praecipere
1387 2518 1468 2590 juxta
1493 2519 1674 2591 Apostolum,
1691 2526 1757 2589 etc,
1772 2536 1854 2592 usgue

140 2573 394 2641 lermoennum
419 2574 564 2643 arroganti
589 2574 750 2626 contrarius
774 2576 826 2641 cst,
857 2588 906 2645 qut
921 2588 952 2628 tn
1006 2605 1142 2677 &hujus
1155 2605 1295 2661 ,olunmi
1310 2607 1479 2676 parendum.

104 2662 257 2733 Evangelio
270 2677 379 2733 pauper
390 2659 494 2761 spiritu
509 2659 740 2758 legitur(Muttls.
756 2660 795 2728 v).
892 2747 898 2759 Ι
1041 2695 1122 2749 ,Μ
1147 2695 1175 2749 4.
1198 2724 1233 2735 -
1264 2698 1317 2753 Nec
1339 2695 1431 2752 diem
1452 2698 1477 2751 a·
1498 2698 1644 2767 mquam
1668 2702 1770 2767 pomp,
1799 2703 1848 2753 0„

138 2751 219 2805 Vens.
252 2748 546 2818 11.-0991991991
565 2747 674 2802 Aliter:
697 2747 742 2802 Sic
767 2746 853 2803 debes
872 2764 950 2804 rire·
1017 2784 1056 2838 ID·

519 2835 524 2846 .
585 2834 590 2846 .
654 2834 691 2846 ..
769 2835 774 2846 .
1005 2786 1016 2852 (
1060 2786 1241 2855 >trecepti
1267 2784 1474 2840 Deinousunt
1499 2785 1678 2841 discutienda
1700 2787 1852 2859 quarellis

101 2855 143 2906 re,
159 2843 189 2893 ut
204 2853 318 2909 semper
331 2840 486 2908 presentes
498 2835 558 2890 dies
569 2839 627 2890 sint
640 2835 693 2890 ttbt
710 2835 852 2902 meliores,
865 2852 951 2908 quam
1005 2872 1182 2943 mmmm,
1198 2873 1245 2928 sed
1259 2873 1399 2929 facienda.

1185 2992 1220 3003 -
1235 2965 1295 3020 Non
1307 2964 1347 3014 est
1361 2963 1391 3015 in
1410 2961 1527 3016 beminis
1542 2962 1655 3017 ditione.
1672 2962 1740 3035 (ln.)
1754 2963 1849 3030 Quasi,

1002 3064 1061 3103 non
1077 3048 1163 3103 debes
1173 3049 1291 3105 moleste
1301 3049 1372 3120 pati,
1383 3049 1405 3103 si
1421 3049 1519 3105 futura
1532 3066 1593 3105 non
1608 3051 1680 3105 scire
1695 3057 1788 3122 potes,
1802 3051 1852 3106 sie

1002 3138 1213 3208 potentioribus
1247 3137 1330 3209 impii
1359 3153 1434 3208 saepe
1475 3138 1659 3210 opprimeris,
1692 3139 1763 3211 quia
1797 3140 1850 3194 cito

1002 3226 1259 3295 omniafiniuntor,
1270 3231 1299 3282 et
1309 3242 1386 3281 mors
1400 3225 1497 3281 omnia
1511 3226 1660 3297 equaliter
1675 3227 1762 3298 rapit.

1037 3316 1120 3370 Vens.
1148 3318 1189 3371 l0.
1219 3346 1254 3357 -
1282 3317 1348 3370 Vidi
1377 3317 1475 3385 impios
1503 3315 1631 3384 sepultos,
1660 3319 1715 3370 etc.
1745 3316 1804 3370 ltee
1821 3315 1849 3369 in

1000 3409 1094 3458 morte
1117 3405 1246 3474 poenitet,
1264 3419 1388 3475 quorum
1417 3407 1526 3474 quanto
1546 3403 1688 3458 accusatio
1716 3403 1809 3458 rarior
1823 3409 1849 3458 et

1000 3491 1153 3558 difficilior,
1174 3495 1255 3548 tanto
1281 3491 1418 3564 peccandi
1447 3491 1562 3546 libertas
1586 3491 1700 3547 ridetur
1726 3493 1770 3547 eis
1789 3507 1847 3546 asse

999 3595 1102 3649 major.

102 2926 251 3000 praeteriti.
266 2925 385 2996 Semper
394 2930 437 2980 est
451 2924 651 2995 enimtempus
668 2923 816 2995 operandi,
833 2938 869 2979 ne
884 2939 949 3023 cum
965 2921 986 2977 C
1038 2961 1121 3016 vm·
1135 2963 1160 3017 3·

101 3015 221 3087 coeperis
248 3013 418 3080 decrescere,
446 3012 579 3066 dicatur:
609 3011 765 3068 Gurmbotis
786 3011 858 3077 bene,
888 3026 949 3082 puts

99 3119 147 3160 nes
161 3100 372 3174 impedivitnon
385 3099 492 3157 obedire
504 3100 616 3154 ueritati
624 3104 636 3153 1
648 3098 720 3170 (Get.
736 3101 775 3166 v.)

135 3191 332 3248 1199911-
356 3187 509 3246 Considera
531 3203 613 3258 opero
629 3187 688 3242 Dei.
715 3186 806 3251 Qtram
831 3202 947 3258 magne,

100 3296 187 3353 (99999
207 3277 368 3344 mirabilia;
384 3277 473 3330 alium
484 3276 608 3346 gratuita
623 3274 729 3346 pietate
745 3275 840 3346 elegit,
858 3275 947 3330 alium

93 3367 173 3439 justo
188 3365 295 3437 jndicio
311 3364 440 3434 despicit,
463 3363 552 3429 unde,
576 3361 656 3417 Jacob
673 3361 769 3431 ditebi,
796 3365 871 3418 Esou
885 3362 947 3418 odio

98 3457 183 3512 dabui
207 3453 395 3523 (1119111111,
424 3453 560 3506 Universa
574 3453 625 3506 uia
648 3450 763 3507 Domini
791 3453 946 3507 misericor·

97 3543 146 3598 die
161 3547 186 3597 et
201 3543 312 3596 ueritus.

134 3632 217 3729 Vsus.
247 3632 292 3685 ¹5·
328 3627 487 3726 “ruffam
511 3626 581 3727 ‘He-m
611 3627 711 3728 (ΗΜ)
740 3626 854 3727 {udiffl’
879 3643 945 3699 qum
1036 3669 1115 3722 Vens.
1133 3670 1312 3725 11.-8991
1326 3668 1399 3737 justi
1412 3666 1510 3738 quibus
1524 3667 1597 3721 malo
1607 3668 1783 3735 proveniunt,
1798 3673 1846 3723 etc.

98 3718 294 3774 111919119οῑΰῖ
306 3716 398 3781 m³¹¹⁸r
415 3714 501 3779 unde,
520 3715 584 3769 ΒΨ*
609 3715 658 3769 'aa
673 3713 800 3782 ‘mm’
817 3719 869 3769 ⁰¹⁰·
883 3715 942 3781 Μ’
1000 3754 1034 3808 llt
1058 3754 1125 3810 llliis
1149 3762 1245 3810 Aaron
1265 3755 1491 3810 sacrificantibus
1505 3755 1661 3809 seeundum
1685 3755 1845 3817 Hebraeum,

96 3807 225 3909 1109991
251 3806 336 3904 mihi
364 3803 392 3858 id
420 3807 463 3902 {m
486 3819 624 3902 P'f’ss'ffi
653 3806 680 3857 οἵ
705 3803 834 3902 ΒΨῬ1
855 3809 944 3903 Pmm
997 3846 1026 3896 91
1040 3842 1181 3896 Monaeses
1205 3846 1269 3912 post
1284 3847 1364 3897 tanta
1379 3840 1659 3913 malaacaptlritnte
1684 3842 1846 3915 inregnurn

52 3940 55 3944 A
93 3901 170 3968 Juste
189 3899 345 3959 evenerant,
362 3896 471 3947 sustine
496 3891 625 3946 vsrtltter.
646 3890 748 3946 Omuta
764 3907 840 3946 surm
852 3896 941 3963 Juste,
996 3929 1157 3985 reductusf

96 3984 226 4057 quamvis
240 3983 359 4049 occulte,
370 3986 399 4036 et
411 3981 464 4036 hoc
478 3984 521 4034 est
533 3995 586 4034 non
599 3981 729 4046 inveniet,
746 3981 798 4034 etc.
1155 3931 1267 4049 ⁰¹¹th
1279 3934 1356 3985 ”m

130 4072 213 4128 vans.
243 4073 285 4126 t8.
302 4100 336 4110 -
360 4071 394 4124 Et
408 4069 465 4123 noli
488 4082 553 4123 esse.
582 4069 666 4137 impii
687 4082 741 4122 non
756 4067 941 4123 dimidiabunt
1181 4107 1184 4111 -
1314 4053 1427 4109 CAPUT
1446 4052 1489 4109 ῙΧ·

95 4159 152 4215 dies
167 4173 240 4227 suos,
264 4156 357 4229 quasi,
374 4155 438 4210 Noli
470 4154 653 4226 impoeuitens
667 4170 822 4225 provocare
837 4156 938 4224 baum,
1031 4160 1114 4216 Vens.
1144 4165 1167 4215 t.
1197 4191 1231 4202 -
1270 4161 1341 4216 Sunt
1369 4160 1450 4230 justi,
1479 4163 1530 4214 etc.
1561 4160 1656 4215 Melior
1686 4165 1733 4216 991
1761 4164 1845 4218 canu.

95 4252 126 4302 ut
141 4247 228 4302 etiam
249 4244 356 4301 viventi
377 4242 481 4299 inierat
504 4242 687 4314 supplicium,
715 4241 788 4298 sicut
802 4240 869 4298 iecit
883 4244 939 4299 Da·
997 4248 1102 4317 (11999.)
1117 4247 1200 4303 Canis
1218 4247 1309 4314 virus,
1325 4263 1435 4319 pauper
1447 4246 1551 4317 Justus,
1573 4247 1617 4299 leo
1639 4254 1785 4312 mortuus,
1802 4265 1847 4320 po

94 4335 165 4390 tbaa
179 4339 207 4389 et
220 4334 339 4389 Abiron.
994 4338 1059 4387 teus
1068 4332 1196 4404 iniquus,
1205 4332 1255 4405 qul
1267 4332 1340 4387 nihil
1351 4347 1448 4386 seeum
1462 4331 1554 4386 aufert
1568 4332 1603 4385 do
1619 4332 1738 4388 mundo.

129 4424 215 4478 vans.
237 4423 278 4477 19.
295 4419 559 4487 —NiiriIneptipit
585 4416 939 4488 Omnibussinerespectu
1029 4421 1111 4475 Vens.
1140 4425 1165 4475 5.
1194 4449 1230 4462 —
1256 4423 1358 4476 Mortui
1380 4436 1453 4475 uero.
1481 4420 1541 4488 (lo.)
1568 4419 1691 4484 Quidam
1717 4427 1846 4476 asserunt

93 4526 285 4583 personarum
299 4508 449 4565 benefacit.
463 4508 519 4577 Vel,
535 4507 566 4562 ia
586 4505 730 4579 prosperis
742 4509 771 4561 et
786 4506 816 4561 in
839 4506 940 4562 adrer-
994 4509 1080 4564 etlam
1095 4515 1160 4580 post
1182 4514 1305 4564 mortem
1320 4524 1456 4576 erescere,
1473 4513 1539 4578 etc,
1558 4523 1643 4578 usque
1669 4509 1709 4564 od
1734 4517 1844 4565 creatu·

94 4599 133 4654 sis
145 4598 285 4670 providet.
994 4612 1040 4651 ras
1054 4596 1209 4653 rationales
1221 4595 1391 4670 promereri.

130 4689 213 4744 Vens.
240 4688 286 4743 99.
314 4717 349 4727 -
375 4688 467 4741 Decem
487 4685 639 4755 principes.
669 4681 775 4755 (11999.)
803 4683 938 4754 Angelos,
1029 4685 1112 4739 Vens.
1141 4689 1183 4741 l0.
1211 4715 1244 4728 -
1270 4688 1368 4742 Erunt.
1398 4684 1428 4739 ld
1454 4686 1506 4752 est,
1533 4682 1671 4740 valebunt
1698 4686 1754 4742 tibi
1783 4690 1846 4760 post

93 4776 144 4850 qui
168 4775 275 4831 civitati
289 4778 405 4841 nostre,
419 4773 448 4828 id
472 4777 515 4827 est
535 4770 675 4839 Ecclesia,
693 4774 830 4842 tanquam
844 4777 937 4826 custo·
994 4777 1131 4830 mortem.

92 4863 152 4927 des,
163 4863 193 4919 id
204 4866 247 4918 cst
262 4861 457 4928 auxiliatores,
473 4862 609 4930 praesunt.
628 4859 660 4912 Et
680 4856 778 4912 decem
793 4858 938 4927 dicuntur,
1029 4862 1113 4916 Vens.
1138 4864 1179 4916 ll.
1197 4891 1232 4903 -
1260 4861 1374 4917 bellum.
1394 4860 1539 4916 Victorum
1560 4861 1607 4916 rel
1637 4861 1727 4918 etiam
1755 4863 1846 4920 imita-

93 4952 162 5024 quia
176 4950 457 5007 denariusnumerus
472 4947 677 5018 estperiectus.
993 4953 1069 5004 tores
1092 4950 1170 5017 belli,
1184 4949 1342 5005 secuudum
1371 4950 1460 5006 illud:
1487 4951 1552 5008 Sine
1575 4966 1616 5006 me
1639 4952 1713 5011 nihil
1733 4955 1845 5024 potestis

126 5042 212 5095 Vens.
232 5042 277 5094 99.
294 5068 327 5078 -
351 5037 404 5093 Sed
418 5041 443 5091 et
464 5037 576 5090 cunetis.
599 5034 685 5089 [locet
705 5033 865 5105 sapientem
880 5050 939 5089 ma·
992 5041 1091 5106 fucere.

92 5128 249 5184 ledicorum
267 5126 382 5197 linguas
400 5139 459 5178 non
475 5123 630 5189 attendere,
646 5138 683 5176 ne
696 5136 761 5176 cum
776 5121 837 5193 ipse
860 5120 939 5177 idem
1031 5128 1156 5183 Diuitias.
1173 5127 1318 5182 Bonorum
1329 5143 1459 5197 operum.

90 5216 187 5281 faciat,
204 5215 340 5271 sibivelit
363 5211 472 5285 ignosci
489 5210 602 5266 etalios
620 5209 800 5282 reprehendi.
817 5210 936 5266 sienim
1030 5215 1110 5270 Vens.
1140 5218 1182 5272 19.
1219 5246 1254 5256 -
1289 5217 1368 5271 Sicut
1393 5218 1481 5285 pisces
1522 5217 1675 5285 capientur,
1717 5217 1845 5285 llaeretici

91 5304 146 5358 boc
160 5303 269 5370 lecerit,
285 5317 399 5373 semper
413 5299 540 5355 curiosus
564 5303 592 5353 et
611 5299 700 5354 iratus
723 5298 787 5366 erit,
802 5298 870 5370 quia
885 5315 938 5355 nec
992 5317 1109 5374 quoque
1134 5303 1241 5359 hahent
1267 5319 1403 5375 sagenam
1429 5319 1511 5358 suam
1537 5304 1665 5372 missam,
1683 5312 1715 5360 et
1728 5307 1845 5380 laqtieos

92 5391 362 5462 servorumliuguss
380 5404 562 5460 compescere
578 5387 692 5443 valebit.
993 5390 1099 5463 quihus
1113 5392 1228 5462 capiant
1237 5390 1391 5463 simplices.
1475 5423 1485 5439 κ

127 5479 213 5536 Vens.
233 5481 282 5535 91.
311 5506 346 5520 -
372 5479 545 5543 Venetorum,
569 5475 743 5544 daemonum,
764 5475 935 5548 quirenan·
1031 5478 1176 5534 1199915.
1200 5508 1235 5520 -
1266 5480 1318 5536 Vir
1337 5494 1453 5551 pauper.
1470 5477 1659 5548 christusne
1679 5499 1740 5553 qno
1774 5483 1845 5539 9991
