3892 6106
104 269 157 324 ets
413 266 614 323 watelulul
633 265 756 343 srahel
775 265 874 322 uhtu.
898 265 979 322 hort.
999 265 1075 324 OPP.
1095 267 1187 325 Plus
1206 269 1228 325 1.
1248 298 1283 310 -
1301 268 1529 328 rileoioelca.
1808 274 1856 332 etl

431 394 545 450 CAPUT
564 395 632 449 lllll.
969 393 995 447 A
1013 408 1071 464 quo
1086 398 1241 448 mouentur
1255 398 1284 448 et
1305 410 1364 448 suas
1393 393 1579 466 negligentias
1603 399 1633 451 et
1652 395 1734 452 illius
1754 395 1857 455 fideict

139 485 234 556 (llas,
254 483 285 538 in
299 483 337 538 lib
351 483 434 551 Rep,
449 486 519 536 tom.
535 480 595 551 lll.)
620 479 689 535 ldira
703 478 780 550 regis
807 478 955 535 humilitas
1007 481 1138 553 justitia,
1162 482 1231 554 qnia
1257 482 1289 537 in
1316 487 1429 538 tantum
1452 484 1548 556 diligit
1563 485 1640 540 liena
1657 484 1857 557 justitiamt

105 588 134 640 et
147 579 311 655 prudentia,
328 585 398 646 etc,
414 594 499 650 usque
513 578 551 633 od
561 581 590 634 et
602 576 752 632 inimicum
772 577 803 632 iu
812 593 864 633 sua
878 582 955 634 terra
1008 576 1136 642 posteros
1152 572 1296 642 majorum
1310 572 1415 628 villule
1430 579 1555 629 tueatur·

105 687 167 728 ,ωε
182 670 366 724 moriturum,
1046 660 1128 714 Vaas.
1157 662 1201 714 ³5.
1230 690 1265 700 -
1287 662 1400 716 Faciem
1434 667 1474 716 est
1504 664 1590 731 igitur
1618 663 1720 729 (llas.)
1748 663 1801 719 Tot
1824 663 1856 720 ab

139 759 220 812 γης,
262 759 288 810 9,
328 787 364 797 ..
395 756 514 826 eumque
539 754 673 810 audisset,
717 754 783 824 (ln.)
831 753 949 810 volente
1008 763 1066 802 uno
1082 748 1184 820 angelo
1211 755 1370 818 unauoctc
1387 742 1545 818 caiduntur,
1564 755 1593 806 et
1606 750 1716 823 absque
1728 750 1855 807 vulneri

105 846 163 900 ileo
190 845 329 900 Rabsaees
356 844 481 899 desernit
512 843 693 899 obsidionem
729 843 896 907 ierusalem,
925 849 955 900 et
1008 837 1061 892 bus
1083 854 1161 892 mors
1186 854 1259 892 θωνα
1274 837 1417 894 discurrit·
1434 839 1597 911 Superque
1618 838 1648 894 in
1664 839 1854 913 Paralipome·

105 931 215 987 invenit
232 933 386 987 Dominum
401 948 487 986 snum
501 931 544 986 vel
561 937 644 1003 capta
664 931 708 986 vel
729 931 841 986 deserta
855 931 955 986 bachis
1008 925 1052 980 nis
1074 926 1199 997 legitur:
1219 929 1256 982 Et
1269 928 1345 982 misit
1368 929 1497 983 Dominus
1521 929 1708 999 aneeiumqm'
1724 933 1853 1001 peremat

104 1025 323 1092 oppugnantem
350 1020 484 1075 lobnam.
511 1019 704 1075 Sennacherib
726 1035 877 1075 occurrens
891 1019 954 1092 regi
1007 1031 1110 1070 omnem
1132 1017 1222 1070 virum
1249 1015 1389 1071 robustum
1414 1022 1440 1072 et
1463 1017 1628 1085 bellatorem,
1651 1019 1853 1089 principemque

103 1108 281 1180 AEthiopnm,
303 1107 383 1163 misit
410 1108 446 1162 ad
478 1108 628 1164 Ezechiam
657 1109 792 1180 epistolas
821 1114 854 1163 ut
881 1124 954 1181 quos
1007 1106 1139 1160 coercitus
1167 1105 1353 1176 Assyriorum.
1393 1106 1592 1178 Reversusque
1620 1112 1663 1161 est
1685 1123 1754 1162 eum
1776 1107 1854 1180 igno·

103 1196 212 1252 viribus
226 1213 285 1252 non
297 1196 383 1268 cepit,
399 1201 672 1252 sermoneierreret.
689 1198 834 1268 Pugnasse
849 1198 955 1253 Senna-
1007 1192 1099 1247 minis
1124 1191 1155 1247 in
1182 1197 1288 1247 terram
1313 1209 1404 1250 suam.
1421 1194 1477 1260 Oui
1492 1200 1620 1251 servatus
1634 1199 1689 1262 est,
1720 1200 1756 1250 ut
1776 1195 1854 1252 tieret

102 1285 201 1341 charib
230 1291 331 1341 contra
357 1286 505 1357 AEgyptios
534 1292 563 1340 et
601 1285 747 1342 obsedisse
780 1285 952 1354 Pelusium,
1008 1280 1089 1336 testis
1119 1280 1274 1352 majestatis
1299 1281 1377 1337 illins
1404 1298 1492 1355 quem
1515 1283 1602 1355 paulo
1628 1288 1696 1339 suls
1728 1289 1853 1340 contem-

99 1375 219 1446 jamque
248 1374 397 1430 exstructis
424 1374 579 1446 aggeribus
593 1373 679 1446 {urhe
693 1374 953 1447 capiendavenisse
1007 1374 1115 1440 pietat·

102 1464 260 1519 Taraoham
288 1479 387 1535 regem
412 1463 579 1535 AEthiopnm
620 1463 652 1518 in
680 1462 818 1519 auxilium
857 1469 954 1521 narrat
1044 1459 1124 1514 Vsus.
1150 1461 1198 1516 37.
1225 1488 1261 1501 -
1276 1460 1395 1530 Curaque
1417 1459 1548 1516 &moret
1574 1462 1605 1516 iu
1624 1461 1734 1532 tempto.
1766 1461 1853 1534 (Rae.)

104 1552 273 1608 Herodotus.
1007 1547 1092 1613 Quasi
1103 1545 1251 1602 victoriam
1275 1547 1310 1603 da
1324 1547 1453 1604 hostibus
1474 1553 1645 1620 reportaret,
1674 1554 1854 1622 contemptor

139 1640 230 1712 (lisa.)
252 1640 335 1696 Prius
349 1640 483 1695 Ezechiae
508 1638 621 1694 Domini
650 1643 760 1694 terrore
784 1640 954 1712 perterritus
1007 1634 1069 1690 veri
1086 1635 1178 1690 lleiin
1204 1635 1271 1690 lano
1286 1636 1666 1694 talsirrumioistrucidatur
1682 1654 1757 1694 :noc
1771 1655 1854 1712 ange·

102 1729 223 1784 adorare
241 1729 272 1783 in
299 1730 408 1800 templo
424 1745 483 1784 non
499 1729 621 1784 audebat
634 1729 679 1783 vel
708 1728 812 1784 liberas
827 1729 867 1783 ibi
883 1728 950 1783 inn-
1008 1724 1064 1780 lico
1079 1723 1154 1796 perit
1168 1724 1263 1796 gladio
1279 1726 1432 1798 quoderat
1448 1743 1611 1794 commune,
1624 1726 1676 1782 sed
1702 1727 1852 1800 parricidio

103 1818 170 1874 dere
186 1834 295 1889 preces,
319 1834 397 1873 nuuc
423 1817 534 1872 dicente
552 1817 643 1872 isaia:
677 1819 716 1875 Ne
731 1820 827 1873 timeus
841 1834 859 1871 n
878 1819 951 1886 socie
1004 1813 1140 1868 liliorum.

100 1906 242 1960 cuborum
256 1922 316 1976 quae
330 1906 436 1960 audiui
451 1906 520 1976 (lau.
549 1906 615 1976 aar),
638 1906 774 1961 audacter
794 1907 950 1962 Dominum
1039 1901 1103 1974 (lo.)
1133 1902 1241 1956 Pharao
1269 1917 1383 1974 quoque
1404 1903 1435 1958 in
1462 1903 1561 1960 decem
1586 1904 1700 1977 AEgypti
1724 1910 1851 1962 servatur

102 1995 280 2066 deprecetur.
1003 1990 1107 2061 plagis,
1121 1996 1153 2044 ut
1164 1989 1336 2045 novissimus
1351 1997 1460 2063 pereat.

138 2084 223 2137 Vnae.
240 2085 284 2136 il.
310 2113 344 2122 -
362 2084 446 2150 Virgo
460 2082 535 2154 filio.
559 2081 651 2153 (Rau.)
666 2081 739 2148 Quia
754 2083 862 2138 eunctis
877 2099 950 2154 gen·
1038 2081 1071 2134 la
1097 2083 1197 2133 terrem
1218 2080 1420 2136 ,lamentorum
1437 2081 1556 2136 ararath
1570 2081 1649 2154 regio
1672 2080 1704 2137 in
1719 2081 1850 2138 Armenia

101 2171 178 2226 tibus
203 2171 279 2225 idola
295 2166 491 2238 adorantibus,
517 2171 577 2226 haec
591 2171 653 2226 sola
667 2175 817 2227 conservat
832 2172 950 2228 castita·
994 2167 1165 2256 ‘campestri
1182 2183 1235 2239 per
1258 2185 1344 2240 quam
1359 2172 1468 2225 Araxes
1483 2170 1550 2226 fluit
1575 2170 1755 2226 incredibilis
1771 2171 1849 2227 uber·

101 2265 160 2313 tem
181 2259 329 2329 religionis
344 2259 430 2314 unius
446 2258 507 2326 nei,
523 2263 551 2313 et
566 2275 629 2330 quae
640 2275 676 2314 ne
688 2260 722 2314 ad
737 2260 877 2332 majorem
892 2260 951 2315 hle.
1003 2256 1069 2311 tetis
1098 2256 1133 2312 ad
1166 2256 1275 2312 radices
1297 2257 1382 2312 Tauri
1409 2258 1523 2315 rnoutis.
1549 2259 1622 2330 Ergo
1647 2264 1676 2315 et
1701 2276 1769 2316 arca
1795 2260 1849 2315 Nos

102 2346 263 2418 sphemiarn
279 2345 441 2416 concitaret,
458 2347 592 2418 praesenti
606 2363 665 2402 nou
691 2349 864 2420 respoudit:
886 2353 951 2420 post
1003 2361 1064 2399 uon
1077 2344 1113 2400 ad
1133 2351 1245 2400 montes
1263 2346 1436 2418 generaliter
1458 2348 1601 2402 Armeniae
1626 2348 1722 2404 delata
1735 2354 1788 2416 est,
1804 2348 1848 2404 sed

100 2435 255 2491 abeuntem
267 2436 355 2490 ruovit
369 2440 455 2507 caput
469 2434 505 2490 ad
515 2436 677 2507 rogandum
688 2438 790 2504 ileum,
814 2438 857 2492 vel
873 2442 950 2493 certe
1003 2432 1037 2487 ad
1065 2439 1178 2490 montes
1201 2435 1285 2489 Tauri
1314 2434 1466 2491 elfissimos
1490 2435 1540 2508 qui
1570 2438 1692 2493 ararath
1721 2436 1850 2492 imminet

102 2524 138 2578 ed
157 2523 345 2579 deridendam
362 2524 559 2595 arrogantiam
586 2527 648 2596 ejus
672 2531 750 2580 certa
768 2527 804 2582 de
828 2525 946 2582 ultione.
1003 2523 1123 2594 eampis.

102 2614 159 2667 Nec
173 2613 233 2684 ipse
248 2629 302 2684 per
325 2629 356 2668 se
373 2612 422 2667 sed
438 2629 491 2683 per
503 2629 600 2667 servos
621 2629 697 2681 suos,
723 2618 754 2669 ut
768 2614 861 2686 maJor
875 2620 950 2669 esset
1338 2648 1451 2704 CAPUT
1466 2650 1509 2705 XX

100 2701 274 2772 arrogantia,
295 2702 449 2756 bominum
462 2701 681 2772 blasphemavit.
1512 2692 1518 2705 ’

135 2791 276 2845 Variatd.
304 2790 486 2844 -Eacelen
512 2789 575 2860 (lu.)
603 2789 732 2845 Altitudo
760 2791 904 2846 montium
920 2797 949 2846 ct
1039 2792 1122 2846 Vnae.
1145 2793 1170 2846 l.
1195 2818 1230 2832 -
1255 2791 1288 2845 la
1314 2789 1409 2845 diebus
1434 2792 1501 2847 illis.
1527 2791 1604 2860 [Rae.
1631 2794 1663 2847 iu
1687 2791 1737 2847 lib.
1763 2793 1842 2862 Reg,

96 2880 168 2951 juga
184 2878 283 2933 libani
302 2880 421 2933 excelsa
447 2877 525 2933 cedri
550 2882 578 2933 et
603 2879 720 2934 abietes.
751 2881 800 2934 Vel
820 2896 872 2952 per
886 2896 948 2936 me·
1002 2882 1073 2932 tom,
1090 2877 1150 2949 lll.)
1175 2878 1216 2933 Ne
1230 2878 1389 2934 elevaretur
1405 2895 1455 2934 cor
1471 2879 1595 2935 Ezechioe
1615 2879 1846 2952 postincredibi·

99 2969 248 3040 taphoram
265 2968 300 3022 da
329 2969 438 3023 cunctis
463 2968 598 3040 gentibus
627 2968 825 3039 accipiendum
853 2976 897 3025 est
920 2968 984 3026 etc
1002 2966 1043 3021 les
1057 2966 1230 3038 triumphos,
1254 2966 1423 3023 infirmitate
1436 2968 1564 3039 corporis
1578 2967 1711 3024 visitetur
1725 2973 1754 3024 et
1770 2969 1847 3025 audit

98 3057 277 3128 principibus
293 3072 402 3111 earum.
420 3057 469 3111 Vel
490 3056 525 3111 de
550 3056 819 3130 hierusalemque
841 3059 944 3114 esthi·
1001 3071 1031 3110 se
1047 3055 1305 3123 essemoriturum,
1323 3062 1356 3111 ut
1378 3073 1532 3112 conversus
1556 3058 1593 3112 ad
1622 3057 1781 3114 Dominum
1797 3057 1845 3114 sse·

95 3147 198 3214 banus,
214 3145 332 3200 esdriel
347 3145 455 3199 abietes
470 3150 604 3215 potentes
617 3151 645 3200 et
662 3145 825 3217 optimates.
1001 3149 1059 3198 ctat
1073 3144 1256 3200 sententiam.

136 3235 220 3288 Vara.
235 3233 280 3287 tl.
297 3232 582 3302 -Etsiceooi.(lo.l
607 3233 655 3287 Vel
679 3248 739 3304 pra
757 3232 946 3290 multitudine
1037 3232 1146 3288 Cuncta
1172 3234 1247 3288 Deus
1261 3239 1394 3289 secutura
1415 3234 1569 3306 praesciens
1584 3239 1651 3290 ante
1665 3234 1784 3303 meula,
1800 3235 1845 3292 de·

100 3322 241 3375 exercitus
265 3319 362 3373 omnia
387 3319 497 3374 fluenta
521 3319 645 3386 siccavit,
669 3324 700 3373 ut
714 3324 816 3389 puteos
833 3320 887 3376 sihi
902 3321 946 3376 to·
1000 3321 1088 3376 crevit
1117 3321 1241 3394 qualiter
1269 3338 1320 3395 per
1347 3324 1452 3378 soecula
1477 3323 1676 3394 disponantur.
1703 3324 1845 3380 statutum

99 3410 166 3464 dere
180 3399 402 3479 compulsussit.
418 3407 467 3461 Vel
488 3408 582 3461 omnis
609 3408 744 3479 populus,
766 3424 838 3480 qnos
862 3425 945 3481 aqum
1001 3425 1069 3480 ergo
1083 3414 1126 3464 est
1150 3411 1335 3481 quantumin
1357 3411 1420 3483 ipsa
1440 3411 1498 3467 vita
1526 3413 1639 3467 mortali
1651 3412 1846 3484 temporaliter

100 3497 270 3567 significent,
285 3511 336 3549 sno
350 3498 476 3548 vastatur
488 3494 621 3549 exercitu.
999 3497 1120 3553 vivatur.
1136 3500 1207 3554 Nam
1222 3499 1275 3554 etsi
1299 3516 1390 3555 annos
1415 3500 1580 3572 quindecim
1596 3501 1724 3557 Ezechiae
1740 3499 1847 3557 addidit

134 3586 217 3640 Vane.
244 3586 287 3638 25.
312 3613 347 3622 -
371 3582 513 3653 Nunquid.
539 3582 591 3653 (ln)
606 3583 671 3637 ilaec
686 3599 718 3637 ex
744 3598 871 3654 persona
887 3585 944 3639 lio·
1000 3588 1085 3650 Deus,
1101 3602 1167 3643 eum
1180 3593 1277 3644 umen
1300 3604 1365 3643 cnm
1386 3589 1459 3644 mori
1478 3589 1620 3660 permisit,
1643 3595 1714 3657 tuno
1735 3589 1846 3662 praesci-

99 3673 181 3737 mini,
196 3675 262 3737 etc,
282 3684 367 3737 usquc
386 3670 423 3724 od
446 3670 525 3741 quod
542 3675 622 3725 tuam
645 3669 823 3728 ferocitatem
846 3672 943 3743 dome,
1000 3676 1040 3730 vit
1054 3692 1120 3730 eum
1138 3692 1199 3731 asse
1226 3676 1408 3732 moriturum.
1434 3677 1485 3733 (lui
1507 3694 1573 3733 cum
1595 3677 1695 3732 mortis
1709 3678 1846 3734 sententia

98 3768 127 3818 et
143 3767 169 3816 te
180 3760 298 3816 reducat
312 3758 342 3811 iu
358 3757 496 3828 Assyrios.
999 3764 1074 3819 dieta
1089 3770 1139 3831 est,
1155 3765 1288 3836 protinus
1303 3766 1338 3821 ad
1353 3766 1416 3837 ejus
1433 3767 1572 3839 lacrymas
1586 3767 1646 3822 vita
1667 3774 1712 3823 est
1735 3767 1840 3822 addita.

133 3854 212 3907 Vane.
240 3850 285 3904 29.
307 3875 344 3889 -
367 3849 421 3902 Hoc
442 3849 496 3901 crit
516 3850 634 3916 sigrium.
659 3847 726 3920 (ln.)
752 3850 856 3905 Εοιιιιιι
880 3868 944 3924 quae
999 3853 1038 3907 Eo
1066 3853 1184 3925 quidem
1216 3858 1345 3925 tempore
1372 3854 1443 3909 mori
1470 3855 1644 3922 merebatur,
1669 3855 1720 3927 qui
1745 3857 1843 3922 elatus,

96 3939 270 4011 praenuntio,
298 3941 363 4003 stc,
380 3951 466 4005 usque
490 3937 528 3991 od
553 3938 612 3992 imo
636 3937 697 3992 zelo
723 3954 780 4010 quo
810 3940 944 3995 adsersus
999 3941 1121 3997 Domino
1134 3941 1240 4013 gratias
1264 3959 1316 4014 pro
1340 3944 1488 4015 inopinata
1501 3943 1621 3999 victoria
1632 3959 1694 3999 non
1708 3943 1841 4010 reddidit,

96 4028 200 4098 impios
214 4026 321 4082 zelatus
336 4027 379 4079 est
393 4026 532 4095 populum
548 4042 643 4081 suum.
999 4030 1105 4085 seilicet
1119 4031 1188 4102 quia
1207 4048 1266 4086 suae
1288 4031 1408 4103 justitiae
1432 4036 1461 4087 et
1484 4033 1593 4088 meritis
1616 4031 1776 4104 deputavit.
1793 4033 1844 4089 Nec

132 4115 250 4173 comede.
277 4112 364 4168 isaias
385 4111 443 4167 ita:
470 4113 580 4170 Comede
604 4115 651 4168 linc
674 4129 746 4169 ariao
769 4129 829 4184 quae
850 4121 944 4186 epoute
998 4117 1149 4188 proelixum
1162 4118 1193 4173 in
1208 4119 1389 4190 prescientia
1403 4120 1454 4174 liei
1471 4124 1586 4192 tempus
1606 4120 1673 4176 vitae
1687 4121 1843 4193 prolonga-

95 4208 255 4268 vmacuntar,
279 4204 305 4254 et
323 4214 394 4254 anno
420 4200 535 4255 secunde
562 4215 664 4256 vescere
688 4204 787 4271 pomis.
818 4205 850 4258 la
872 4219 943 4258 euno
998 4208 1128 4273 tumeat,
1145 4205 1194 4261 sed
1214 4206 1287 4261 illud
1311 4207 1388 4279 quod
1412 4208 1556 4279 peccando
1574 4208 1722 4276 amiserat,
1740 4225 1774 4265 ex
1789 4210 1843 4264 ler-

95 4297 188 4347 nutem
220 4291 298 4345 tertio
336 4290 477 4358 semiruta,
500 4290 624 4359 plantate
645 4292 738 4344 uineas
766 4296 792 4345 et
815 4291 979 4368 comedite„
997 4293 1086 4364 gitate
1100 4293 1151 4349 Dei
1165 4293 1310 4350 redditum
1335 4301 1405 4351 erat.
1428 4296 1483 4362 Oui
1501 4312 1566 4351 curu
1581 4297 1759 4353 moriturum
1772 4312 1843 4369 pre-

94 4385 201 4447 fructus
229 4395 323 4435 earum
343 4386 369 4435 et
383 4380 472 4433 mittet
495 4377 525 4431 id
546 4377 619 4446 quod
637 4379 774 4433 saluatum
796 4381 883 4446 ficeret
912 4383 942 4434 in
995 4381 1074 4449 dixit,
1104 4387 1170 4438 aute
1198 4385 1399 4455 paenitentiam
1425 4385 1502 4441 illius
1527 4385 1680 4458 prescivit.
1698 4385 1846 4443 Convertit

95 4472 172 4526 domo
210 4469 299 4538 ledo,
329 4476 355 4526 et
385 4467 458 4539 quod
484 4468 619 4536 reliquum
646 4472 685 4522 est
714 4469 834 4524 radicem
863 4469 941 4525 deor-
995 4468 1096 4522 faciam
1112 4469 1147 4523 ad
1161 4471 1301 4540 parietem
1316 4472 1428 4543 templi,
1443 4473 1562 4545 quiaed
1576 4473 1774 4546 templumire
1788 4487 1845 4528 non

93 4575 163 4626 sum,
191 4564 217 4613 et
245 4560 330 4626 [ocia
358 4561 490 4625 fructum,
530 4557 596 4624 quio
632 4554 666 4609 de
692 4557 863 4611 Hierusalem
892 4572 940 4612 eo·
995 4560 1117 4628 poterat.
1131 4559 1274 4615 Parietem
1291 4561 1392 4632 templi
1408 4561 1476 4616 dicit
1494 4563 1578 4634 juxta
1604 4561 1683 4636 quod
1704 4561 1845 4634 palatium

94 4648 318 4717 ibuatrela‘quiae,
344 4651 369 4701 et
387 4646 503 4700 salvatio
529 4643 563 4698 de
589 4644 864 4700 mollescentes
884 4646 940 4699 Do·
996 4650 1067 4714 erat,
1096 4647 1141 4701 vel
1164 4648 1199 4702 ad
1220 4649 1359 4720 parietem
1384 4650 1526 4719 absolute,
1549 4667 1585 4707 ne
1610 4652 1753 4723 lacrymas
1775 4648 1843 4705 assi·

93 4737 161 4791 mini
187 4738 353 4791 exercituum
371 4735 456 4802 saciet
482 4734 529 4788 boc
565 4731 636 4804 (lea.
658 4733 774 4803 xxxvrr).
799 4733 940 4789 Omnibus
994 4735 1134 4790 aientibus
1158 4742 1326 4806 ostentaret,
1351 4743 1385 4795 ut
1399 4742 1459 4795 tola
1486 4741 1691 4797 mentelianus
1709 4739 1845 4810 depreea-

93 4825 128 4879 ab
154 4825 278 4880 exercitu
299 4822 414 4878 vastatis
437 4821 542 4877 comede
565 4836 625 4890 qua
648 4824 747 4875 iterum
772 4824 938 4891 germinare,
994 4827 1084 4879 retur.

93 4914 152 4969 sive
168 4929 227 4983 quac
249 4915 320 4968 inter
339 4912 455 4982 usipetes
469 4909 722 4979 equorumevedere
734 4915 890 4980 ponerent.
906 4913 940 4967 la
1029 4913 1113 4967 Vaas.
1141 4917 1167 4968 2.
1192 4944 1225 4954 -
1251 4915 1305 4981 Qui
1327 4917 1471 4972 concutit.
1498 4918 1593 4988 (Rae.)
1607 4920 1684 4978 Felix
1700 4923 1845 4980 conscien-

92 5003 207 5057 secuado
228 5017 299 5057 enno
314 5017 374 5071 quae
394 5005 487 5071 sponte
512 5004 663 5054 noscuntur
688 5001 747 5053 sine
767 4999 867 5055 labore.
889 5001 939 5055 Vel
993 5000 1045 5066 tia,
1071 5005 1135 5067 etc,
1173 5002 1320 5072 usquead
1346 5005 1434 5060 verbe
1460 5006 1538 5062 enirn
1562 5007 1746 5081 singolorum
1770 5013 1844 5068 licus

92 5089 273 5147 simulatione
288 5090 344 5146 hoe
372 5089 480 5145 dietum
510 5091 560 5153 est,
585 5087 939 5159 quiaputahantselame
993 5094 1094 5160 pensat
1109 5105 1142 5142 er
1158 5090 1243 5144 corde
1263 5090 1401 5161 ipsorum.

91 5177 245 5250 perituros.
971 5188 978 5207 ¹
1028 5178 1114 5232 l'aas.
1145 5180 1171 5233 3.
1210 5209 1245 5220 -
1270 5181 1355 5236 Flevit
1381 5183 1488 5252 itaque.
1514 5185 1578 5253 (lu.)
1612 5187 1703 5244 Flevit
1727 5191 1843 5262 prepter

128 5267 211 5322 Vuae.
224 5266 267 5323 34.
284 5269 364 5321 -lit
376 5271 487 5336 propter
511 5264 607 5320 David
625 5279 741 5319 seruum.
759 5263 852 5335 (Rau)
872 5264 940 5321 Pro·
993 5265 1215 5338 promissionem
1230 5267 1355 5339 Domini,
1370 5275 1437 5338 etc,
1466 5287 1552 5342 usque
1569 5273 1609 5330 od
1635 5280 1746 5349 etpost
1765 5293 1841 5335 mor·

91 5358 155 5426 pler
163 5353 325 5410 futurorum
336 5370 428 5426 spem,
439 5358 611 5425 presentem
622 5353 727 5408 excutit
735 5359 856 5411 metum.
865 5352 939 5408 Dicit
995 5359 1055 5410 tem
1064 5355 1245 5411 resuscitatos
1255 5357 1396 5427 plurimos
1405 5359 1555 5432 legimus..

90 5442 420 5516 eutem,quianonsno
449 5442 562 5511 merito,
578 5441 626 5497 sed
643 5441 693 5496 liei
707 5442 859 5498 clementia
872 5458 939 5497 con·
1028 5443 1154 5499 tensi.
1174 5445 1470 5514 -rlffertemoescm
1488 5435 1726 5523 (homiliarium
1750 5455 1839 5511 sehim

90 5536 250 5600 serventur,
263 5532 322 5588 imo
337 5538 368 5587 ct
392 5532 480 5603 patris
495 5546 595 5586 eornm
612 5529 699 5585 David
727 5530 869 5586 memorie
885 5547 893 5584 τ
907 5529 937 5585 in
992 5531 1150 5588 siveschim
1163 5533 1522 5609 ntnhilutainutiiebraei)
1533 5540 1840 5602 uicussonatnoml·
