3892 6106
494 227 622 285 Gnossa
641 229 843 286 abolitanis.
861 257 899 272 -
920 230 983 286 llll.
1002 231 1074 288 ton.
1605 239 1659 294 800
1766 252 1768 256 ·

74 364 110 405 aa
124 348 249 420 trepidat
262 351 290 404 et
304 349 363 416 ille,
390 351 473 421 cujus
488 349 600 407 virtutis
612 352 758 423 praeconia
774 354 800 408 Α
814 352 846 407 ln
861 356 936 408 terra
954 352 1056 424 pedica
1067 353 1261 423 absconditur,
1276 371 1341 411 cunr
1370 358 1456 429 culpa
1473 359 1526 414 sub
1545 360 1666 415 terranis

74 439 113 493 lex
127 439 179 510 qui
193 438 327 509 percutit,
341 440 457 494 clamat.
814 438 973 494 commodis
995 440 1164 507 occultatur,
1189 446 1332 512 quatenus
1359 443 1447 498 bomo
1472 444 1577 508 rideat,
1593 444 1665 516 quid

814 528 1015 600 concupiscere
1029 528 1133 596 caleat,
1159 534 1186 584 et
1206 533 1301 585 umen
1317 547 1501 603 nequequam
1516 533 1621 598 rideat,
1636 533 1667 589 in

224 581 337 636 CAPUT
352 580 443 636 xvm·
815 633 872 689 quo
885 618 978 689 cnlpae
992 618 1095 689 laqueo
1105 617 1210 688 pedem
1225 624 1324 689 ponet.
1344 622 1399 677 «Et
1408 621 1541 693 decipula
1554 622 1664 678 illius.»

80 731 117 746 -
145 704 266 775 absque
281 705 317 759 ad
345 721 432 776 quem
446 704 535 761 linem
561 706 648 761 verba
663 707 758 778 iacta·
815 708 947 761 lntuetur
973 706 1052 762 enim
1071 705 1160 762 hostis
1181 722 1276 762 mores
1303 709 1442 780 cujusque
1465 710 1511 765 cui
1526 710 1595 767 vitio
1610 712 1667 767 sint

74 807 143 857 axo..
157 794 186 848 s'a
200 793 265 861 Job,
287 795 306 848 l.
323 793 391 864 x1v.)
407 795 525 850 Beatum
546 795 598 852 Job
613 795 643 850 in
659 812 761 868 super·
813 792 984 866 propinqui,
1014 799 1043 850 et
1071 795 1120 850 illa
1149 796 1273 867 opponit
1303 803 1370 852 ante
1396 799 1510 865 faciem,
1539 799 1575 854 ad
1599 816 1665 871 qaas

74 880 118 937 uit
143 881 281 952 erupisse,
308 898 396 954 quem
411 883 519 938 latetur
542 884 628 939 verba
640 884 759 955 jactare.
815 882 943 952 agnoscit
961 881 1073 938 facilius
1094 882 1228 941 inclinari
1259 890 1396 954 mentem,
1433 892 1465 942 ut
1495 887 1608 943 blandis
1632 903 1665 943 ac

74 992 76 1020 ι
91 969 186 1042 prius.
203 990 217 1020 »
234 969 334 1041 Signat
344 975 452 1041 quanta
468 970 590 1027 elatione
605 976 760 1036 tumuerat,
814 969 890 1025 laetis
909 970 1040 1027 moribus
1058 972 1215 1038 luxuriam,
1241 975 1351 1044 asperis
1373 974 1517 1030 mentibus
1540 975 1614 1031 iram
1637 981 1666 1031 et

74 1059 118 1131 pai
132 1058 209 1131 quod
225 1058 479 1130 noniutelligeret,
496 1061 625 1131 putabat.
814 1058 994 1129 superbiam.
1007 1059 1050 1115 lbi
1064 1075 1133 1132 ergo
1149 1061 1311 1132 decipulam
1325 1062 1416 1133 ponit,
1433 1062 1481 1118 obi
1499 1079 1561 1118 esse
1576 1064 1666 1121 somi-

74 1158 88 1205 t.
102 1166 168 1200 -e
195 1148 287 1214 Quare
317 1147 598 1219 reputabamus.»
623 1151 761 1207 llumanre
814 1151 874 1202 tam
887 1147 993 1204 mentis
1005 1148 1163 1221 conspicit:
1177 1149 1317 1220 quiaillic
1331 1150 1493 1223 periculum
1518 1152 1664 1224 deceptio·

96 1237 257 1309 proprium,
285 1236 340 1292 hcc
365 1236 418 1291 sibi
439 1237 501 1293 lieri
516 1237 664 1308 suspicari,
685 1238 761 1309 quod
816 1236 859 1290 nis
874 1235 987 1307 inserit,
1002 1237 1053 1293 obi
1071 1238 1148 1293 riam
1163 1253 1225 1293 esse
1239 1238 1382 1295 invenerit
1393 1239 1564 1312 propinquae
1585 1241 1665 1312 cogi·

74 1324 175 1380 itrstnr
193 1326 315 1380 enimse
343 1325 460 1396 despici,
486 1325 536 1397 qui
559 1325 651 1381 bonos
666 1324 760 1396 despi-
815 1323 943 1380 tationis.

74 1414 166 1471 uerit:
201 1420 230 1468 et
253 1430 286 1469 ex
326 1414 488 1485 suspicione
517 1419 698 1485 contemptus
724 1413 762 1469 ad
853 1414 932 1468 Vsus.
960 1417 1082 1469 il.—‹
1111 1415 1242 1486 Undique
1274 1415 1462 1472 terrebunt.»
1489 1417 1561 1483 Ouia
1587 1433 1665 1489 saepe

74 1518 139 1558 nem
150 1503 274 1574 prosilit,
291 1507 320 1557 ct
333 1501 522 1557 contumelias
536 1502 650 1573 ingerit.
815 1499 922 1557 idcirco
938 1502 1060 1576 quisque
1079 1504 1172 1560 bonus
1187 1521 1248 1560 esse
1276 1505 1388 1575 metuit,
1414 1522 1450 1561 ne
1472 1506 1526 1562 boc
1541 1524 1556 1560 a
1570 1507 1665 1578 parvis

92 1621 120 1635 -
144 1613 155 1641 ι
187 1592 262 1657 Quid
287 1591 382 1662 perdis
413 1591 539 1645 animam
567 1598 657 1646 tuam.
675 1608 687 1643 a
704 1592 759 1646 lle·
816 1590 951 1662 patiatur,
968 1592 1185 1664 qnodsebonis
1195 1592 1297 1648 iecisse
1310 1594 1521 1650 reminiscitur:
1538 1595 1665 1667 dumque

74 1695 117 1736 aur
144 1679 333 1747 rectitudinis,
363 1681 407 1735 vel
431 1679 610 1751 spiritualem
638 1680 761 1751 gratiam
816 1679 871 1733 boc
882 1679 942 1749 pati
955 1680 1032 1752 quod
1047 1679 1114 1735 lacit
1129 1680 1242 1750 metuit,
1259 1680 1522 1753 undiqueterritus,
1538 1683 1665 1755 undique

74 1768 267 1837 medicationis,
294 1768 436 1823 insaniam
465 1768 570 1823 furoris
600 1769 760 1824 aestimant:
814 1767 1004 1839 suspectusin
1025 1767 1101 1824 bono
1117 1785 1204 1840 opero
1220 1785 1350 1840 gressum
1367 1770 1470 1841 perdit.

74 1857 225 1913 :fidelium
253 1857 364 1913 animas
382 1857 595 1913 arbitrantur.»
625 1857 762 1930 Nunquid
851 1856 931 1910 Vsus.
952 1856 994 1911 lt.
1015 1886 1051 1896 -
1081 1878 1092 1906 ‹
1122 1860 1294 1913 Attenuatur
1322 1858 1407 1912 lame.
1432 1879 1444 1908 s
1471 1858 1542 1914 Caro
1569 1863 1667 1915 nostra

86 1946 302 2017 derelinquetur
319 1950 403 2001 terra.
423 1969 434 1995 ι
453 1946 577 2001 Ecclesia
598 1946 678 2013 dicit,
695 1950 761 2011 etc„
815 1943 970 1999 infirmitas
983 1947 1037 2000 est.
1067 1945 1166 2000 Robur
1189 1951 1298 2014 sutem,
1314 1947 1410 2002 anima
1426 1947 1583 2015 rationalis,
1601 1965 1666 2019 quse

74 2035 135 2093 :nde
147 2036 198 2090 iste
210 2035 331 2106 flagellis
342 2035 394 2091 tob
406 2033 536 2103 insultat,
555 2035 631 2090 unde
647 2034 761 2090 subdit:
815 2030 846 2086 in
870 2032 1071 2103 expugnandis
1095 2032 1171 2087 vitiis
1195 2034 1326 2090 resistere
1346 2050 1399 2107 per
1420 2035 1562 2091 rationem
1582 2038 1667 2092 salet.

77 2167 85 2180 .
113 2154 147 2164 -
162 2145 177 2174 «
199 2125 300 2179 Nonne
326 2125 375 2179 lux
399 2123 483 2194 impii
510 2123 718 2194 exstinguetur.
747 2143 761 2174 s
816 2119 972 2185 Ouaefame
987 2123 1162 2191 attenuatur,
1178 2137 1243 2176 cum
1259 2123 1340 2178 nulla
1368 2123 1475 2180 interni
1497 2124 1554 2181 cibi
1580 2125 1668 2181 reiec-

74 2230 88 2270 e
116 2213 207 2285 impio
222 2218 297 2268 recte
312 2211 416 2284 potuit,
443 2217 542 2267 contra
558 2218 688 2268 sanctum
703 2229 763 2268 nou
817 2209 895 2265 tione
915 2208 1050 2280 pascitur.
1079 2232 1090 2260 ι
1117 2211 1149 2265 Et
1170 2209 1268 2266 inedia
1294 2211 1411 2268 invadat
1433 2218 1525 2269 costas
1550 2215 1664 2270 illius.»

74 2317 153 2358 noem
177 2301 397 2373 prosperitatem
420 2301 569 2372 presentis
594 2301 659 2356 vitae
684 2301 761 2357 dicit.
816 2297 906 2353 Costae
930 2301 1000 2354 sunt
1022 2313 1122 2354 sensus
1150 2298 1251 2364 animi,
1272 2299 1322 2371 qui
1351 2300 1474 2356 latentes
1504 2308 1536 2356 ut
1559 2302 1666 2358 viscera

74 2389 134 2463 opii
159 2390 359 2459 exstinguitur,
374 2390 442 2461 quia
464 2389 592 2460 fugitivae
615 2389 681 2443 vitae
695 2370 763 2459 p'ro·
816 2385 1004 2458 cogitationes
1017 2387 1162 2442 muniunt.
1189 2388 1287 2442 luedia
1310 2387 1420 2444 invadit
1447 2389 1541 2462 iniqui
1565 2395 1666 2461 costas,

74 2494 139 2535 oum
169 2479 231 2550 ipsa
256 2479 473 2533 terminatur.»
514 2478 571 2532 Nec
600 2477 764 2549 splendebit
815 2475 986 2546 quietames
1010 2475 1519 2547 internasensusmentisextenoat,
1535 2484 1566 2534 ut
1589 2479 1669 2551 cogi·

74 2567 205 2639 nisejus.
223 2585 238 2621 o
258 2568 359 2638 Ignem
379 2566 598 2622 dicitfervorem
613 2571 763 2636 tempora·
817 2563 941 2620 tationes
956 2579 1022 2620 suas
1037 2564 1114 2620 intus
1134 2565 1426 2638 nullatenusregant,
1455 2568 1503 2624 sed
1527 2569 1560 2624 ad
1590 2574 1668 2624 exte·

74 2655 219 2723 lariorum,
235 2656 317 2728 cnjus
332 2656 449 2710 flamma
479 2659 521 2709 est
545 2654 763 2725 decor,velpo·
816 2653 895 2708 riora
911 2658 1052 2726 vagentur
1065 2669 1132 2725 quae
1147 2660 1260 2726 petunt.

74 2745 139 2801 :rior
153 2762 218 2818 que
233 2745 269 2801 de
283 2745 396 2800 intorno
412 2744 474 2815 ejus
490 2742 592 2798 ardore
606 2741 762 2815 procedit:
855 2765 866 2792 ι
885 2743 1006 2798 beroret
1026 2743 1270 2815 pulchritudinem
1293 2744 1366 2799 cutis
1377 2745 1439 2816 ejus
1462 2750 1492 2801 at
1516 2751 1667 2802 consumat

74 2834 222 2901 >laudabit
239 2833 306 2904 quia
321 2833 352 2889 in
375 2833 422 2888 die
448 2830 542 2887 exitus
563 2831 659 2886 omnis
682 2833 762 2886 exte·
816 2830 934 2887 brachia
955 2831 1042 2888 illius.
1059 2831 1164 2905 (Idem.)
1185 2853 1197 2882 ι
1223 2833 1408 2890 Pulchritudo
1430 2835 1504 2890 cutis
1519 2840 1561 2890 est
1574 2835 1668 2907 gloria

84 2922 274 2978 subtrabitur.
779 2932 801 2988 c
818 2920 984 2990 temporalis
999 2919 1142 2975 exterior:
1158 2920 1340 2992 pertractio
1366 2938 1454 2994 opera
1469 2923 1667 2996 designantur.

88 3040 122 3053 -
149 3029 164 3063 e
181 3012 239 3066 Lux
254 3008 470 3065 obtenebrescet
484 3008 514 3064 in
536 2995 731 3062 tabernaculo.
748 3023 763 3055 s
818 3008 937 3064 Mortem
952 3011 1102 3079 peccatum
1117 3007 1195 3075 dicit,
1209 3007 1425 3078 quodanimam
1437 3011 1549 3067 occidit.

74 3122 77 3146 i
98 3098 244 3154 tristitiam
258 3097 401 3164 tenebras,
416 3098 510 3152 lucem
525 3095 664 3180 getglium
689 3091 765 3148 acci·
856 3097 935 3151 Vnus.
950 3098 993 3152 13.
1008 3125 1044 3136 -
1062 3117 1073 3146 ι
1090 3095 1286 3167 Primogcnita
1300 3113 1388 3154 mors.
1405 3120 1416 3147 ι
1440 3099 1580 3173 Superbia
1603 3118 1668 3174 qua

74 3202 110 3244 ux
123 3202 191 3258 ergo
209 3187 238 3241 in
265 3186 448 3241 tabernaculo
473 3184 556 3256 impii
582 3181 763 3250 tenebrescit,
819 3189 863 3240 est
875 3183 991 3239 initium
1004 3184 1099 3241 omnis
1119 3185 1238 3257 peccati.
1256 3187 1502 3245 Pulchutudinem
1514 3206 1584 3263 ergo
1595 3192 1668 3246 cutis

74 3275 291 3332 ascenscieutie
305 3275 444 3346 gaudium
467 3274 545 3347 quod
560 3273 595 3329 de
620 3275 764 3343 tempora·
820 3273 883 3345 ejus
911 3278 940 3328 et
966 3273 1085 3329 brachia
1112 3273 1190 3329 illius
1211 3273 1406 3346 primogenite
1430 3292 1506 3332 mors
1532 3279 1667 3334 devorat:

74 3369 124 3429 ret,
143 3364 278 3420 delicit.»
307 3364 341 3417 Et
356 3365 474 3417 lucerna
492 3378 557 3434 quae
584 3376 670 3431 super
698 3375 765 3415 eum
821 3379 878 3436 qna
896 3361 991 3435 iniqui
1009 3363 1133 3436 gloriam
1149 3363 1194 3418 vel
1219 3365 1414 3436 operationem
1442 3366 1577 3438 superbia
1601 3384 1670 3439 sup·

74 3455 178 3525 puatur.
195 3473 209 3506 s
225 3453 351 3507 Lucerna
374 3453 471 3506 lumen
486 3451 516 3506 in
536 3455 609 3506 testa
623 3455 676 3516 est,
698 3454 764 3516 etc..
819 3451 942 3524 plantat.
954 3452 1050 3509 Potuit
1064 3452 1142 3507 anim
1156 3457 1185 3508 et
1194 3452 1224 3507 in
1238 3453 1292 3508 bac
1305 3453 1364 3510 vita
1377 3455 1520 3526 gloriosus
1535 3456 1669 3525 existere,

74 3542 143 3615 quia
169 3541 339 3614 iniquorum
365 3545 492 3595 mentem
519 3543 633 3595 terrena
656 3538 762 3609 gaudia
820 3541 844 3597 si
859 3540 1129 3613 superbusmiuime
1144 3541 1254 3598 fuisset.

74 3671 76 3684 ‚
856 3630 937 3685 Vasa.
952 3630 995 3686 ll.
1010 3661 1046 3670 -
1063 3631 1232 3687 :avellatur
1246 3631 1281 3686 da
1294 3631 1479 3689 tabernaculo
1495 3650 1546 3690 suo
1566 3635 1671 3692 fiducia

74 3722 92 3774 l.
102 3748 138 3759 -
153 3736 168 3770 e
183 3718 374 3772 Arctabuntur
390 3731 504 3787 gressus
526 3713 651 3780 virtutis,
678 3718 763 3770 etc.»
821 3717 892 3790 ejus.
911 3739 923 3768 ι
940 3717 1045 3789 (Idaea.)
1060 3719 1100 3774 lle
1114 3719 1300 3775 tabernaculo
1313 3720 1419 3776 fiducia
1441 3723 1504 3793 ejus
1527 3725 1668 3792 evellitur,

92 3806 210 3862 malitie
223 3807 294 3878 ejus,
311 3821 386 3878 quas
412 3820 489 3860 nunc
503 3807 623 3869 exercet,
637 3806 764 3874 postmo-
821 3805 937 3877 quando
951 3821 1102 3878 perversus
1129 3807 1180 3878 qui
1193 3807 1284 3862 multa
1299 3808 1330 3862 in
1354 3810 1407 3864 bac
1431 3811 1487 3866 vita
1511 3819 1671 3882 paraverat,

74 3912 97 3952 :a
123 3895 309 3966 constringet.
335 3912 347 3947 a
375 3894 408 3948 Et
434 3891 628 3963 precipitabit
650 3905 764 3946 eum.»
821 3894 974 3966 repentine
988 3898 1081 3950 morte
1109 3893 1276 3966 dissipator.
1293 3918 1304 3946 ι
1322 3897 1356 3951 lit
1381 3897 1469 3952 calcet
1493 3914 1582 3970 super
1603 3917 1669 3956 serm

74 4000 106 4041 uc
132 3983 283 4039 consilium
308 3982 425 4054 iniquus
446 3980 600 4053 praesentia
620 3983 765 4052 appetere.
821 3984 904 4055 quasi
922 3999 973 4039 rex
999 3983 1171 4040 interitus.»
1202 3984 1274 4049 Quia
1300 3985 1348 4041 bic
1374 3987 1418 4042 rel
1439 3987 1515 4042 vitiis
1528 3989 1672 4060 premitur

74 4072 225 4146 eodquod
238 4071 372 4143 exprimit
385 4086 451 4125 cum
466 4069 624 4142 subjungit.
822 4089 887 4145 quas
904 4070 939 4127 ad
954 4071 1105 4127 interitum
1117 4072 1247 4140 trabunt,
1271 4075 1315 4128 vel
1340 4075 1441 4135 mortis
1465 4080 1606 4150 tempore,
1620 4094 1671 4150 po·

74 4185 156 4218 .-·
185 4162 308 4217 Immisit
335 4155 768 4228 eniminretc.»l1bid.)0ui
821 4160 917 4217 metati
932 4159 1116 4216 daemoniacae
1138 4161 1316 4233 subjugatur.

87 4256 148 4307 rete
171 4251 267 4319 mittit,
293 4265 352 4305 non
377 4265 443 4304 cum
463 4247 594 4315 voluerit,
612 4246 697 4318 ejicit.
723 4246 769 4302 Sic
786 4223 809 4279 D
858 4251 939 4305 Vaas.
960 4251 1001 4305 lb.
1018 4272 1075 4299 -ι
1092 4249 1227 4306 Habitent
1240 4251 1271 4306 in
1285 4251 1479 4310 tabernaculo.
1498 4255 1556 4311 »ld
1570 4261 1623 4327 ast,
1639 4256 1671 4312 in

74 4338 165 4396 ecelis
192 4354 222 4393 se
246 4336 353 4409 dejicit,
382 4351 442 4391 non
460 4351 529 4390 mox
542 4350 608 4389 cum
635 4333 768 4399 volucrit,
823 4341 920 4394 mente
934 4337 996 4410 ejus
1010 4342 1146 4411 apostatae
1162 4339 1258 4411 angeli
1273 4356 1325 4412 per
1343 4343 1529 4412 cogitationes
1554 4346 1671 4417 nequis·

823 4428 910 4482 simas
925 4434 1138 4495 conversentur,
1163 4428 1225 4500 ejus
1239 4429 1370 4486 videlicet
1383 4431 1463 4499 socii,
1489 4433 1539 4506 qui
1565 4433 1672 4491 idcirco

93 4515 214 4572 maculis
241 4515 303 4586 ejus
328 4513 465 4570 ambulat.
496 4534 510 4563 η
541 4511 639 4583 (reid.)
663 4509 718 4576 Qui
737 4509 769 4564 in
820 4516 950 4589 jamnon
961 4518 1014 4585 est,
1029 4514 1254 4588 quiaasnmma
1268 4519 1391 4574 essentia
1403 4522 1528 4577 recessit.

74 4604 136 4661 retis
155 4604 293 4671 ambulat,
316 4618 431 4674 gressus
445 4618 512 4656 suos
528 4599 702 4656 ambulando
717 4598 771 4654 inr-
862 4628 873 4656 ι
889 4608 1065 4678 aspergatur
1078 4605 1109 4661 in
1127 4606 1323 4663 tabernaculo.
1339 4628 1351 4658 s
1367 4607 1464 4682 (leid.)
1480 4610 1512 4666 ln
1536 4612 1670 4669 taberna·

84 4710 149 4749 cum
165 4709 194 4748 se
216 4691 350 4763 expedire
366 4692 402 4746 ed
426 4689 634 4746 ambulandum
656 4688 769 4758 nititur,
824 4694 889 4750 culo
903 4692 1008 4766 iniqui,
1034 4692 1156 4766 sulphur
1183 4695 1352 4767 aspergitur,
1378 4697 1490 4768 quoties
1512 4699 1605 4755 caruis
1620 4702 1670 4757 ds·

74 4787 101 4840 et
114 4781 269 4853 obligatur.
823 4782 938 4839 lectatio
953 4782 985 4838 in
1001 4783 1063 4854 ejus
1076 4786 1173 4839 mente
1188 4783 1363 4840 dominatur.
1387 4786 1441 4841 Per
1457 4787 1578 4860 sulphur
1591 4790 1671 4845 enim

74 4891 155 4928 ,-«
183 4867 339 4926 Tenebitur
365 4867 465 4939 planta
487 4866 605 4935 illius,»
627 4868 681 4922 etc.
697 4864 771 4931 Quia
824 4871 909 4927 loetor
932 4869 1025 4926 carnis
1048 4871 1194 4943 accipitur.
1225 4872 1262 4928 lit
1287 4873 1435 4944 quietalis
1455 4875 1486 4930 in
1509 4877 1671 4948 meloper·

76 4961 233 5032 stringetur
256 4957 322 5013 linis
345 4956 376 5011 iu
389 4959 514 5027 peccato.
529 4974 543 5008 s
560 4956 595 5010 Et
609 4955 772 5011 exardescat
824 4960 923 5013 manet
935 4958 1013 5014 unde
1037 4975 1090 5014 nec
1103 4960 1229 5016 fructum
1243 4960 1314 5016 boni
1328 4961 1421 5018 lacere
1446 4968 1549 5035 potest,
1573 4965 1669 5022 addit:

73 5066 113 5106 m.
133 5049 338 5119 sQuiaquose
354 5044 603 5115 melisobligatnm
614 5048 771 5116 pensateo
860 5047 941 5103 Vaas.
959 5050 1001 5104 ld.
1024 5078 1059 5088 —
1082 5070 1093 5097 ι
1120 5049 1258 5104 Deorsum
1286 5050 1380 5106 radico
1411 5052 1472 5124 ejus
1487 5053 1640 5113 siccentur.
1659 5078 1670 5106 »

73 5139 136 5195 ditu
159 5139 292 5209 desperat
303 5153 310 5203 ;
323 5140 352 5190 et
365 5135 429 5206 ipsa
455 5133 654 5206 desperatione
677 5133 772 5189 acrius
824 5134 901 5189 Pers
919 5133 1036 5202 radices,
1053 5157 1063 5184 ι
1079 5135 1268 5209 cogitationes
1280 5137 1446 5210 accipimus,
1458 5144 1524 5209 etc,
1540 5156 1625 5213 usqne
1636 5144 1674 5199 od

103 5225 206 5282 mundi
228 5223 471 5295 concupiscentias
504 5226 617 5278 estuat.
647 5221 681 5276 lu
709 5221 772 5293 ejus
824 5222 893 5294 qnia
906 5222 1000 5278 omnis
1013 5224 1075 5291 ejas
1085 5225 1214 5296 operatio
1228 5240 1354 5298 superno
1365 5226 1475 5298 judicio
1494 5229 1577 5301 quasi
1596 5230 1673 5287 nibi-

74 5320 133 5372 ntra
147 5330 214 5371 eum
229 5313 289 5369 sitis
313 5312 478 5381 exardescit,
496 5311 565 5384 quia
579 5310 628 5383 qui
638 5326 772 5382 perverse
825 5312 886 5367 lum
900 5312 1066 5384 deputatur.

74 5403 214 5462 erversius
227 5406 294 5474 agat
302 5401 476 5456 accenditur.
860 5401 940 5457 Vsus.
958 5405 1002 5458 lt.
1014 5432 1051 5443 -
1066 5423 1078 5453 ι
1094 5402 1231 5460 llemoria
1244 5408 1352 5478 pereat.
1372 5427 1383 5456 ι
1396 5406 1495 5481 (lbid.)
1507 5408 1674 5466 Memoriam

73 5496 112 5552 ιο,
137 5523 172 5536 -.
197 5513 211 5542 e
234 5478 409 5548 Abscondita
423 5489 509 5546 estin
534 5493 647 5546 terra.»
676 5488 771 5562 (lbid.)
825 5506 906 5546 suam
920 5489 1038 5563 inicum
1053 5491 1083 5546 in
1097 5497 1175 5548 tarra
1190 5497 1315 5551 statuere
1329 5501 1538 5567 conatur,cum
1553 5500 1675 5570 gloriam
