3892 6106
152 251 205 310 363

526 251 722 306 ))’“Α[Λ)’ΒΙΙ)Ι
744 250 867 305 sinunt
886 251 986 306 eden.
1009 250 1088 306 uon.
1109 250 1196 304 PARS
1216 248 1236 301 l.
1276 277 1292 286 ·
1311 246 1542 302 theotonici.

1848 250 1902 303 nel

152 371 321 437 humanam,
342 371 410 443 quia
432 371 556 438 initium,
581 372 641 425 haec
669 370 745 436 linis,
773 371 875 443 inquo
904 370 1037 429 omniah
1055 369 1210 439 perfectam
1245 367 1424 422 divinitatem
1452 371 1479 420 et
1505 366 1661 436 perfectam
1689 365 1903 421 humanitatem

152 464 271 529 possunt
286 459 500 530 comprehendi.

190 549 270 601 Vnus.
288 552 329 602 lt.
346 576 383 589 -
396 549 489 602 Altera
500 547 552 600 die.
571 544 666 600 Potuit
676 545 770 599 dicere
791 544 914 598 secunda
929 559 996 614 azy-

153 652 291 689 morum:
318 652 353 689 ue
382 636 417 690 ad
435 639 601 705 sequentem
621 632 696 688 diem
725 637 853 686 nostram
881 631 998 686 disceret

153 722 355 788 intentionem,
372 722 477 776 scilicet
491 723 520 776 iu
542 721 697 775 erastinum
714 721 824 792 primae,
854 719 935 788 dixit,
957 718 996 772 al-

153 816 214 864 tera
241 809 287 863 die
321 810 484 880 significans
508 810 746 864 resurrectionem
770 824 835 880 quae
864 807 997 862 successit

153 897 288 970 passioni,
304 897 377 952 sicut
395 897 455 952 dies
470 896 536 952 diei.

1054 458 1146 523 docet,
1170 472 1222 510 nea
1247 456 1329 510 aliter
1349 459 1469 526 pessunt
1495 454 1579 526 coqui
1604 454 1661 508 nisi
1682 456 1837 525 pertatem
1853 455 1904 509 da-

1050 545 1182 600 ctrinam.

1086 634 1170 687 Vnus.
1191 634 1223 687 18
1239 632 1392 701 —Septem
1413 647 1506 699 aquas.
1532 633 1586 686 Pro
1601 637 1711 701 septem
1727 632 1811 686 donis
1836 633 1902 697 Spi-

1052 720 1123 774 ritus
1142 720 1242 785 sancti,
1263 735 1327 790 quae
1343 725 1423 773 vocat
1438 735 1536 788 aguas,
1552 719 1620 789 quia
1638 719 1762 790 Spiritus
1788 727 1904 775 sanctus

1052 824 1141 862 nnrrm
1163 813 1206 862 est
1224 824 1289 861 cnm
1310 806 1432 871 Christo,
1454 807 1489 862 de
1504 824 1561 878 qua
1582 809 1721 877 seriptum
1742 813 1808 863 est:
1840 812 1903 864 Ecce

1051 912 1138 964 aquus
1158 898 1214 957 liei,
1237 911 1292 949 ecce
1316 897 1364 963 qui
1387 895 1582 964 toliitpeecata
1605 895 1712 958 mundi,
1738 895 1798 950 ideo
1824 912 1901 950 nemo

190 987 274 1040 Vens.
304 989 348 1040 te.
363 1016 398 1026 -
420 989 510 1054 Atque
524 988 554 1039 in
574 985 663 1040 eodem
692 985 744 1040 die.
762 982 997 1044 Resurrectionis,
1049 989 1137 1054 potest
1157 983 1246 1038 dicere
1269 984 1395 1037 Dominus
1418 983 1513 1051 Jesus,
1545 984 1602 1037 nisi
1626 985 1654 1036 e'n
1676 985 1781 1053 Spiritu
1803 990 1897 1039 sancto

154 1074 249 1135 idest,
266 1071 430 1126 evelatianis
449 1071 599 1144 manipuli,
620 1072 717 1141 idest,
737 1072 850 1143 qnando
870 1086 998 1125 resurre-

154 1161 280 1216 ctionem
294 1161 480 1227 celebramus,
497 1161 636 1215 dominici
650 1160 781 1215 sacritlcii
796 1158 925 1215 oblivisci
940 1174 997 1212 nan

155 1250 302 1314 debemus,
322 1265 355 1303 ex
367 1265 425 1320 qaia
439 1254 482 1303 est
496 1248 669 1319 manipulus.

1053 1073 1145 1142 (Jaau.
1176 1072 1369 1140 r;lCor.xu).

1088 1161 1123 1215 Et
1152 1163 1248 1213 arietes
1275 1159 1351 1212 duos.
1369 1157 1477 1223 Quibus
1497 1157 1631 1213 inimicus
1655 1159 1818 1214 ventilatur.
1835 1162 1899 1214 llaec

1052 1251 1118 1301 sunt
1133 1246 1282 1318 superiora
1307 1246 1449 1312 mandata,
1474 1250 1503 1300 et
1515 1247 1644 1310 virtutes,
1664 1263 1735 1318 quas
1763 1248 1828 1302 aliae
1857 1265 1900 1301 se·

191 1340 273 1392 Vens.
294 1341 338 1393 ra.
356 1365 392 1377 -
407 1339 470 1391 Due
485 1336 600 1390 decim
618 1336 736 1406 Oportet
746 1336 823 1391 enim
836 1335 1000 1407 perlectam·
1053 1340 1182 1406 quantur
1202 1340 1233 1388 ut
1251 1351 1328 1402 aves,
1350 1333 1427 1387 verbi
1443 1335 1535 1404 gratia
1550 1351 1556 1387 ι
1576 1335 1652 1391 Vade
1668 1340 1693 1389 et
1714 1335 1799 1389 vende
1813 1340 1903 1390 omnia

155 1426 364 1481 humanitatem
379 1429 407 1479 et
423 1423 576 1495 perfectam
591 1424 767 1479 divinitatem
783 1426 814 1479 in
824 1440 915 1479 unum
931 1439 998 1478 con·
1053 1439 1112 1493 quae
1127 1423 1218 1486 habes,
1230 1429 1255 1476 et
1265 1422 1301 1476 da
1309 1422 1475 1491 pauperibus
1491 1421 1599 1492 (haret.
1612 1423 1663 1491 ιιι).

155 1515 269 1569 venire:
291 1515 321 1568 in
337 1514 411 1578 alea,
431 1512 460 1567 id
478 1517 530 1578 est,
546 1528 598 1583 per
611 1529 673 1566 eam
691 1529 777 1584 quam
792 1513 868 1567 cirea
882 1529 935 1567 nos
948 1512 998 1565 ba·
1089 1512 1154 1566 Cum
1179 1511 1341 1576 libamentis,
1366 1508 1512 1573 etenum
1536 1513 1602 1564 suut
1617 1510 1735 1564 scientia
1761 1514 1789 1564 et
1809 1527 1903 1564 corre·

156 1603 219 1657 buit
232 1601 475 1667 misericordiam
495 1601 534 1654 sic
547 1600 624 1654 euim
639 1600 808 1655 sacrificium
823 1600 894 1655 adar
907 1598 1000 1653 suavi-
1055 1598 1125 1667 ctia;
1150 1597 1224 1651 ande
1241 1614 1247 1650 :
1277 1600 1329 1652 lieo
1354 1602 1443 1651 autem
1456 1599 1574 1662 qratias,
1597 1597 1764 1667 quietiorem
1784 1600 1902 1652 scientie

156 1691 222 1746 tatis
243 1690 363 1744 Domina
378 1689 532 1757 invenitur,
549 1688 572 1742 si
588 1705 651 1760 quae
667 1688 701 1742 de
717 1705 750 1744 eo
765 1689 851 1760 digna
866 1694 931 1742 sunt
954 1687 1000 1741 in·
1016 1655 1036 1709 Β
1054 1700 1109 1740 suec
1129 1687 1288 1752 mareisestat
1304 1700 1354 1753 per
1371 1698 1429 1750 reos,
1448 1685 1515 1753 quia
1536 1685 1644 1738 Christi
1663 1683 1746 1740 bonus
1766 1685 1833 1740 ador
1861 1700 1904 1740 su·

156 1778 322 1848 telligimus.

191 1866 260 1920 Laba
283 1880 396 1934 quoque.
415 1865 482 1918 Eece
507 1862 696 1935 intelligibilis
721 1864 828 1919 oblatio
856 1864 999 1920 llelcbise-

155 1953 235 2019 dech,
253 1970 317 2024 quae
331 1953 360 2005 iu
376 1968 450 2022 pane
467 1956 495 2005 et
513 1952 579 2006 rino
594 1952 743 2022 perficitur
757 1955 836 2022 (Gen.
851 1956 921 2021 ιιιν);
934 1951 1001 2007 iada

157 2047 258 2112 quarta
274 2057 340 2111 pars
355 2040 423 2094 hinc
447 2040 576 2106 aliertur,
604 2048 637 2094 ut
651 2056 703 2112 per
729 2046 860 2112 quartam
890 2045 1002 2111 partem

157 2127 320 2198 evangelica
334 2126 464 2180 doctriua
474 2126 668 2197 significetur3
685 2142 737 2198 per
750 2126 917 2180 libationem
933 2142 1000 2179 vero

157 2231 250 2269 sermo
276 2215 452 2282 Dominicus,
480 2231 537 2285 quo
555 2214 618 2269 ait:
639 2216 689 2269 Eia
708 2218 748 2270 est
768 2216 881 2281 sanquis
915 2229 999 2277 meus,

156 2306 204 2373 qui
216 2319 265 2373 pra
285 2304 379 2358 multis
397 2301 550 2372 effundetur
575 2305 803 2358 inremissionem
828 2308 1001 2376 peccatorum

157 2391 269 2460 (Mutet.
284 2400 367 2452 xxvi).

191 2477 271 2530 Vens.
305 2476 346 2530 tt.
378 2504 408 2514 -
431 2476 538 2530 Panem.
568 2475 678 2530 Oblatio
701 2475 885 2548 praesentiam
910 2475 1000 2530 dano·

155 2579 231 2627 rum,
253 2577 318 2633 quae
342 2568 383 2615 est
410 2560 513 2615 Christi
538 2561 718 2632 mysterium,
743 2562 936 2616 reconciliavit
950 2579 1001 2616 nas

156 2650 222 2715 Deo,
235 2654 265 2703 et
279 2648 374 2702 cibum
391 2648 561 2719 praeparavit
577 2665 697 2705 navum.

193 2739 336 2792 Potentem.
358 2737 420 2791 Lxx
438 2754 444 2790 :
461 2733 612 2810 χίδρανέα,
635 2738 664 2792 id
689 2742 730 2792 est
754 2744 813 2793 sata
836 2755 908 2793 nava
928 2744 1002 2794 tosta

155 2843 212 2879 non
224 2825 440 2890 manducabitis,
451 2826 495 2878 vel
508 2825 640 2879 manibus
653 2825 775 2880 contrita
785 2831 813 2880 et
824 2827 978 2880 euitandata
991 2843 997 2880 :

1054 1787 1124 1839 mus,
1141 1777 1193 1825 etc.
1206 1772 1243 1840 (ll
1257 1772 1316 1827 Cor.
1334 1771 1374 1841 ιι).

1091 1861 1172 1914 Vnus.
1200 1862 1244 1914 te.
1273 1888 1308 1902 -
1334 1862 1563 1928 Duosqueaqnos,
1588 1863 1640 1914 eta.
1665 1859 1798 1914 ilandata
1825 1860 1904 1930 pacis

1055 1952 1085 2001 et
1098 1945 1304 2012 sanctimonie,
1325 1947 1420 2001 unde:
1449 1948 1544 2002 Pacem
1562 1948 1709 2016 sequimini
1735 1962 1796 2001 cum
1817 1949 1903 2001 amni-

1056 2035 1104 2090 tus
1119 2041 1144 2090 et
1158 2037 1375 2102 sanctimoniam,
1394 2041 1448 2089 etc.
1463 2035 1551 2105 (Hele.
1567 2035 1628 2106 ru).
1656 2034 1723 2089 llaee
1740 2035 1809 2106 quia
1822 2052 1904 2106 apos-

1055 2123 1156 2178 stolica
1172 2140 1302 2177 sermone
1316 2122 1391 2177 dicta
1408 2128 1484 2189 sunt,
1509 2123 1749 2194 praecipitauere
1773 2140 1839 2178 cunr
1853 2141 1902 2195 pe-

1056 2212 1140 2266 nibus
1154 2211 1357 2282 primitiarum,
1378 2212 1427 2283 qui
1440 2211 1598 2266 doctrinam
1614 2211 1716 2266 Christi
1728 2211 1902 2282 significant.

1056 2300 1136 2354 Unde
1151 2300 1182 2352 in
1197 2299 1382 2370 sequentibus
1398 2315 1404 2354 :
1421 2301 1539 2368 Cumque
1552 2301 1697 2354 elevaverit
1721 2315 1763 2355 eas
1776 2301 1902 2354 saendos

1057 2404 1116 2442 eune
1129 2387 1250 2457 panibus
1260 2390 1450 2456 primitiarum
1463 2387 1556 2458 (donn.
1571 2388 1607 2457 x).

1091 2477 1171 2529 Vens.
1202 2477 1246 2528 aa.
1275 2504 1308 2513 —
1328 2475 1470 2531 cedentia
1493 2491 1582 2537 usum,
1606 2481 1659 2529 etc.
1683 2476 1716 2529 ln
1738 2491 1822 2530 usum
1843 2478 1904 2547 eius

1057 2561 1220 2628 sacerdotis,
1237 2561 1331 2628 idest,
1346 2563 1458 2628 Christi,
1476 2563 1527 2633 qui
1541 2568 1583 2617 est
1606 2564 1735 2618 sacerdos
1758 2571 1856 2619 noster
1878 2570 1905 2619 et

1058 2650 1197 2705 [laminas
1211 2653 1330 2704 noster:
1349 2649 1439 2720 ipsias
1464 2657 1531 2705 sunt
1549 2667 1637 2721 panes
1656 2651 1852 2722 primitiarum
1877 2661 1905 2707 et

1057 2739 1125 2808 agni
1139 2737 1348 2804 mandatorem,
1364 2738 1425 2808 ipse
1439 2738 1469 2790 iu
1481 2739 1568 2792 Paulo
1579 2739 1759 2810 loquebatur,
1774 2739 1834 2810 ipse
1848 2757 1905 2794 om·

1058 2828 1105 2880 uia
1120 2843 1184 2898 quen
1202 2826 1277 2881 dicta
1291 2831 1358 2880 sunt
1372 2827 1494 2894 obtulit3
1509 2827 1620 2898 primus
1642 2844 1742 2899 pacem
1758 2828 1905 2899 discipulis

155 2913 195 2966 sia
221 2912 299 2966 enim
322 2909 417 2985 χίδρα,
446 2913 554 2979 chidra,
592 2913 641 2966 alii
668 2912 904 2984 interpretantur,
934 2914 1035 2987 quiae
1056 2914 1242 2981 annuntiavit,
1260 2919 1288 2968 et
1310 2915 1526 2970 sanctimoniam
1545 2917 1707 2982 custodivit,
1732 2917 1806 2971 sicut
1832 2919 1903 2972 Seu·

155 3001 259 3056 Christi
271 3006 414 3071 praecepta
432 3001 572 3056 actionem
597 3006 626 3055 et
648 3002 851 3056 correctionem
868 3007 1002 3073 querunt

142 3087 262 3162 'utana
280 3094 327 3159 ιι).

190 3179 267 3232 Vens.
291 3181 332 3231 ro.
359 3207 393 3216 —
419 3177 625 3245 Quinquaqinta
646 3177 714 3237 dies,
737 3181 763 3231 et
786 3180 904 3246 sia,etc.
934 3177 1001 3233 llaec

154 3265 214 3320 dies
239 3264 385 3318 [lominica
410 3270 464 3332 est,
486 3264 517 3317 in
545 3281 602 3335 qua
627 3266 791 3319 Pentecoste
819 3264 999 3318 festivitatem

155 3353 341 3419 celebramus,
354 3367 441 3422 quam
456 3352 546 3405 Judaei
558 3368 611 3405 nec
626 3352 781 3406 secundum
798 3352 933 3421 litteram,
950 3369 1001 3406 nec

38 3474 52 3490 .
155 3440 312 3495 secundum
328 3439 460 3510 spiritum
469 3440 623 3507 celebrant,
641 3441 690 3512 qui
704 3456 756 3494 nec
768 3439 828 3494 dies
843 3440 1000 3495 secundum

155 3528 248 3598 legem
261 3531 423 3581 numerant.

1056 3009 1116 3058 ctus
1132 3008 1304 3057 sanctarum.

1089 3093 1170 3145 Vens.
1186 3094 1230 3144 et.
1245 3121 1281 3130 -
1305 3089 1517 3147 celeberrimum.
1534 3092 1566 3146 ln
1589 3107 1647 3163 quo
1671 3093 1801 3163 gentium
1818 3110 1902 3148 roca·

1053 3179 1094 3233 tio
1118 3195 1175 3233 uon
1205 3179 1291 3233 mado
1311 3179 1447 3249 praedicta
1471 3186 1523 3245 est,
1548 3181 1596 3235 sed
1620 3180 1757 3251 impleta:
1785 3184 1901 3253 quaudo

1055 3267 1152 3320 Parthi
1176 3272 1205 3321 et
1231 3266 1306 3321 hledi
1322 3271 1350 3321 et
1366 3267 1503 3336 Elamitae,
1521 3273 1548 3323 et
1564 3272 1674 3322 ceterae
1688 3276 1790 3340 gentes
1805 3270 1904 3324 audie-

1054 3361 1121 3408 runt
1135 3356 1278 3425 apostolos
1292 3357 1443 3426 loquentes
1458 3355 1544 3409 variis
1558 3356 1664 3427 linguis
1679 3357 1825 3428 magnalia
1852 3358 1903 3412 Dei

1055 3442 1131 3512 (Aet.
1148 3445 1191 3514 ιι).

1090 3531 1169 3584 Vens.
1193 3531 1240 3584 22.
1262 3560 1296 3570 ·-
1321 3531 1480 3600 Postquam,
1505 3536 1557 3586 etc.
1583 3532 1687 3586 Eadem
1713 3536 1845 3604 superius
1864 3537 1906 3591 di-

191 3615 314 3684 Offeretis
331 3617 619 3685 reanumsaerificium,
642 3631 748 3670 naviam
764 3633 822 3670 non
836 3621 926 3683 vetus,
941 3632 1000 3671 non
1053 3617 1125 3672 risse
1147 3618 1267 3684 videtur,
1295 3618 1344 3672 sed
1373 3619 1440 3672 ibi:
1470 3622 1530 3675 Nan
1555 3622 1721 3690 complebitis
1745 3626 1901 3678 missionem

154 3705 299 3758 ancillare.
314 3703 471 3760 Adveniens
486 3703 628 3775 siqnidem
648 3703 770 3774 Spiritus
798 3708 888 3758 totam
908 3703 995 3758 vitam
1052 3710 1186 3771 uestrum;
1217 3703 1262 3758 hic
1285 3710 1381 3760 antem
1416 3709 1481 3760 ait:
1508 3709 1566 3764 iton
1600 3710 1703 3764 secabis
1731 3726 1791 3765 eum
1818 3728 1903 3781 usque

154 3793 308 3846 humanam
325 3784 481 3857 renovisit,
499 3792 568 3862 quia
583 3792 687 3848 Christi
705 3792 916 3849 institutionem
932 3811 999 3849 con·
1054 3793 1200 3859 adsutum,
1230 3800 1258 3847 et
1286 3794 1477 3849 differentiam
1499 3795 1674 3868 iuuuitipse
1695 3800 1817 3853 refutatio
1839 3817 1901 3855 ver·

155 3880 289 3950 firmavit,
312 3887 341 3935 et
363 3880 429 3935 vita
450 3882 698 3936 confirmationem
719 3882 750 3935 in
777 3881 832 3937 illis
856 3883 999 3952 perfecit:
1054 3881 1170 3936 borram.

154 3970 240 4034 unde,
261 3973 296 4025 lte
305 3985 361 4023 meo
376 3971 488 4038 accipiet
503 3974 527 4024 et
539 3971 715 4024 annuntiabit
733 3970 807 4025 uotis
822 3970 913 4040 (ioan.
930 3973 998 4042 ru).
1089 3970 1207 4038 Sepetem
1232 3976 1319 4038 terrie,
1342 3976 1395 4024 ete.
1424 3971 1663 4041 conversationis,
1689 3975 1770 4046 eujus
1797 3977 1901 4031 messio

153 4057 602 4125 Ideouaniualiadieadeenit,
626 4058 720 4112 sedin
750 4075 807 4130 qua
830 4059 999 4113 resurreetio
1053 4063 1116 4129 post
1145 4059 1381 4114 resurrectionem
1405 4060 1519 4127 Christi,
1544 4067 1572 4116 et
1597 4062 1752 4117 adventum
1778 4063 1902 4135 Spiritus

152 4145 216 4213 fait,
232 4151 260 4199 et
280 4146 392 4198 ablutus
418 4146 582 4215 manipulus
611 4146 808 4218 intelligibilis,
826 4153 857 4202 ut
871 4148 1001 4202 ostendat
1054 4147 1153 4214 sancti,
1169 4163 1227 4201 non
1240 4153 1337 4202 musea
1353 4165 1468 4203 omnem
1482 4150 1639 4219 scientiam,
1655 4168 1742 4223 quam
1755 4152 1785 4205 in
1800 4155 1898 4208 futuro

153 4235 220 4304 quia
251 4250 326 4287 narn
351 4235 528 4287 conversatio
552 4235 759 4288 resurrectione
773 4236 877 4290 Christi
899 4240 927 4291 et
949 4237 998 4290 ad-
1018 4210 1152 4289 1>serranus
1176 4236 1310 4304 habituri,
1340 4237 1427 4291 tradit
1445 4238 1563 4292 verbum
1578 4240 1800 4310 predicationis.
1830 4242 1902 4297 Sunt

155 4327 238 4376 venta
255 4320 376 4391 Spiritus
386 4321 474 4374 sancti
490 4322 616 4391 perlecta
624 4327 676 4375 est.
1053 4323 1131 4378 enim
1154 4340 1219 4394 quae
1234 4340 1310 4377 nuuc
1326 4340 1385 4377 nan
1402 4331 1524 4396 possunt
1547 4325 1628 4381 nobis
1649 4329 1770 4382 revelari
1790 4330 1900 4399 (diutili.

187 4412 268 4463 Vens.
288 4413 329 4463 lt.
346 4439 380 4448 -
397 4409 566 4464 habitaculis
583 4412 689 4475 vestris,
706 4415 758 4464 etc.
773 4410 845 4474 Quia
859 4416 901 4465 est
915 4411 997 4466 habi·
1052 4410 1259 4479 r111)‚nndeiu
1282 4412 1425 4480 praedictis
1440 4413 1640 4469 festivitatibus
1657 4414 1731 4470 hane
1746 4416 1841 4488 legem
1855 4417 1900 4471 in-

152 4499 277 4554 taculum
292 4496 478 4567 praecipuum,
495 4496 529 4550 de
545 4512 602 4567 quo
619 4497 744 4551 dicitur:
765 4500 842 4553 Beati
857 4502 905 4568 qui
924 4500 999 4554 habi·
1052 4500 1203 4569 terposuit.

153 4591 212 4639 tant
233 4587 261 4639 in
281 4585 357 4639 domo
380 4589 437 4646 tua,
460 4587 571 4638 Domine
598 4585 681 4653 (Psal.
711 4586 823 4657 aranu).
848 4589 882 4641 Et
902 4588 995 4643 alibi:
1087 4587 1256 4656 Pauperibus
1280 4593 1305 4642 et
1323 4591 1485 4657 pereqrinis.
1503 4589 1566 4644 Lxx
1592 4595 1731 4661 :pauperi
1756 4598 1782 4647 et
1802 4610 1899 4664 prose-

154 4674 240 4727 Unam
253 4674 322 4743 petii
343 4673 502 4741 aDomino,
518 4673 587 4727 hanc
614 4675 761 4742 requiram,
786 4681 816 4729 nt
839 4676 995 4743 inhabitem,
1052 4675 1117 4743 lpto,
1138 4674 1167 4729 id
1190 4681 1232 4729 est
1247 4676 1369 4752 Clu-isto,
1388 4677 1436 4747 qui
1461 4693 1517 4732 nan
1538 4678 1638 4732 habuit
1654 4679 1703 4733 ubi
1718 4686 1804 4751 caput
1819 4682 1899 4736 recli-

152 4767 204 4816 ctc.
220 4762 307 4832 (Psoi.
327 4763 413 4831 xxvi).
1051 4766 1143 4828 naret,
1166 4769 1194 4817 et
1216 4766 1373 4834 inproprie
1386 4768 1468 4834 uenit,
1483 4771 1508 4820 et
1521 4769 1565 4820 sui
1580 4783 1639 4821 eum
1654 4783 1706 4822 non
1732 4775 1898 4838 receperunt.

187 4852 272 4904 Panes
295 4851 494 4918 primitiarum.
516 4848 627 4903 Primus
648 4849 725 4904 enim
749 4851 887 4906 Dominus
907 4854 996 4907 Esau·
1051 4849 1103 4904 Hic
1118 4853 1192 4906 salos
1208 4851 1344 4924 intelligit
1359 4855 1410 4925 qui
1436 4860 1601 4922 remaneam
1624 4857 1701 4910 unde
1722 4857 1900 4913 :Ouitituda

152 4937 260 5006 getium
279 4954 344 4991 eum
364 4937 427 5008 lege
441 4937 559 5007 perfecit
574 4942 602 4991 et
613 4937 717 4992 docuit.
733 4939 861 4995 Audistis
878 4941 996 5010 quiadi·
1050 4943 1189 5008 supientia
1221 4947 1246 4995 et
1272 4944 1390 4996 scientiae
1415 4945 1464 4996 liei
1496 4959 1578 5012 quam
1614 4946 1899 5014 ieteomprehensitilia

151 5029 224 5078 ctum
241 5031 280 5079 est
303 5028 448 5095 antiquis:
464 5028 524 5083 Non
547 5026 648 5081 occides
666 5042 672 5080 :
688 5028 744 5096 Epo
763 5033 853 5082 autem
875 5029 934 5084 dico
950 5045 996 5083 uo·
1050 5034 1113 5082 sum
1123 5029 1233 5096 judicia
1245 5031 1313 5099 ejus,
1329 5036 1354 5084 et
1369 5032 1567 5100 irruestiqabites
1581 5035 1632 5087 uie
1649 5032 1722 5102 ejus!
1740 5035 1827 5103 (hom.
1851 5034 1900 5102 ιι.)

152 5111 211 5165 bis:
229 5112 321 5167 Omnis
345 5115 394 5182 qui
413 5117 543 5169 irascitur
557 5113 646 5182 (ratri
661 5103 798 5184 sun,'reus
822 5119 875 5171 erit
890 5117 996 5185 jndicio
1086 5118 1168 5171 Vsus.
1184 5120 1227 5171 ti.
1243 5148 1278 5158 -
1306 5121 1394 5174 dieasse
1416 5123 1527 5190 septimo
1544 5125 1635 5191 primu
1654 5123 1698 5177 die
1720 5127 1830 5179 meresis.
1851 5125 1898 5178 Se·

151 5201 259 5267 (haten.
277 5202 328 5268 vl:
350 5202 417 5255 hinc
445 5204 521 5257 enim
552 5203 646 5274 legem
670 5204 818 5276 conjunxit
834 5205 993 5276 Evangelio.
1049 5207 1196 5276 ptenarius
1216 5209 1492 5263 consummationem
1515 5212 1557 5265 rel
1577 5212 1728 5282 specialem
1749 5214 1793 5267 rel
1815 5229 1900 5283 gene—

151 5287 221 5340 llinc
249 5289 337 5341 Lucas
357 5289 418 5343 ait:
443 5291 505 5356 Quae
532 5292 707 5362 eapitJesus
735 5295 826 5361 faeere
845 5298 871 5348 et
891 5293 994 5360 docere,
1049 5295 1139 5349 ratem
1164 5295 1315 5366 significat.
1348 5297 1418 5352 ilina
1447 5299 1520 5354 Deus
1544 5300 1589 5354 die
1613 5300 1737 5371 septima
1756 5302 1901 5373 requierit

151 5376 202 5424 etc.
220 5373 290 5442 (Act.
307 5373 339 5443 ι).
1048 5384 1128 5456 (Gen.
1148 5384 1192 5454 11);
1215 5390 1243 5439 et
1257 5402 1308 5439 sua
1329 5387 1427 5457 requie
1439 5393 1567 5442 nostram
1582 5389 1770 5461 significarim
1795 5391 1895 5444 trude:

187 5461 227 5516 De
248 5462 354 5519 duabus
368 5463 487 5530 decimis,
504 5472 557 5522 etc.
585 5471 623 5523 lle
644 5469 772 5525 doctrina
787 5469 903 5535 scilieet,
928 5487 993 5541 quae
1049 5473 1104 5538 Qui
1115 5477 1254 5538 irtqressus
1268 5480 1306 5528 est
1322 5477 1350 5529 in
1367 5477 1442 5530 itiam
1456 5480 1587 5547 requiem,
1601 5480 1734 5548 requievit
1749 5479 1783 5532 ab
1798 5481 1895 5548 aperi·
