3892 6106
102 232 170 288 1083
424 227 621 285 wesselum
641 226 767 285 statut
787 227 887 286 autu.
907 226 988 286 1011.
1007 226 1086 286 ΟΡΡ.
1107 229 1195 287 PARS
1212 229 1235 286 l.
1255 250 1290 269 ⁴-
1308 228 1538 288 tueowclct.
1791 234 1853 288 lost

91 368 153 409 rere
166 354 323 424 requiescet,
339 357 392 409 etc.
410 355 505 409 Potest
523 353 553 408 in
567 354 629 410 brec
642 352 702 408 rita
715 351 852 423 intelligi,
868 356 896 409 et
910 351 979 408 ina
1034 354 1115 408 Vens.
1138 356 1182 409 tt.
1211 383 1246 394 —
1268 354 1322 421 Qui
1338 355 1420 409 enim.
1446 352 1496 410 liic
1518 352 1604 410 rectis
1626 352 1727 426 jungit
1742 353 1853 428 simpli·

92 440 199 509 futura,
216 446 281 511 etc,
296 441 431 513 usquead
444 442 662 497 resurrectionis
686 442 822 514 quiescet.
999 457 1053 504 ees,
1089 445 1155 508 etc,
1190 458 1275 512 usque
1306 443 1344 497 ad
1374 458 1440 514 qua
1477 457 1543 498 eum
1577 441 1692 498 Christo
1718 441 1752 498 in
1778 444 1854 500 coelis

998 544 1028 584 re
1051 532 1099 582 nat
1144 545 1193 584 err
1213 528 1304 584 niun.

466 585 579 642 CAPUT
593 588 631 644 Π·
1030 544 1172 674 {lengi
1188 544 1223 659 ἶ-
1238 534 1329 689 Ιηιχξίἰ.
1346 620 1385 674 lle
1400 617 1457 673 illis
1473 617 1579 675 dicitur
1593 619 1772 691 specialiter,
1788 627 1850 688 ete,

126 711 206 764 Vens.
225 708 427 765 l.-Filimi.
446 711 507 766 lluo
525 710 674 778 hicnotai,
690 711 939 783 sapientiamesse
996 708 1182 778 usquttdde
1206 706 1264 762 5110
1286 708 1441 778 bonorum,
1470 710 1519 776 qui
1544 714 1694 764 asumma
1720 709 1850 778 audierit,

92 799 126 854 de
141 797 310 866 celestibus,
325 799 511 869 prudentiam
525 799 560 856 de
576 799 768 856 secularibus.
996 798 1097 868 absque
1112 802 1212 852 terrore
1226 799 1353 867 quiescet.

125 886 282 942 Abscondit
307 887 444 942 mandata
458 889 511 943 Dei
538 904 628 961 penes
654 905 694 956 se,
716 894 782 956 etc,
807 905 892 961 utque
906 893 944 948 ad
1333 938 1446 995 CAPUT
1463 938 1500 995 m

94 976 174 1044 quasi
190 989 288 1029 semen
312 991 393 1029 secus
417 975 493 1029 riam
518 976 657 1045 iactatum
683 977 813 1031 volucres
829 976 941 1031 tollant.
1504 979 1510 993 '

125 1064 205 1117 Vens.
220 1067 247 1118 1.
260 1094 296 1104 -
308 1064 416 1118 Audiat
427 1067 601 1134 sapientiam.
613 1064 699 1121 Audit
711 1081 771 1120 non
781 1081 861 1131 aure,
873 1068 941 1133 ete,
1029 1066 1084 1122 Fili
1098 1066 1145 1131 mi,
1160 1080 1202 1120 ne.
1217 1066 1304 1120 lloeet
1323 1063 1527 1119 misericordiae
1547 1064 1684 1136 operibus
1711 1064 1848 1120 insisten-

90 1167 176 1221 usqae
190 1152 294 1207 adhoc
309 1158 351 1208 est
365 1153 443 1217 enim
455 1153 531 1224 quod
547 1152 692 1224 sequitur:
996 1153 1075 1215 dum.
1091 1159 1157 1223 etc,
1171 1168 1256 1223 usque
1281 1153 1319 1208 ad
1332 1157 1415 1208 ornat
1428 1153 1539 1208 actibus
1564 1153 1659 1224 bonis,
1686 1170 1779 1226 quem
1803 1153 1848 1210 in·

125 1242 232 1296 lezelina
254 1257 308 1297 eor.
333 1242 452 1308 leelina,
479 1241 611 1310 humilia,
633 1242 752 1310 munda,
768 1246 834 1313 ete,
857 1257 943 1312 usque
995 1243 1090 1298 struit.

90 1328 128 1383 ad
144 1335 173 1385 et
187 1329 319 1384 revelasti
331 1346 365 1384 ea
377 1330 545 1386 humilibus.
1031 1332 1115 1386 Vens.
1133 1333 1160 1386 2.
1177 1363 1210 1373 —
1225 1332 1332 1400 Pacem,
1347 1330 1435 1392 idest,
1449 1334 1554 1386 etatum
1571 1330 1775 1401 beatitudinis,
1784 1334 1849 1401 stc„

125 1421 156 1477 Si
168 1421 239 1476 enim
263 1421 427 1488 sapientium
447 1421 623 1475 invocaveris.
651 1421 795 1488 lnroeare,
813 1424 880 1487 ete,
899 1434 943 1474 us-
995 1420 1127 1491 usquead
1146 1420 1233 1492 longo
1248 1426 1378 1491 tempore
1390 1419 1510 1491 inpacis
1525 1420 1622 1491 quiete
1644 1420 1768 1474 viveret.

91 1509 193 1578 quecui
206 1524 258 1562 noe
272 1508 396 1563 liberum
411 1508 495 1563 elehel
510 1509 606 1562 abesse
633 1508 797 1563 arbitrium.
1031 1508 1111 1564 Vens.
1141 1511 1167 1566 3.
1193 1537 1230 1551 -
1254 1509 1442 1565 Misericordia
1465 1512 1492 1563 et
1516 1511 1629 1564 ceritas.
1652 1509 1699 1564 Ab
1727 1523 1780 1564 ore
1800 1511 1849 1563 tuo

126 1599 206 1653 Vens.
221 1599 247 1653 4.
264 1600 432 1653 -Etsicut
459 1599 609 1653 thesauros.
630 1596 685 1663 Qui
712 1597 861 1653 thesauros
874 1596 941 1652 elio·
957 1635 977 1690 Β
995 1613 1143 1670 nunquam
1155 1597 1230 1652 absit
1242 1596 1347 1652 ueritas
1377 1597 1506 1664 dicenda,
1535 1613 1685 1668 nunquam
1714 1598 1850 1668 ahopere

90 1684 142 1752 dii,
159 1691 226 1753 etc,
240 1701 326 1756 nsque
339 1686 377 1740 ad
389 1701 442 1740 nee
458 1686 595 1757 quiescat,
623 1686 716 1741 donee
729 1686 865 1742 inveniet.
996 1686 1128 1757 proximo
1154 1685 1353 1741 misericordia
1370 1684 1587 1756 impendenda:
1603 1685 1644 1740 sie
1661 1685 1741 1740 enim
1755 1686 1798 1752 iit,
1818 1688 1849 1740 nt

126 1774 208 1829 Vnus.
241 1776 266 1828 ii.
296 1802 330 1814 -
357 1775 430 1828 Tunc
455 1775 598 1841 inteltiqes.
627 1774 772 1829 Timorem
799 1774 939 1830 amicabi-
993 1780 1022 1831 et
1043 1783 1071 1830 te
1095 1774 1146 1831 bei
1171 1790 1286 1847 semper
1323 1783 1513 1846 prosequetur
1546 1774 1759 1841 misericordia,
1783 1789 1848 1846 qna

90 1862 158 1928 lem,
175 1866 240 1930 ete,
257 1877 342 1932 usque
357 1862 395 1916 ad
409 1861 458 1917 sed
474 1862 559 1916 etiam
577 1862 725 1917 scientiam
749 1863 843 1933 ipsine
866 1862 939 1918 diri·
993 1863 1087 1920 deleat
1100 1868 1228 1935 peecata3
1245 1863 1351 1918 veritas
1366 1879 1445 1928 reru,
1461 1878 1526 1934 quae
1539 1862 1846 1935 compleatpromissa.

91 1949 190 2005 nitatis
203 1950 279 2022 (quae
294 1956 432 2022 perpetuo
446 1950 561 2006 beatum
585 1951 662 2019 iecit)
676 1950 814 2006 invenies.
1024 1953 1169 2011 circumda
1192 1967 1237 2008 eas
1254 1955 1360 2022 qatturi
1393 1956 1448 2008 tuo.
1478 1952 1510 2006 ln
1547 1957 1664 2023 guttura
1704 1967 1847 2024 organum

127 2040 212 2094 Vana.
228 2042 252 2094 6.
270 2069 305 2081 -
325 2042 396 2107 Quin
418 2040 551 2095 Dominus
562 2041 620 2095 dut.
636 2039 762 2111 Respicit
787 2039 834 2095 bic
854 2039 941 2095 uersi·
994 2043 1081 2109 rucis,
1093 2046 1159 2110 etc,
1172 2055 1257 2111 usqae
1271 2041 1308 2095 ad
1323 2055 1375 2095 nee
1388 2039 1448 2095 roei
1463 2039 1520 2094 vita
1534 2025 1723 2095 contradicat

92 2127 173 2182 culus
187 2127 222 2182 ab
251 2128 305 2182 boc
319 2128 396 2199 quod
423 2144 509 2200 supra
538 2127 670 2183 dixerat:
701 2130 940 2198 Sienimsapien-
1027 2130 1106 2184 Vens.
1131 2129 1157 2184 4.
1181 2159 1216 2168 -
1247 2131 1283 2184 lit
1314 2129 1432 2183 inuenies
1459 2131 1589 2196 qratiam.
1615 2129 1721 2184 Coram
1751 2129 1846 2184 Domi·

94 2219 411 2286 tieminuooauerie,etc.
995 2235 1044 2286 no,
1061 2224 1126 2286 ete,
1154 2217 1295 2287 usquead
1321 2221 1351 2272 ei
1373 2216 1512 2289 proximis
1537 2217 1705 2288 exemplum
1733 2217 1847 2273 vivendi

85 2297 88 2301 ’
127 2305 325 2378 ldeonamque
340 2305 564 2378 sapientia,eie„
581 2308 709 2378 usquead
724 2307 802 2363 seda
818 2307 939 2363 Domino
994 2308 1129 2380 prebeat.

92 2393 186 2448 datur.
1036 2398 1117 2450 Vens.
1139 2398 1164 2449 5.
1181 2393 1306 2450 -Habe
1326 2393 1504 2464 fiduciamin
1527 2395 1649 2448 Domim.
1681 2393 1723 2448 lle
1739 2399 1846 2448 metuas

131 2485 233 2538 Eeore.
252 2485 367 2539 AEterna
385 2483 741 2556 filiinatiritate,dequa
768 2483 862 2539 alibi:
883 2487 941 2552 Eoo
995 2485 1032 2539 ob
1077 2484 1302 2539 imbecillitatem
1340 2487 1432 2550 tuam,
1457 2487 1523 2548 etc,
1551 2497 1636 2552 usque
1663 2481 1704 2537 ad
1726 2482 1844 2554 etquod

92 2588 127 2626 ee
139 2587 183 2627 are
209 2573 351 2631 ditissimi
367 2573 472 2643 prodii,
486 2576 673 2644 promuqenita
683 2577 745 2628 ente
757 2589 941 2628 omnemorea-
991 2573 1088 2645 jussit,
1105 2578 1136 2627 ut
1149 2572 1270 2643 implere
1286 2572 1389 2636 valeas,
1407 2571 1535 2626 donabit.

93 2665 184 2715 turam
199 2660 277 2722 (lsai.
294 2663 380 2728 rvris).
397 2661 617 2730 Vel‚osllomini
631 2660 662 2716 in
674 2661 787 2729 sanctis,
802 2661 894 2716 unde:
906 2662 940 2718 Os
1030 2664 1071 2720 lle
1081 2664 1121 2717 sis
1135 2663 1258 2731 repens.
1290 2660 1409 2715 Videtur
1432 2659 1508 2715 idem
1533 2659 1648 2727 dixisse,
1681 2666 1751 2728 etc„
1767 2675 1845 2730 usqae

93 2752 202 2804 Domini
212 2751 329 2805 neutum
343 2755 391 2806 est.
410 2752 442 2805 Et
455 2767 490 2805 ex
511 2767 560 2805 ore
588 2751 650 2821 eius
679 2750 797 2805 scientie
816 2751 942 2805 nescitur
996 2751 1033 2807 od
1048 2767 1112 2822 quae
1127 2750 1347 2804 sitautemrera
1362 2747 1688 2819 homiuissepieniiasic
1705 2749 1842 2804 ostendit:

93 2838 376 2909 etprudentia,dum
391 2840 526 2895 llominus
541 2855 571 2893 oe
587 2841 747 2895 humanum
771 2839 939 2904 sanctificat,
1028 2841 1109 2895 Vane.
1135 2844 1161 2894 7.
1183 2869 1217 2879 -
1247 2841 1321 2892 Time
1348 2840 1430 2893 Deum
1450 2842 1476 2892 et
1504 2836 1597 2893 recede
1619 2853 1637 2891 a
1658 2838 1845 2903 matronale

94 2932 120 2983 et
136 2943 221 2982 suum
233 2928 311 2993 facit,
327 2933 358 2983 ut
371 2928 492 2984 scienter
506 2934 535 2984 et
555 2928 713 3001 prudenter
729 2929 870 3000 loquetur.
958 2913 978 2969 C
997 2934 1041 2982 est
1050 2928 1122 2982 illud
1138 2927 1168 2982 in
1183 2926 1246 2996 lob,
1261 2929 1327 2996 eie,
1342 2940 1407 2995 sque
1431 2925 1469 2981 ad
1487 2925 1576 2980 divini
1604 2925 1721 2981 timoris
1741 2941 1846 2981 memo·

131 3017 209 3072 Vens.
225 3020 252 3070 7.
268 3016 463 3075 -Castodiet
491 3016 576 3073 Utin
605 3031 779 3088 quacunque
803 3016 942 3071 virtutum
996 3016 1170 3070 riacoereet.

94 3105 185 3176 gradu
199 3109 291 3160 rectos
302 3104 385 3176 juvet
398 3110 428 3160 et
442 3104 595 3176 simplices.
615 3104 667 3160 lob
680 3106 797 3176 simplem
819 3110 943 3161 etractus
1032 3105 1112 3158 Vens.
1129 3107 1200 3159 8.-
1221 3103 1333 3160 Sarritor
1354 3102 1456 3173 quippe
1482 3103 1543 3158 erit.
1564 3102 1596 3157 ln
1619 3101 1735 3158 ossibus
1757 3102 1847 3158 solida

94 3193 163 3261 (tot.
180 3195 217 3263 1l;
232 3195 359 3264 simplae,
374 3209 427 3265 per
437 3193 633 3248 innocentiam
662 3193 901 3261 mansuetudinis,
916 3199 942 3249 et
996 3191 1134 3248 virtutum
1149 3208 1248 3264 opera,
1264 3196 1331 3260 etc,
1355 3206 1440 3261 usqne
1466 3191 1594 3247 adunde
1622 3191 1750 3262 amplius
1765 3191 1846 3247 robo-

93 3284 190 3342 rectus,
212 3295 264 3350 per
292 3280 433 3334 cautelam
456 3278 652 3334 discretionis:
668 3280 795 3349 simplex,
827 3281 942 3335 nullum
996 3286 1106 3350 rentur,
1119 3281 1268 3352 accipient.

95 3366 213 3433 laedens,
228 3367 288 3422 imo
311 3367 420 3422 cunctis
446 3367 609 3439 proficiens,
635 3374 733 3437 rectus,
751 3384 768 3423 a
783 3369 862 3423 nullu
878 3385 941 3424 eur·
1028 3370 1110 3426 Vens.
1140 3373 1167 3426 9.
1192 3401 1226 3411 -
1249 3371 1359 3426 Honora
1394 3368 1584 3425 mminumde
1605 3372 1654 3422 tua
1680 3368 1844 3424 substantio.

95 3460 207 3526 ruptus.
997 3468 1032 3523 Ut
1047 3462 1153 3517 seilicet
1164 3459 1305 3526 homines,
1321 3457 1372 3530 qui
1389 3458 1450 3528 ejus
1465 3457 1561 3529 palma
1575 3460 1653 3524 suni,
1670 3456 1723 3530 qni
1739 3457 1775 3513 ad
1789 3457 1848 3530 ejas

131 3544 213 3598 Vens.
236 3545 278 3598 12.
306 3543 384 3599 -A
407 3546 455 3599 uia
474 3544 557 3598 male.
578 3544 621 3599 td
651 3559 738 3616 quam
761 3549 875 3612 vocant,
891 3545 942 3617 qni
994 3548 1232 3627 imaginemieeti
1249 3550 1502 3602 suntreereentur.
1778 3524 1785 3542 .

96 3631 216 3688 dieunt:
236 3634 304 3689 Veni
317 3632 464 3699 nobiscum,
480 3632 640 3688 insidiemur
661 3635 799 3700 carecini,
812 3648 943 3703 pannea
1025 3642 1061 3695 m
1070 3638 1103 3692 de
1110 3638 1244 3706 primitiis
1272 3637 1409 3690 ommium.
1426 3635 1488 3691 Non
1506 3634 1600 3689 solum
1625 3633 1662 3689 de
1686 3634 1848 3691 substantia

96 3720 225 3790 loquitur,
242 3721 345 3793 quiesi
359 3725 457 3777 auctor
472 3722 557 3793 hujus
571 3721 774 3793 persuasionis.
995 3725 1136 3798 pecunia,
1153 3729 1217 3792 eto,
1230 3739 1315 3792 usquc
1332 3722 1371 3778 ad
1385 3738 1444 3777 non
1460 3722 1526 3787 sibi,
1542 3722 1591 3777 sed
1607 3721 1634 3776 ei
1662 3720 1777 3777 tribuit.

133 3808 212 3863 Vens.
248 3812 289 3866 13.
314 3839 350 3853 -
373 3811 426 3878 Qui
446 3812 604 3881 relinquunt
631 3812 693 3867 iter.
718 3810 849 3879 Pulchre,
874 3815 939 3882 ete,
1025 3817 1105 3869 Vens.
1137 3815 1180 3870 l0.
1209 3842 1240 3854 -
1276 3812 1462 3882 implebuntur
1492 3812 1590 3866 horrea
1609 3815 1659 3866 trra
1685 3814 1846 3867 saturitate.

95 3912 180 3968 usquo
193 3897 231 3953 ad
242 3898 308 3953 linis
322 3899 383 3971 ejus
396 3899 426 3954 in
440 3898 566 3954 tenebris
580 3898 779 3954 exterioribus.
997 3905 1190 3960 Thesaurizcte
1206 3900 1282 3956 uotis
1304 3901 1443 3955 thesauros
1466 3901 1496 3954 in
1523 3900 1595 3955 cato.
1618 3900 1649 3956 Si
1675 3901 1772 3956 sancti
1790 3901 1849 3956 the·

132 3988 264 4043 inusti.
280 3989 382 4055 -Qui
400 3989 537 4044 latentur.
553 3987 688 4058 Quiaper
702 3986 760 4042 rias
776 3988 941 4044 tenebrosas
994 4008 1094 4047 sauros
1109 3990 1216 4046 babent
1227 3989 1258 4044 in
1275 3989 1359 4056 coelo,
1375 3993 1440 4058 ete,
1457 4003 1541 4059 usque
1562 3988 1600 4044 ad
1627 3988 1740 4044 eoelesti
1754 4005 1847 4045 mmu-

96 4075 253 4141 ambulent,
269 4080 334 4143 etc.,
350 4092 434 4146 usque
454 4076 491 4131 ed
504 4075 676 4147 noxiamque
689 4076 819 4132 laetitiam
834 4077 942 4133 salubri
995 4080 1155 4145 neratione,
1170 4079 1309 4134 redditur.

96 4163 163 4220 fletu
175 4164 351 4236 castigarent.
956 4190 977 4244 ῃ
1043 4171 1202 4225 Torcularia
1232 4166 1434 4222 redundabunt.
1473 4165 1546 4231 Quia
1576 4164 1690 4221 interna
1723 4167 1847 4222 suavitas

132 4252 213 4307 Vens.
232 4255 273 4308 16.
294 4282 324 4294 -
347 4255 381 4309 Ut
395 4256 532 4309 anarisa
559 4253 680 4308 muliere.
698 4253 807 4309 Pendet
816 4253 864 4309 hic
878 4271 941 4311 ver·
995 4263 1168 4315 aeternornm
1197 4257 1283 4312 eorda
1306 4261 1474 4312 cunctorum
1496 4253 1624 4310 fidelium
1650 4254 1680 4309 in
1703 4255 1847 4312 laudesui

96 4357 154 4408 sus,
174 4346 240 4408 etc,
256 4356 340 4412 usqae
353 4341 391 4397 ad
407 4346 452 4396 :et
465 4344 520 4411 ipsi
529 4345 593 4396 sunt
603 4341 709 4410 remla.
997 4345 1153 4402 conditoris
1168 4345 1303 4401 escendit.
1321 4345 1368 4400 llic
1391 4343 1498 4400 etenim
1518 4343 1605 4398 dreit:
1623 4345 1658 4400 tlt
1671 4343 1780 4408 edeta,
1795 4350 1846 4400 ete.

125 4431 215 4487 Vens.
229 4433 368 4488 tn-Et
388 4431 519 4500 relinquit
532 4431 635 4486 decem.
655 4430 738 4485 Petet
753 4433 782 4485 et
796 4429 831 4486 de
847 4433 943 4486 mente
1030 4437 1110 4490 Vens.
1135 4438 1177 4490 11.
1202 4464 1237 4476 -
1256 4433 1445 4504 Disciplinam.
1474 4433 1545 4489 Sunt
1570 4431 1621 4503 qui
1649 4431 1680 4486 in
1701 4433 1848 4506 prosperis

96 4519 241 4587 heretice,
257 4523 323 4587 eto,
346 4535 432 4589 usque
450 4518 488 4574 ad
515 4534 602 4591 quem
628 4534 658 4573 se
678 4517 725 4574 die
745 4517 883 4591 baptismi
897 4532 944 4573 ser
998 4525 1125 4578 serviunt
1138 4522 1273 4590 Domino,
1301 4527 1367 4589 etc,
1382 4536 1467 4592 nsque
1480 4521 1518 4576 ad
1536 4520 1685 4592 pietatem,
1706 4537 1798 4594 quam
1820 4521 1848 4576 in

96 4612 226 4663 naturam
241 4607 419 4680 promiserat.
998 4611 1206 4682 tranquillitate
1218 4610 1368 4666 videbatur
1380 4610 1497 4674 babere,
1512 4608 1635 4664 amittat.

132 4699 214 4753 Vens.
232 4699 321 4753 ts-
335 4699 413 4753 Paeti
440 4696 566 4766 Deteret,
590 4699 645 4752 ete.
674 4695 755 4762 Quod
785 4710 851 4751 eum
882 4693 943 4750 viro
1033 4703 1113 4756 Vnus.
1155 4703 1196 4756 12.
1219 4701 1346 4767 -Quem
1366 4699 1540 4768 enimdiliqit
1558 4700 1692 4755 Dominus
1726 4701 1847 4770 corripit.

96 4802 148 4842 suo
161 4790 292 4857 tempore
306 4786 474 4858 nuptiarum
490 4785 611 4858 pepigit,
631 4784 753 4840 llomino
768 4787 851 4850 teste,
867 4782 944 4855 qnod
997 4789 1086 4846 Tanto
1096 4804 1164 4860 ergo
1181 4787 1287 4850 minus,
1298 4792 1366 4855 ete,
1380 4802 1465 4859 usque
1480 4786 1526 4853 ⁴,ad
1551 4787 1629 4842 unde
1643 4785 1708 4859 ipse
1721 4787 1848 4855 ait:qu

96 4875 193 4942 fldem,
210 4875 317 4931 scilieet
340 4874 476 4930 metitaiie
501 4874 556 4930 sibi
577 4873 700 4930 invicem
728 4877 884 4943 servarent,
899 4873 945 4928 rel
998 4893 1065 4949 quos
1077 4893 1147 4946 cmo,
1163 4892 1248 4947 erqno
1266 4879 1412 4945 etcastiqo.

94 4963 295 5035 inbaplismo.
944 4992 952 5005 ι
1039 4968 1120 5022 Vens.
1138 4967 1181 5022 13.
1197 4994 1233 5008 -
1257 4965 1361 5020 Beatus
1395 4966 1483 5032 horno,
1507 4967 1563 5020 ele.
1587 4959 1848 5035 Oniapositossnb

127 5053 265 5109 inclinata
283 5055 322 5108 est
336 5054 417 5108 enim.
438 5051 539 5108 Omnis
565 5050 740 5108 conversatio
757 5049 895 5106 adultera
909 5047 945 5104 ad
1000 5055 1159 5128 disciplina,
1180 5058 1245 5122 etc,
1277 5068 1362 5124 usque
1381 5053 1420 5110 ad
1442 5057 1471 5108 et
1491 5052 1523 5108 in
1542 5051 1641 5108 lutura
1663 5052 1729 5124 ejus
1743 5051 1849 5108 risione

96 5139 345 5208 interitnmdueit,
368 5145 432 5206 etc..
446 5156 531 5212 nsque
553 5140 636 5197 adid
668 5144 720 5207 est,
747 5139 783 5194 ed
810 5137 944 5211 spiritum
1000 5144 1119 5217 perfrui.

95 5230 189 5286 tendit
197 5234 341 5286 tormenta
356 5229 562 5303 malignorum.
1030 5236 1126 5304 Elqui
1138 5234 1232 5303 attuit
1254 5231 1414 5303 prudentia.
1443 5230 1532 5302 Bene,
1551 5245 1618 5286 cum
1637 5229 1759 5296 diceret,
1785 5235 1848 5294 ete,

134 5319 214 5374 Vaas-
236 5322 278 5374 ¹9·
294 5348 329 5389 .-
342 5319 390 5375 Λᾶ
417 5334 477 5376 eam
487 5335 543 5375 non
558 5321 734 5376 rwerttnittr·
755 5319 869 5374 Mortem
892 5315 945 5371 5ῦί-
1000 5339 1084 5395 usque
1096 5322 1134 5378 ad
1146 5322 1234 5378 corde
1253 5337 1305 5376 sua
1327 5321 1364 5375 ad
1391 5318 1606 5392 percipiendam
1635 5319 1701 5392 ejus
1716 5319 1847 5392 amplitu-

98 5414 173 5483 licet,
189 5431 248 5470 non
258 5416 419 5484 mulierem,
435 5422 501 5484 etc„
516 5431 600 5487 usque
614 5416 652 5472 ad
664 5432 723 5472 uon
734 5414 790 5471 sihi
799 5413 944 5481 attribuat,
1000 5414 1097 5469 dinem
1111 5413 1215 5467 laxare.

98 5502 148 5560 sed
162 5503 264 5576 qratia
280 5504 341 5560 Ilei.
1039 5502 1119 5556 vans.
1135 5500 1177 5558 14.
1191 5501 1333 5557 -dletior
1344 5502 1394 5555 est.
1411 5499 1474 5555 Nun
1495 5500 1607 5553 metuat
1624 5496 1661 5553 de
1674 5495 1848 5555 comeationa
