3892 6106
90 266 141 318 ert
375 280 378 284 ·
465 261 667 317 thth'lllDl
688 259 811 315 srahel
830 260 850 315 F
854 257 933 315 utu.
955 259 1034 315 lton.
1056 261 1143 316 PARS
1163 260 1184 314 l.
1257 256 1492 316 ruuoaoulca
1795 258 1843 311 dit

92 383 385 441 ubiGhristusestad
411 382 556 437 dexteram
580 381 755 436 Deisedeas.
787 381 850 436 Non
866 380 943 436 enirn
960 384 982 438 Α
1001 380 1114 436 Christi.
1146 382 1246 437 Unde:
1272 382 1357 450 Cupio
1384 379 1498 435 dirutae·
1523 383 1550 434 et
1575 391 1634 434 erae
1656 392 1720 433 mm
1746 377 1845 434 Gltriato

92 474 123 528 in
136 474 190 527 lroc
203 472 286 527 altari
308 469 424 542 sanguis
449 469 608 524 hostiarum
633 468 682 524 sed
709 468 867 540 thymiama
880 473 944 523 tan·
997 470 1077 539 (Phil.
1096 471 1129 536 ι).

93 569 154 617 tum
175 560 350 626 incenditur,
380 557 448 629 quia
471 558 543 613 tales
569 557 623 612 riri
647 574 704 612 non
729 557 837 613 lrabeat
855 572 944 629 opera
1034 559 1114 613 Vens.
1134 561 1175 614 tu.
1201 589 1236 599 -
1255 560 1354 614 Vestali
1373 556 1502 626 byssinis.
1522 557 1576 612 Per
1604 555 1695 611 stolas
1725 553 1847 626 byssinas

94 651 187 706 carnis
201 654 230 704 at
241 647 390 719 sanguinis
404 662 469 718 quae
485 650 609 702 mactent
625 647 747 702 Domino
761 646 791 700 ia
806 662 856 702 ara
879 663 944 701 eor·
997 647 1116 702 candida
1133 647 1284 702 munditiae
1298 646 1455 718 corporalis
1470 644 1584 701 castitas
1594 644 1784 716 designatur:
1800 644 1848 700 hac

94 739 147 805 dis,
164 738 212 793 sed
230 738 419 808 lacrymarum
432 739 461 789 et
481 735 644 789 orationum
673 739 738 789 vota
752 749 805 805 pro
832 733 942 789 deside·
998 735 1160 791 induuntur
1173 752 1274 791 omnes
1288 735 1339 808 qui
1360 735 1411 790 Dei
1424 735 1519 791 officio
1534 734 1689 804 assistunt,
1714 737 1744 790 et
1757 733 1847 789 laudas

95 826 226 897 rioregni
241 823 360 881 coelestis
372 822 505 879 ollerunt.
998 826 1024 879 oi
1044 842 1105 893 ore,
1122 825 1261 893 moribus,
1281 830 1311 881 et
1323 830 1389 880 acta
1415 829 1597 896 concrepant.
1623 823 1846 895 Cymbalaeaim

129 916 210 968 Vane.
224 915 268 969 tt.
294 914 374 967 -Et
394 914 524 981 forcipes,
539 916 592 966 etc.
619 911 752 983 Forcipes
773 910 805 965 in
825 926 878 965 usu
901 909 944 965 al·
998 913 1056 969 oris
1075 913 1294 980 confessionem,
1322 913 1460 985 psalteria
1486 913 1706 982 mortalitatem,
1734 912 1846 967 cithare

93 1003 163 1058 tacis
178 1000 245 1056 lacti
260 1005 327 1055 sunt
341 1000 423 1056 anei.
436 999 491 1056 Sed
502 999 567 1056 ethi
582 1001 688 1072 qulbus
711 1000 945 1055 emundabantur
998 1003 1092 1058 carnis
1118 1003 1377 1069 mortificationem,
1399 1006 1429 1057 el
1445 1000 1531 1056 boare
1557 999 1680 1056 actionis
1702 998 1848 1055 strenuita-

94 1093 230 1158 lucernoe,
245 1088 511 1161 interpretationem
521 1089 680 1160 spiritualis
693 1105 793 1143 sensus
818 1104 871 1160 per
892 1088 944 1144 do·
998 1095 1067 1159 tem,
1085 1091 1186 1162 viginti
1214 1094 1337 1162 quatuor
1359 1088 1485 1158 chordis,
1513 1089 1544 1144 id
1567 1094 1612 1144 est
1636 1086 1849 1161 propheticisel

95 1186 205 1235 ctorum
220 1179 314 1234 cilicia
328 1177 502 1250 significant.
523 1178 580 1249 lpsi
608 1177 686 1233 enim
699 1177 785 1233 verba
799 1177 871 1232 sacri
886 1178 946 1232 elo·
999 1180 1162 1251 apostolicis
1176 1177 1312 1234 doctrinis
1323 1176 1469 1233 iustruclae
1483 1177 1661 1249 significant.

94 1269 156 1342 quii
171 1271 206 1325 ah
222 1269 342 1323 historia
355 1268 386 1323 in
407 1267 584 1338 allegoriam,
602 1266 636 1322 ab
666 1267 769 1321 ambra
792 1265 822 1322 in
838 1265 946 1321 uerita-
1034 1267 1199 1325 Sacerdotes.
1230 1266 1278 1321 Vel
1295 1266 1427 1322 doctores
1452 1266 1626 1338 scilicetper
1652 1264 1848 1322 centenariam

95 1365 155 1415 tem
183 1358 397 1424 transferentes,
421 1355 503 1428 quasi
532 1356 627 1410 lucem
645 1355 771 1410 scientiae
798 1354 829 1409 in
856 1354 946 1410 Eccle-
999 1355 1217 1412 etaicenarium
1242 1354 1378 1427 expressi,
1406 1354 1476 1426 qnia
1499 1353 1646 1426 legislator
1661 1354 1718 1410 hoc
1733 1369 1847 1411 numero

94 1446 167 1502 siam
189 1462 277 1519 saper
295 1445 498 1501 candelabrum
521 1445 670 1516 mysticum
690 1443 778 1515 positi
807 1442 947 1516 multipli-
1000 1460 1119 1500 suorum
1134 1458 1277 1498 summam
1293 1458 1436 1498 annorum
1450 1442 1614 1516 compleuit,
1629 1447 1659 1499 et
1682 1442 1714 1498 ia
1728 1441 1851 1499 diePea·

96 1542 171 1592 cant.
210 1544 213 1549 ·
1000 1538 1121 1589 tecostes
1137 1532 1370 1588 eodemnumero
1396 1532 1544 1588 credentes
1570 1531 1696 1604 Spiritus
1719 1531 1851 1604 paracleti

131 1626 213 1680 Vane.
228 1626 273 1679 22
288 1653 323 1665 -
338 1627 371 1679 Et
391 1625 463 1678 ostia
484 1623 599 1677 cutavit.
626 1619 660 1676 lli
677 1625 745 1675 stant
772 1620 904 1677 doctores
918 1625 947 1673 et
1002 1622 1124 1694 gratiam
1139 1625 1321 1693 acceperunt.

96 1713 267 1779 sacerdotes,
295 1710 345 1782 qui
368 1708 545 1768 instruendo.
575 1709 759 1779 baptizando,
789 1673 983 1763 communi·B
1038 1711 1117 1765 Vens.
1139 1712 1181 1766 li.
1196 1740 1231 1750 -
1248 1709 1342 1778 Igitur
1368 1711 1484 1766 eunctis.
1511 1708 1604 1782 (liae.)
1619 1708 1738 1766 Cunctis
1760 1725 1851 1764 sacer·

96 1800 368 1871 candocorporiset
390 1797 539 1869 sanguinis
556 1796 669 1852 Domini
695 1797 840 1869 mysteria,
854 1795 947 1867 prima
1003 1801 1118 1858 dntibus
1146 1808 1175 1858 at
1193 1801 1308 1872 Levitis,
1338 1806 1405 1870 etc,
1433 1817 1518 1872 usque
1544 1802 1583 1858 ad
1610 1801 1673 1857 vari
1701 1800 1853 1857 sacerdotii

97 1890 180 1943 nobis
195 1888 326 1944 Ecclesiae
342 1887 443 1942 limina
454 1885 593 1959 pandunt.
1003 1890 1194 1946 ministerium
1209 1889 1408 1962 perdiderunt.

135 1976 402 2047 sicquecompletum
429 1979 469 2031 cat
490 1990 575 2030 omne.
607 1974 678 2029 Cum
705 1988 789 2028 rarus
813 1971 948 2043 pacificus
1046 1981 1126 2034 vans,
1157 1980 1200 2036 14,
1231 2010 1265 2021 -
1293 1980 1476 2050 compleuerat
1502 1980 1582 2034 ιιιειιι,
1615 1978 1689 2045 Quia
1719 1977 1854 2050 mysteria

97 2065 128 2121 in
142 2063 351 2119 diaconissima
365 2063 581 2118 omneselectos
595 2061 812 2118 resurrectionis
826 2061 948 2116 immor·
1003 2084 1069 2139 quae
1093 2068 1309 2124 subvolamina
1336 2067 1463 2123 latebant
1499 2082 1552 2138 par
1571 2065 1730 2122 adventum
1753 2065 1855 2122 christi

97 2153 206 2225 talitate
219 2151 513 2224 glorificatouandiu
527 2155 623 2206 autern
640 2155 729 2206 status
743 2150 829 2221 hujus
851 2147 949 2204 saecrrli
1004 2156 1206 2228 aperiebantur
1238 2155 1429 2222 credentibus,
1464 2159 1493 2210 et
1517 2155 1605 2226 digna
1637 2154 1854 2227 accipientibus.

97 2243 216 2311 geritur,
229 2240 297 2296 lacit
323 2239 440 2312 quidem
463 2240 597 2295 Salomon
614 2239 717 2294 domus
740 2237 852 2293 Domini
866 2252 948 2308 opus,
1004 2244 1119 2301 coeteris
1132 2261 1200 2300 vero
1219 2245 1256 2300 ad
1281 2245 1367 2300 fidam
1389 2243 1523 2300 accedere
1550 2244 1718 2299 notantibus
1736 2241 1857 2316 palatina

97 2332 145 2384 sed
160 2346 218 2384 nou
229 2329 358 2400 perlicit:
375 2327 443 2399 quia
458 2328 545 2383 corda
566 2328 724 2383 electorum
751 2327 896 2394 Dominus,
917 2330 950 2379 ut
1004 2333 1116 2390 weit„
1141 2333 1319 2389 remanebat,
1355 2332 1461 2388 Unda:
1489 2332 1570 2389 polan
1598 2331 1694 2389 αιειιιιι
1721 2336 1856 2388 mm

97 2418 172 2473 bona
199 2422 355 2490 operentur
382 2415 507 2487 inspirat
535 2420 563 2471 ct
589 2416 716 2487 adjurat,
749 2414 822 2469 nulli
852 2419 950 2468 tamea
1004 2423 1322 2494 mpermumrepnipet‚
1338 2427 1392 2477 ata,
1409 2421 1518 2491 (natta,
1535 2421 1608 2493 χιιι.)

99 2508 205 2580 absque
220 2511 336 2578 peccato
355 2521 416 2560 esse
431 2505 529 2571 donat,
554 2504 632 2576 quod
646 2505 678 2560 in
703 2504 799 2559 futuro
818 2502 951 2558 fidelibus
1337 2534 1450 2590 CAPUT
1476 2534 1522 2590 Vl·

97 2593 439 2650 reservatPerlicitvero
455 2608 625 2663 omneopus
649 2591 747 2663 templi
772 2590 952 2646 suietdedi·
1055 2642 1137 2696 vm
1187 2643 1211 2695 ¹.
1244 2669 1279 2681 -
1311 2642 1345 2696 In
1374 2640 1497 2707 cauam·
1541 2637 1621 2694 Unde
1662 2638 1742 2696 1⁰13:
1770 2639 1860 2696 Num

99 2684 204 2738 cationi
232 2686 329 2753 aptum
360 2681 463 2748 reddit,
488 2696 553 2735 cum
581 2681 735 2737 translatos
763 2681 798 2735 de
817 2680 869 2734 hac
893 2679 951 2734 rita
1052 2732 1058 2744 ,
1205 2729 1209 2738 ,
1656 2727 1663 2738 ,
1824 2731 1830 2742 ,

100 2773 212 2833 electos,
229 2776 371 2826 aeternum
384 2769 514 2841 perducit
528 2768 565 2825 ad
585 2784 707 2841 regnum
724 2785 731 2823 :
748 2768 824 2824 unde
840 2773 951 2840 septem
1006 2730 1151 2831 ¹⁰³⁸me
1183 2743 1242 2826 Ψ
1269 2726 1348 2845 ,(1οὰ
1374 2728 1448 2829 ¹¹¹.¹)'
1490 2728 1523 2782 Et
1559 2728 1733 2830 p⁵⁸¹mf⁸¹⁸³
1767 2728 1860 2799 casm

229 2841 233 2849 ¹
1006 2819 1055 2874 sub
1068 2817 1183 2888 pedatus
1200 2830 1276 2885 epus.
1297 2820 1322 2871 el
1338 2820 1432 2886 posuit
1454 2814 1577 2872 tenebras
1607 2816 1753 2873 latibulum
1767 2817 1873 2889 (Paul

100 2860 363 2927 annisaedillcatur,
383 2866 481 2914 octavo
508 2858 666 2930 perlectum
694 2858 852 2915 dedicatur.
881 2857 950 2928 Sep·
1166 2905 1170 2913 .
1382 2903 1388 2915 .
1414 2904 1420 2915 .
1591 2904 1597 2916 .
1702 2922 1709 2935 ·

101 2953 158 3004 tem
172 2950 249 3003 euim
266 2948 367 3004 diebus
382 2963 468 3003 omae
479 2951 594 3019 tempus
619 2947 752 3016 volvitur,
780 2950 895 3002 octavus
909 2950 988 3018 estc
1007 2908 1086 2977 Μὴ·
1114 2903 1275 2960 Lmbu'um
1306 2904 1422 2959 ”⁰¹⁰⁸ss
1447 2920 1525 2960 sam
1539 2904 1686 2978 smmum
1701 2947 1709 2961 '
1727 2922 1793 2979 Μ
1807 2905 1859 2960 mh

102 3038 163 3094 dies
187 3037 289 3109 judicii
314 3041 343 3093 at
369 3037 599 3105 resurrectionis,
629 3037 675 3092 cni
705 3037 840 3092 convenit
874 3034 951 3107 quod
1006 2992 1525 3153 arg?‘3³123oe25rurittbi'cffiaeze,
1535 2998 1633 3154 ἓξὲξ
1642 2998 1860 3140 egit-⁰3³¹&

1006 3173 1134 3243 quonium
1157 3171 1324 3227 abscondisti
1347 3171 1431 3226 baca
1444 3172 1611 3242 sapientibus
1631 3171 1860 3244 etprradenta‘bus,

457 3250 571 3306 CAPUT
600 3249 632 3305 V·
1006 3265 1032 3316 et
1046 3261 1172 3316 revelasti
1186 3260 1350 3331 caparoula's
1363 3259 1473 3331 (Metti.
1487 3259 1534 3332 vl).

153 3394 233 3447 Vens.
265 3393 286 3444 l.
313 3418 348 3429 -
376 3389 472 3444 lntulil
498 3389 588 3457 igitur
611 3388 736 3444 Salomon
766 3388 867 3454 omnio,
898 3391 951 3441 etc.
1343 3376 1457 3431 CAPUT
1485 3375 1544 3431 Vll·

104 3481 197 3553 (llas.)
213 3480 270 3533 lloc
284 3477 391 3533 lituum
404 3476 543 3543 Christus,
561 3481 634 3545 etc.,
661 3474 794 3544 usquead
820 3473 955 3530 sedmul·
1043 3478 1164 3535 vensi.
1181 3508 1213 3519 -
1241 3478 1393 3535 Dedicauil.
1423 3478 1513 3550 (Dan)
1540 3477 1688 3549 Sanguine
1713 3495 1863 3537 woman·

106 3575 143 3625 tae
166 3568 195 3622 in
229 3583 262 3622 ea
296 3565 460 3620 mansiones
489 3564 526 3619 ad
549 3563 729 3635 recipiendos
760 3578 861 3618 omnes
882 3579 954 3634 quos
1007 3566 1095 3635 davit,
1122 3571 1151 3623 et
1179 3567 1322 3640 spirituali
1336 3567 1429 3639 gratia
1459 3566 1646 3624 sanctificarit
1673 3567 1807 3626 Christus
1831 3573 1860 3626 et

105 3658 240 3713 timentes
251 3671 281 3711 se
312 3660 342 3710 et
371 3653 523 3726 diligentes
550 3653 681 3709 berredc'cit
699 3654 827 3709 Dominus
843 3653 954 3723 pusillis
1008 3656 1128 3711 diversis
1141 3655 1224 3712 donia
1242 3655 1380 3711 virtutum
1397 3655 1606 3728 multiplicavit.
1631 3657 1769 3729 llaacqne
1783 3657 1864 3714 dedi·

108 3742 336 3814 cummaioribus.
403 3743 405 3748 '
1008 3749 1074 3800 cant
1090 3744 1142 3800 lilii
1167 3745 1264 3812 lsrael,
1278 3744 1347 3817 quia
1368 3745 1491 3817 quisque
1509 3743 1603 3800 fidelis
1621 3745 1781 3802 mundam
1809 3747 1862 3803 do-

143 3835 225 3889 Vaas.
241 3834 267 3888 9.
283 3862 318 3874 -
334 3833 455 3888 Vectium
484 3835 584 3887 autem.
608 3832 670 3903 (la.)
695 3830 855 3887 Notandum
876 3830 953 3903 qaia,
1010 3849 1079 3888 num
1094 3833 1179 3888 sibia
1202 3833 1259 3888 Deo
1286 3833 1421 3888 collatam
1450 3826 1536 3888 verbo
1560 3838 1589 3888 et
1607 3834 1740 3908 exemplo
1764 3835 1862 3908 proxi·

107 3926 173 3988 etc,
188 3937 274 3992 usque
286 3920 323 3976 ad
341 3923 421 3975 tanto
434 3920 546 3975 interna
561 3919 783 3991 gaudiasidenl.
1010 3937 1073 3977 mos
1087 3921 1120 3977 ad
1143 3920 1264 3976 meliora
1289 3925 1318 3976 et
1337 3919 1510 3992 perfectiora
1536 3920 1677 3978 convertit
1710 3925 1740 3979 et
1764 3938 1862 3996 prora·

143 4012 229 4065 Vaas.
243 4012 284 4065 lll.
300 4039 335 4050 -
347 4008 493 4080 ll'ilritquid
506 4008 586 4064 aliud
597 4013 665 4064 erat.
689 4007 820 4064 Ostendit
835 4022 955 4079 genera·
1009 4010 1058 4065 hit

107 4098 183 4166 liter,
194 4097 271 4169 quod
287 4097 318 4152 in
331 4112 395 4151 arca
408 4096 479 4150 nihil
489 4095 545 4151 fuit
567 4095 741 4151 contrariam
771 4094 826 4166 legi
841 4093 957 4150 Domini
1045 4100 1126 4156 Vaas.
1157 4104 1187 4155 7.
1217 4126 1253 4139 -
1274 4097 1473 4169 Sanctifiaauit.
1505 4097 1577 4162 Ouia
1592 4097 1722 4155 Christus
1743 4115 1778 4156 ea
1800 4115 1863 4172 qun

69 4222 71 4227 ,
108 4187 321 4258 comprehensae
337 4185 368 4240 in
387 4185 499 4240 duabus
524 4185 650 4252 tabulis,
673 4185 720 4239 sed
737 4198 771 4239 ea
785 4188 897 4238 matum
916 4182 956 4238 ihi
1010 4188 1039 4243 in
1065 4187 1127 4258 lege
1146 4191 1263 4258 propter
1286 4185 1484 4242 infirmitatem
1511 4186 1573 4256 ejus
1587 4186 1688 4259 perlici
1715 4203 1775 4244 non
1788 4191 1863 4261 pote·

108 4276 195 4332 laissa
219 4273 333 4329 condita
357 4288 423 4345 quta
436 4273 515 4344 juxta
533 4272 604 4343 legis
622 4271 756 4326 mandata
781 4271 817 4326 ad
846 4253 993 4327 cultumD
1013 4279 1086 4343 rant,
1106 4274 1137 4329 in
1159 4273 1281 4329 Ecclesia
1295 4274 1416 4345 perficit.
1442 4274 1508 4346 Ipsa
1531 4278 1573 4329 est
1601 4274 1679 4330 enim
1693 4275 1802 4335 atrium
1817 4277 1863 4333 do·

110 4365 195 4419 unius
209 4363 260 4418 Dei
273 4369 302 4417 et
327 4361 607 4417 commandationem
631 4365 734 4415 nostrae
748 4358 816 4415 fidei
831 4365 897 4414 sunt
912 4366 959 4432 ty·
1012 4380 1077 4418 mus
1091 4363 1217 4431 Domini,
1233 4378 1286 4432 per
1306 4378 1393 4434 quam
1409 4362 1554 4435 ingressus
1568 4367 1648 4434 patet
1674 4363 1706 4420 in
1720 4365 1862 4422 cmleslem

111 4454 173 4525 pice
193 4453 274 4517 lacta,
294 4456 326 4506 ut
349 4450 452 4506 ambra
472 4450 634 4505 futurorum
660 4464 714 4520 per
742 4448 959 4504 omnialaturae
1011 4452 1168 4507 Jerusalem
1184 4466 1192 4506 z
1208 4450 1360 4522 qulaergo
1376 4451 1543 4507 holocausta
1562 4455 1591 4506 et
1615 4451 1757 4509 sacrificia
1782 4453 1863 4510 inal-

110 4543 223 4598 reritati
246 4540 443 4595 testimonium
460 4538 611 4610 preberet,
630 4543 658 4592 et
673 4553 707 4591 ea
729 4536 759 4592 in
787 4537 896 4593 mundo
908 4555 959 4610 ap·
1012 4539 1067 4595 tari
1082 4538 1191 4594 Veteris
1218 4539 1394 4594 Testamenti
1407 4555 1466 4594 non
1494 4544 1653 4610 potuerunt
1666 4541 1786 4611 offerri3
1801 4541 1863 4615 qnia

110 4635 230 4704 parente
243 4630 330 4685 linem
354 4627 503 4700 acciperet.
526 4628 591 4682 Erat
605 4630 701 4681 autem
730 4625 761 4680 in
776 4641 841 4682 arca
856 4642 958 4681 secun·
1013 4628 1111 4684 omnia
1124 4627 1285 4698 figuraliter
1303 4627 1413 4683 fiebant
1438 4627 1489 4695 ibi,
1508 4644 1557 4683 rex
1571 4633 1667 4685 noster
1680 4634 1712 4686 et
1736 4633 1863 4688 mcerdm

112 4719 181 4775 dum
196 4718 315 4774 Paulum
331 4732 404 4773 urna
418 4732 505 4771 aurea
533 4716 641 4770 habeas
652 4731 768 4780 manna,
783 4715 849 4787 quia
866 4715 896 4770 in
906 4716 959 4770 ho·
1013 4718 1104 4774 erexit
1118 4733 1226 4773 norum
1239 4717 1328 4772 altare
1352 4716 1419 4772 fidei
1437 4717 1465 4772 in
1483 4716 1615 4784 Ecclesia,
1639 4717 1671 4773 in
1700 4736 1761 4793 qno
1773 4720 1862 4794 qnoti-

112 4808 190 4864 mine
215 4807 325 4863 Christo
366 4805 476 4861 habitat
501 4805 595 4860 omnis
622 4803 771 4876 plenitudo
804 4803 961 4859 divinitatis
1013 4805 1191 4862 dieollerunt
1217 4805 1339 4877 pinguia
1362 4804 1528 4861 holocausta
1550 4811 1580 4861 at
1604 4813 1723 4879 accepta
1751 4809 1812 4866 Deo
1825 4824 1862 4864 aa·

112 4897 308 4968 corporaliter.
324 4896 390 4951 Erat
402 4900 431 4950 et
444 4893 524 4966 virgo
544 4895 650 4961 Aaron,
666 4908 731 4964 que
758 4892 850 4948 excisa
866 4893 960 4947 denuo
1013 4893 1132 4949 crificia.
1156 4893 1255 4949 Unde:
1282 4894 1456 4963 Sacrificium
1488 4893 1579 4951 lacau
1605 4894 1798 4968 houmpeallit
1818 4912 1861 4965 rat,

114 4985 263 5040 floruerat:
279 4985 347 5057 qnia
376 4988 500 5056 potestas
514 4982 607 5038 omnis
623 4981 775 5053 judicandi
792 4997 880 5053 panes
894 4996 961 5036 eum
1014 4988 1040 5038 et
1054 4983 1189 5051 illiciter,
1204 4987 1257 5037 etc.

114 5078 165 5140 est,
181 5075 262 5145 cajus
283 5073 425 5144 judicium
448 5072 477 5126 in
495 5071 658 5126 humilitate
677 5070 818 5142 passionis
845 5069 961 5124 rideba-
1051 5071 1133 5124 Vaas.
1149 5072 1176 5126 8.
1190 5072 1310 5126 -Fecit
1324 5086 1397 5140 erpa
1424 5070 1514 5142 (Rae.)
1530 5071 1593 5127 llon
1618 5077 1691 5145 pato
1714 5074 1772 5131 hoc
1793 5070 1864 5131 alind

114 5160 403 5217 laressesuhlatnm.
423 5160 511 5215 Erant
531 5159 676 5215 ettahnlae
703 5157 878 5225 testamenti,
894 5157 963 5230 quia
1014 5158 1249 5229 intelligendum,
1270 5163 1343 5227 ela,
1370 5158 1547 5229 saponaria
1575 5159 1673 5217 intera
1706 5163 1865 5221 animarum

114 5249 209 5304 inille
236 5254 303 5304 sunt
330 5265 429 5304 omnes
450 5248 578 5304 thesauri
608 5248 756 5321 sapientire
779 5251 807 5302 et
835 5246 963 5302 scientias
1016 5247 1126 5319 requie,
1137 5248 1229 5318 ipsius
1245 5248 1372 5303 veritatis
1385 5249 1610 5320 perceptionein
1629 5265 1674 5309 re.

114 5337 283 5392 absconditi.
298 5337 491 5393 lldhaerebanl
506 5342 534 5392 et
547 5342 640 5393 vectes
653 5337 758 5408 quibus
764 5335 962 5408 portabantur,
1053 5337 1133 5390 Vaas.
1150 5338 1192 5392 tlt.
1208 5365 1244 5378 -
1254 5338 1347 5409 Igitur
1359 5340 1391 5393 ia
1404 5337 1459 5405 die,
1473 5342 1528 5394 etc.
1543 5339 1602 5394 lloc
1613 5344 1733 5410 eatpost
1741 5347 1866 5398 octavam

116 5425 184 5498 qnia
213 5425 341 5480 doctores
366 5427 417 5498 qui
444 5426 591 5498 quondam
618 5425 788 5481 laborabant
815 5423 846 5479 in
873 5422 963 5478 uerbo
1016 5425 1215 5497 scenophegiae
1229 5425 1419 5482 solemnitatis
1429 5426 1505 5482 diam
1521 5426 1609 5484 :sicut
1617 5427 1773 5503 inllegnm
1783 5429 1866 5488 eonfi-

116 5513 231 5582 Christi,
259 5528 336 5568 nunc
353 5513 489 5584 prasenti
516 5513 624 5569 visione
654 5511 838 5583 congaudent
865 5510 964 5582 gloriae
1017 5518 1112 5569 natur.
1129 5513 1390 5584 Significatanlem
1403 5519 1471 5588 post
1486 5516 1564 5573 illins
1575 5516 1755 5590 nitelinam,
1769 5521 1868 5593 etpost

102 3127 245 3200 sequitur.
