<?xml version="1.0" encoding="UTF-8"?>
<!DOCTYPE html PUBLIC "-//W3C//DTD XHTML 1.0 Transitional//EN"
    "http://www.w3.org/TR/xhtml1/DTD/xhtml1-transitional.dtd">
<html xmlns="http://www.w3.org/1999/xhtml" xml:lang="en" lang="en">
 <head>
  <title>
</title>
<meta http-equiv="Content-Type" content="text/html;charset=utf-8" />
  <meta name='ocr-system' content='tesseract 3.04.00' />
  <meta name='ocr-capabilities' content='ocr_page ocr_carea ocr_par ocr_line ocrx_word'/>
</head>
<body>
  <div class='ocr_page' id='page_1' title='image "./patrologiaecurs04migngoog_0206.png"; bbox 0 0 3892 6106; ppageno 0'>
   <div class='ocr_carea' id='block_1_1' title="bbox 51 297 1229 362">
    <p class='ocr_par' dir='ltr' id='par_1_1' title="bbox 51 297 1229 362">
     <span class='ocr_line' id='line_1_1' title="bbox 51 297 1229 362; baseline 0.008 -12"><span class='ocrx_word' id='word_1_1' title='bbox 51 297 99 351; x_wconf 77' lang='lat' dir='ltr'><strong><em>lDl</em></strong></span> <span class='ocrx_word' id='word_1_2' title='bbox 638 298 765 357; x_wconf 79' lang='lat' dir='ltr'><strong>GLOSSA</strong></span> <span class='ocrx_word' id='word_1_3' title='bbox 782 300 982 358; x_wconf 71' lang='lat' dir='ltr'><strong><em>uenturum.</em></strong></span> <span class='ocrx_word' id='word_1_4' title='bbox 1002 330 1036 342; x_wconf 78' lang='lat'>-</span> <span class='ocrx_word' id='word_1_5' title='bbox 1057 304 1119 360; x_wconf 82' lang='lat' dir='ltr'><strong><em>ute.</em></strong></span> <span class='ocrx_word' id='word_1_6' title='bbox 1141 305 1229 362; x_wconf 80' lang='lat' dir='ltr'><strong><em>uult.</em></strong></span> 
     </span>
    </p>
   </div>
   <div class='ocr_carea' id='block_1_2' title="bbox 1761 315 1813 368">
    <p class='ocr_par' dir='ltr' id='par_1_2' title="bbox 1761 315 1813 368">
     <span class='ocr_line' id='line_1_2' title="bbox 1761 315 1813 368; baseline -0.019 0"><span class='ocrx_word' id='word_1_7' title='bbox 1761 315 1813 368; x_wconf 68' lang='lat'><strong><em>⁵:0⁸2</em></strong></span> 
     </span>
    </p>
   </div>
   <div class='ocr_carea' id='block_1_3' title="bbox 49 409 1813 507">
    <p class='ocr_par' dir='ltr' id='par_1_3' title="bbox 49 409 1813 507">
     <span class='ocr_line' id='line_1_3' title="bbox 49 409 1813 507; baseline 0.014 -37"><span class='ocrx_word' id='word_1_8' title='bbox 49 416 183 487; x_wconf 86' lang='lat' dir='ltr'><strong><em>spiritus,</em></strong></span> <span class='ocrx_word' id='word_1_9' title='bbox 205 423 273 486; x_wconf 78' lang='lat' dir='ltr'><strong><em>etc,</em></strong></span> <span class='ocrx_word' id='word_1_10' title='bbox 289 433 374 488; x_wconf 90' lang='lat' dir='ltr'><strong><em>usque</em></strong></span> <span class='ocrx_word' id='word_1_11' title='bbox 395 418 433 474; x_wconf 88' lang='lat' dir='ltr'><strong><em>cd</em></strong></span> <span class='ocrx_word' id='word_1_12' title='bbox 447 419 560 474; x_wconf 89' lang='lat' dir='ltr'><strong><em>leudem</em></strong></span> <span class='ocrx_word' id='word_1_13' title='bbox 577 418 641 475; x_wconf 81' lang='lat' dir='ltr'><strong><em>vitre</em></strong></span> <span class='ocrx_word' id='word_1_14' title='bbox 654 436 754 476; x_wconf 91' lang='lat' dir='ltr'><strong><em>eorum</em></strong></span> <span class='ocrx_word' id='word_1_15' title='bbox 769 426 798 477; x_wconf 92' lang='lat' dir='ltr'><strong><em>et</em></strong></span> <span class='ocrx_word' id='word_1_16' title='bbox 812 421 942 480; x_wconf 85' lang='lat' dir='ltr'><strong><em>virtu-A</em></strong></span> <span class='ocrx_word' id='word_1_17' title='bbox 999 425 1077 480; x_wconf 83' lang='lat' dir='ltr'><strong><em>Vens.</em></strong></span> <span class='ocrx_word' id='word_1_18' title='bbox 1097 428 1139 483; x_wconf 86' lang='lat' dir='ltr'><strong><em>lb.</em></strong></span> <span class='ocrx_word' id='word_1_19' title='bbox 1154 458 1188 467; x_wconf 93' lang='lat'>—</span> <span class='ocrx_word' id='word_1_20' title='bbox 1209 429 1298 485; x_wconf 80' lang='lat' dir='ltr'><strong><em>Nubes</em></strong></span> <span class='ocrx_word' id='word_1_21' title='bbox 1320 445 1424 501; x_wconf 87' lang='lat' dir='ltr'><strong><em>quoque</em></strong></span> <span class='ocrx_word' id='word_1_22' title='bbox 1449 436 1566 489; x_wconf 74' lang='lat' dir='ltr'><strong><em>recessit.</em></strong></span> <span class='ocrx_word' id='word_1_23' title='bbox 1587 409 1658 507; x_wconf 73' lang='grc' dir='ltr'><strong><em>ι(ῐα.)</em></strong></span> <span class='ocrx_word' id='word_1_24' title='bbox 1674 436 1710 492; x_wconf 81' lang='lat' dir='ltr'><strong><em>nt</em></strong></span> <span class='ocrx_word' id='word_1_25' title='bbox 1730 439 1813 494; x_wconf 83' lang='lat' dir='ltr'><strong><em>nubre</em></strong></span> 
     </span>
    </p>
   </div>
   <div class='ocr_carea' id='block_1_4' title="bbox 49 507 909 1640">
    <p class='ocr_par' dir='ltr' id='par_1_4' title="bbox 49 507 253 574">
     <span class='ocr_line' id='line_1_4' title="bbox 49 507 253 574; baseline 0.005 -14"><span class='ocrx_word' id='word_1_26' title='bbox 49 512 91 560; x_wconf 82' lang='lat' dir='ltr'><strong><em>tea</em></strong></span> <span class='ocrx_word' id='word_1_27' title='bbox 106 507 253 574; x_wconf 79' lang='lat' dir='ltr'><strong>exposuit.</strong></span> 
     </span>
    </p>

    <p class='ocr_par' dir='ltr' id='par_1_5' title="bbox 50 595 909 846">
     <span class='ocr_line' id='line_1_5' title="bbox 84 595 909 670; baseline 0.005 -20"><span class='ocrx_word' id='word_1_28' title='bbox 84 595 193 666; x_wconf 78' lang='lat' dir='ltr'><strong><em>(Dauo.)</em></strong></span> <span class='ocrx_word' id='word_1_29' title='bbox 208 595 248 650; x_wconf 83' lang='lat' dir='ltr'><strong><em>Et</em></strong></span> <span class='ocrx_word' id='word_1_30' title='bbox 266 597 399 666; x_wconf 72' lang='lat' dir='ltr'><strong><em>requievit</em></strong></span> <span class='ocrx_word' id='word_1_31' title='bbox 420 599 450 651; x_wconf 89' lang='lat' dir='ltr'><strong><em>in</em></strong></span> <span class='ocrx_word' id='word_1_32' title='bbox 474 599 512 653; x_wconf 88' lang='lat' dir='ltr'><strong><em>ets</em></strong></span> <span class='ocrx_word' id='word_1_33' title='bbox 532 600 660 667; x_wconf 87' lang='lat' dir='ltr'><strong><em>spiritus,</em></strong></span> <span class='ocrx_word' id='word_1_34' title='bbox 682 603 708 653; x_wconf 94' lang='lat' dir='ltr'><strong><em>et</em></strong></span> <span class='ocrx_word' id='word_1_35' title='bbox 727 601 909 670; x_wconf 85' lang='lat' dir='ltr'><strong><em>propbetoue-</em></strong></span> 
     </span>
     <span class='ocr_line' id='line_1_6' title="bbox 50 685 909 757; baseline 0.007 -21"><span class='ocrx_word' id='word_1_36' title='bbox 50 689 127 751; x_wconf 80' lang='lat' dir='ltr'><strong><em>nort,</em></strong></span> <span class='ocrx_word' id='word_1_37' title='bbox 140 689 197 739; x_wconf 89' lang='lat' dir='ltr'><strong><em>etc.</em></strong></span> <span class='ocrx_word' id='word_1_38' title='bbox 219 685 361 740; x_wconf 82' lang='lat' dir='ltr'><strong>Continuo</strong></span> <span class='ocrx_word' id='word_1_39' title='bbox 376 688 511 756; x_wconf 87' lang='lat' dir='ltr'><strong><em>operatur</em></strong></span> <span class='ocrx_word' id='word_1_40' title='bbox 534 685 663 756; x_wconf 88' lang='lat' dir='ltr'><strong><em>spiritus,</em></strong></span> <span class='ocrx_word' id='word_1_41' title='bbox 679 690 746 755; x_wconf 82' lang='lat' dir='ltr'><strong><em>etc,</em></strong></span> <span class='ocrx_word' id='word_1_42' title='bbox 762 702 847 757; x_wconf 91' lang='lat' dir='ltr'><strong><em>usque</em></strong></span> <span class='ocrx_word' id='word_1_43' title='bbox 871 687 909 741; x_wconf 84' lang='lat' dir='ltr'><strong><em>nd</em></strong></span> 
     </span>
     <span class='ocr_line' id='line_1_7' title="bbox 51 772 800 846; baseline 0.004 -19"><span class='ocrx_word' id='word_1_44' title='bbox 51 788 146 845; x_wconf 88' lang='lat' dir='ltr'><strong><em>neque</em></strong></span> <span class='ocrx_word' id='word_1_45' title='bbox 160 772 243 828; x_wconf 88' lang='lat' dir='ltr'><strong><em>decet</em></strong></span> <span class='ocrx_word' id='word_1_46' title='bbox 258 773 378 843; x_wconf 76' lang='lat' dir='ltr'>Spiritus</span> <span class='ocrx_word' id='word_1_47' title='bbox 393 773 482 828; x_wconf 91' lang='lat' dir='ltr'><strong><em>sancti</em></strong></span> <span class='ocrx_word' id='word_1_48' title='bbox 496 773 593 829; x_wconf 86' lang='lat' dir='ltr'><strong><em>adesse</em></strong></span> <span class='ocrx_word' id='word_1_49' title='bbox 607 775 800 846; x_wconf 77' lang='lat' dir='ltr'><strong><em>praesentiam.</em></strong></span> 
     </span>
    </p>

    <p class='ocr_par' dir='ltr' id='par_1_6' title="bbox 52 861 908 1281">
     <span class='ocr_line' id='line_1_8' title="bbox 88 861 907 921; baseline 0.005 -6"><span class='ocrx_word' id='word_1_50' title='bbox 88 861 173 916; x_wconf 82' lang='lat' dir='ltr'><strong><em>Vens.</em></strong></span> <span class='ocrx_word' id='word_1_51' title='bbox 196 865 241 917; x_wconf 82' lang='lat' dir='ltr'><strong><em>te.</em></strong></span> <span class='ocrx_word' id='word_1_52' title='bbox 268 891 300 903; x_wconf 91' lang='lat'><strong><em>-·</em></strong></span> <span class='ocrx_word' id='word_1_53' title='bbox 322 865 515 918; x_wconf 85' lang='lat' dir='ltr'><strong><em>ttemunserant</em></strong></span> <span class='ocrx_word' id='word_1_54' title='bbox 539 867 629 919; x_wconf 87' lang='lat' dir='ltr'><strong><em>autem</em></strong></span> <span class='ocrx_word' id='word_1_55' title='bbox 653 866 682 918; x_wconf 89' lang='lat' dir='ltr'><strong><em>in</em></strong></span> <span class='ocrx_word' id='word_1_56' title='bbox 709 866 819 921; x_wconf 82' lang='lat' dir='ltr'><strong><em>rustris.</em></strong></span> <span class='ocrx_word' id='word_1_57' title='bbox 845 865 907 919; x_wconf 87' lang='lat' dir='ltr'><strong><em>Non</em></strong></span> 
     </span>
     <span class='ocr_line' id='line_1_9' title="bbox 52 949 906 1022; baseline 0.004 -17"><span class='ocrx_word' id='word_1_58' title='bbox 52 949 233 1022; x_wconf 75' lang='lat' dir='ltr'><strong><em>negligentia</em></strong></span> <span class='ocrx_word' id='word_1_59' title='bbox 255 950 383 1021; x_wconf 84' lang='lat' dir='ltr'><strong><em>praecipit</em></strong></span> <span class='ocrx_word' id='word_1_60' title='bbox 407 951 532 1018; x_wconf 84' lang='lat' dir='ltr'><strong>Domini,</strong></span> <span class='ocrx_word' id='word_1_61' title='bbox 548 952 598 1007; x_wconf 90' lang='lat' dir='ltr'><strong><em>sed</em></strong></span> <span class='ocrx_word' id='word_1_62' title='bbox 620 951 769 1008; x_wconf 84' lang='lat' dir='ltr'><strong><em>devotione</em></strong></span> <span class='ocrx_word' id='word_1_63' title='bbox 785 952 906 1008; x_wconf 86' lang='lat' dir='ltr'><strong><em>humili·</em></strong></span> 
     </span>
     <span class='ocr_line' id='line_1_10' title="bbox 53 1039 908 1111; baseline -0.001 -16"><span class='ocrx_word' id='word_1_64' title='bbox 53 1041 120 1095; x_wconf 85' lang='lat' dir='ltr'><strong><em>tatis</em></strong></span> <span class='ocrx_word' id='word_1_65' title='bbox 142 1039 278 1109; x_wconf 89' lang='lat' dir='ltr'><strong><em>indignus</em></strong></span> <span class='ocrx_word' id='word_1_66' title='bbox 303 1056 332 1094; x_wconf 91' lang='lat' dir='ltr'><strong><em>se</em></strong></span> <span class='ocrx_word' id='word_1_67' title='bbox 354 1039 515 1110; x_wconf 87' lang='lat' dir='ltr'><strong><em>judicantes</em></strong></span> <span class='ocrx_word' id='word_1_68' title='bbox 539 1040 721 1111; x_wconf 79' lang='lat' dir='ltr'><strong><em>perceptione</em></strong></span> <span class='ocrx_word' id='word_1_69' title='bbox 743 1040 814 1095; x_wconf 86' lang='lat' dir='ltr'><strong><em>tanti</em></strong></span> <span class='ocrx_word' id='word_1_70' title='bbox 840 1057 908 1095; x_wconf 94' lang='lat' dir='ltr'><strong><em>mu·</em></strong></span> 
     </span>
     <span class='ocr_line' id='line_1_11' title="bbox 53 1127 908 1200; baseline 0 -16"><span class='ocrx_word' id='word_1_71' title='bbox 53 1127 148 1185; x_wconf 88' lang='lat' dir='ltr'><strong><em>ueris:</em></strong></span> <span class='ocrx_word' id='word_1_72' title='bbox 162 1127 229 1184; x_wconf 91' lang='lat' dir='ltr'><strong><em>ideo</em></strong></span> <span class='ocrx_word' id='word_1_73' title='bbox 240 1128 329 1199; x_wconf 80' lang='lat' dir='ltr'><strong><em>judex</em></strong></span> <span class='ocrx_word' id='word_1_74' title='bbox 352 1128 481 1183; x_wconf 91' lang='lat' dir='ltr'><strong><em>cordium</em></strong></span> <span class='ocrx_word' id='word_1_75' title='bbox 505 1129 580 1183; x_wconf 89' lang='lat' dir='ltr'><strong><em>Deus</em></strong></span> <span class='ocrx_word' id='word_1_76' title='bbox 602 1128 704 1200; x_wconf 89' lang='lat' dir='ltr'><strong><em>dignos</em></strong></span> <span class='ocrx_word' id='word_1_77' title='bbox 726 1144 775 1184; x_wconf 88' lang='lat' dir='ltr'><strong><em>sos</em></strong></span> <span class='ocrx_word' id='word_1_78' title='bbox 795 1128 908 1200; x_wconf 86' lang='lat' dir='ltr'><strong><em>judica·</em></strong></span> 
     </span>
     <span class='ocr_line' id='line_1_12' title="bbox 54 1216 299 1281; baseline 0.012 -14"><span class='ocrx_word' id='word_1_79' title='bbox 54 1216 103 1281; x_wconf 84' lang='lat' dir='ltr'><strong><em>rit,</em></strong></span> <span class='ocrx_word' id='word_1_80' title='bbox 121 1223 150 1271; x_wconf 90' lang='lat' dir='ltr'><strong><em>et</em></strong></span> <span class='ocrx_word' id='word_1_81' title='bbox 164 1216 299 1271; x_wconf 81' lang='lat' dir='ltr'><strong>ostendit.</strong></span> 
     </span>
    </p>

    <p class='ocr_par' dir='ltr' id='par_1_7' title="bbox 54 1304 906 1552">
     <span class='ocr_line' id='line_1_13' title="bbox 90 1304 906 1376; baseline -0.001 -17"><span class='ocrx_word' id='word_1_82' title='bbox 90 1306 173 1360; x_wconf 81' lang='lat' dir='ltr'><strong><em>Vens.</em></strong></span> <span class='ocrx_word' id='word_1_83' title='bbox 196 1307 241 1361; x_wconf 74' lang='lat'><strong><em>29.</em></strong></span> <span class='ocrx_word' id='word_1_84' title='bbox 263 1333 300 1346; x_wconf 92' lang='lat'>-</span> <span class='ocrx_word' id='word_1_85' title='bbox 324 1304 407 1371; x_wconf 84' lang='lat' dir='ltr'><strong><em>Quid,</em></strong></span> <span class='ocrx_word' id='word_1_86' title='bbox 429 1306 530 1374; x_wconf 89' lang='lat' dir='ltr'><strong><em>inquit,</em></strong></span> <span class='ocrx_word' id='word_1_87' title='bbox 553 1305 701 1361; x_wconf 75' lang='lat' dir='ltr'><strong><em>emuturis.</em></strong></span> <span class='ocrx_word' id='word_1_88' title='bbox 725 1305 834 1376; x_wconf 72' lang='lat' dir='ltr'><strong><em>(Gara,</em></strong></span> <span class='ocrx_word' id='word_1_89' title='bbox 857 1305 906 1360; x_wconf 92' lang='lat' dir='ltr'><strong><em>lib.</em></strong></span> 
     </span>
     <span class='ocr_line' id='line_1_14' title="bbox 54 1393 905 1465; baseline 0.002 -18"><span class='ocrx_word' id='word_1_90' title='bbox 54 1409 120 1448; x_wconf 83' lang='lat' dir='ltr'><strong><em>xrur</em></strong></span> <span class='ocrx_word' id='word_1_91' title='bbox 149 1393 261 1460; x_wconf 69' lang='lat' dir='ltr'><strong><em>btorut,</em></strong></span> <span class='ocrx_word' id='word_1_92' title='bbox 286 1409 348 1464; x_wconf 86' lang='lat' dir='ltr'><strong><em>cap.</em></strong></span> <span class='ocrx_word' id='word_1_93' title='bbox 374 1393 439 1461; x_wconf 80' lang='lat' dir='ltr'><strong><em>tl.)</em></strong></span> <span class='ocrx_word' id='word_1_94' title='bbox 469 1393 520 1448; x_wconf 88' lang='lat' dir='ltr'><strong><em>Pia</em></strong></span> <span class='ocrx_word' id='word_1_95' title='bbox 541 1408 624 1448; x_wconf 89' lang='lat' dir='ltr'><strong><em>mens</em></strong></span> <span class='ocrx_word' id='word_1_96' title='bbox 649 1398 810 1465; x_wconf 86' lang='lat' dir='ltr'><strong><em>pastorum,</em></strong></span> <span class='ocrx_word' id='word_1_97' title='bbox 839 1400 905 1462; x_wconf 79' lang='lat' dir='ltr'><strong><em>etc,</em></strong></span> 
     </span>
     <span class='ocr_line' id='line_1_15' title="bbox 55 1480 783 1552; baseline 0 -15"><span class='ocrx_word' id='word_1_98' title='bbox 55 1497 140 1551; x_wconf 88' lang='lat' dir='ltr'><strong><em>usque</em></strong></span> <span class='ocrx_word' id='word_1_99' title='bbox 152 1481 192 1535; x_wconf 82' lang='lat' dir='ltr'><strong><em>ud</em></strong></span> <span class='ocrx_word' id='word_1_100' title='bbox 205 1481 255 1552; x_wconf 88' lang='lat' dir='ltr'><strong><em>qui</em></strong></span> <span class='ocrx_word' id='word_1_101' title='bbox 270 1481 378 1536; x_wconf 92' lang='lat' dir='ltr'><strong><em>bonum</em></strong></span> <span class='ocrx_word' id='word_1_102' title='bbox 392 1480 468 1551; x_wconf 89' lang='lat' dir='ltr'><strong><em>quod</em></strong></span> <span class='ocrx_word' id='word_1_103' title='bbox 485 1480 585 1536; x_wconf 91' lang='lat' dir='ltr'><strong><em>habuit</em></strong></span> <span class='ocrx_word' id='word_1_104' title='bbox 599 1496 657 1536; x_wconf 91' lang='lat' dir='ltr'><strong><em>uon</em></strong></span> <span class='ocrx_word' id='word_1_105' title='bbox 672 1481 783 1537; x_wconf 84' lang='lat' dir='ltr'><strong><em>inridit.</em></strong></span> 
     </span>
    </p>

    <p class='ocr_par' dir='ltr' id='par_1_8' title="bbox 91 1568 905 1640">
     <span class='ocr_line' id='line_1_16' title="bbox 91 1568 905 1640; baseline 0 -16"><span class='ocrx_word' id='word_1_106' title='bbox 91 1571 271 1625; x_wconf 76' lang='lat' dir='ltr'><strong>coturnicum</strong></span> <span class='ocrx_word' id='word_1_107' title='bbox 293 1568 505 1634; x_wconf 79' lang='lat' dir='ltr'><strong><em>multitudinem,</em></strong></span> <span class='ocrx_word' id='word_1_108' title='bbox 534 1571 583 1639; x_wconf 91' lang='lat' dir='ltr'><strong><em>qui</em></strong></span> <span class='ocrx_word' id='word_1_109' title='bbox 605 1585 713 1639; x_wconf 87' lang='lat' dir='ltr'><strong><em>purum,</em></strong></span> <span class='ocrx_word' id='word_1_110' title='bbox 743 1574 795 1624; x_wconf 87' lang='lat' dir='ltr'><strong><em>etc.</em></strong></span> <span class='ocrx_word' id='word_1_111' title='bbox 825 1569 905 1640; x_wconf 77' lang='lat' dir='ltr'><strong><em>(lise.</em></strong></span> 
     </span>
    </p>
   </div>
   <div class='ocr_carea' id='block_1_5' title="bbox 961 515 1814 1657">
    <p class='ocr_par' dir='ltr' id='par_1_9' title="bbox 963 515 1812 682">
     <span class='ocr_line' id='line_1_17' title="bbox 963 515 1812 597; baseline 0.016 -30"><span class='ocrx_word' id='word_1_112' title='bbox 963 516 1072 569; x_wconf 79' lang='lat' dir='ltr'><strong><em>recessit</em></strong></span> <span class='ocrx_word' id='word_1_113' title='bbox 1094 515 1127 570; x_wconf 86' lang='lat' dir='ltr'><strong><em>de</em></strong></span> <span class='ocrx_word' id='word_1_114' title='bbox 1156 516 1339 582; x_wconf 82' lang='lat' dir='ltr'><strong><em>tabernaculo,</em></strong></span> <span class='ocrx_word' id='word_1_115' title='bbox 1370 523 1424 573; x_wconf 90' lang='lat' dir='ltr'><strong><em>etc.</em></strong></span> <span class='ocrx_word' id='word_1_116' title='bbox 1450 521 1532 575; x_wconf 83' lang='lat' dir='ltr'><strong><em>Prius</em></strong></span> <span class='ocrx_word' id='word_1_117' title='bbox 1566 523 1683 579; x_wconf 84' lang='lat' dir='ltr'><strong><em>recessit</em></strong></span> <span class='ocrx_word' id='word_1_118' title='bbox 1711 526 1812 597; x_wconf 88' lang='lat' dir='ltr'><strong><em>nubes,</em></strong></span> 
     </span>
     <span class='ocr_line' id='line_1_18' title="bbox 963 604 1740 682; baseline 0.015 -26"><span class='ocrx_word' id='word_1_119' title='bbox 963 607 1026 664; x_wconf 84' lang='lat' dir='ltr'><strong><em>etc,</em></strong></span> <span class='ocrx_word' id='word_1_120' title='bbox 1040 619 1125 673; x_wconf 90' lang='lat' dir='ltr'><strong><em>usque</em></strong></span> <span class='ocrx_word' id='word_1_121' title='bbox 1146 604 1184 658; x_wconf 87' lang='lat' dir='ltr'><strong><em>nd</em></strong></span> <span class='ocrx_word' id='word_1_122' title='bbox 1198 609 1225 658; x_wconf 91' lang='lat' dir='ltr'><strong><em>et</em></strong></span> <span class='ocrx_word' id='word_1_123' title='bbox 1239 610 1374 675; x_wconf 88' lang='lat' dir='ltr'><strong><em>appareat</em></strong></span> <span class='ocrx_word' id='word_1_124' title='bbox 1384 607 1415 661; x_wconf 93' lang='lat' dir='ltr'><strong><em>iu</em></strong></span> <span class='ocrx_word' id='word_1_125' title='bbox 1430 608 1513 663; x_wconf 90' lang='lat' dir='ltr'><strong><em>nobis</em></strong></span> <span class='ocrx_word' id='word_1_126' title='bbox 1527 609 1607 680; x_wconf 87' lang='lat' dir='ltr'><strong><em>lepra</em></strong></span> <span class='ocrx_word' id='word_1_127' title='bbox 1621 613 1740 682; x_wconf 88' lang='lat' dir='ltr'><strong><em>peccati.</em></strong></span> 
     </span>
    </p>

    <p class='ocr_par' dir='ltr' id='par_1_10' title="bbox 961 692 1814 1208">
     <span class='ocr_line' id='line_1_19' title="bbox 999 692 1811 770; baseline 0.014 -23"><span class='ocrx_word' id='word_1_128' title='bbox 999 692 1117 761; x_wconf 81' lang='lat' dir='ltr'><strong><em>Cumque</em></strong></span> <span class='ocrx_word' id='word_1_129' title='bbox 1130 695 1301 762; x_wconf 72' lang='lat' dir='ltr'><strong><em>respexisset.</em></strong></span> <span class='ocrx_word' id='word_1_130' title='bbox 1318 695 1426 764; x_wconf 70' lang='lat' dir='ltr'><strong><em>(Ouum,</em></strong></span> <span class='ocrx_word' id='word_1_131' title='bbox 1443 697 1489 750; x_wconf 86' lang='lat' dir='ltr'><strong><em>ubi</em></strong></span> <span class='ocrx_word' id='word_1_132' title='bbox 1503 698 1610 770; x_wconf 84' lang='lat' dir='ltr'><strong><em>supro.)</em></strong></span> <span class='ocrx_word' id='word_1_133' title='bbox 1625 700 1687 754; x_wconf 90' lang='lat' dir='ltr'><strong><em>Alia</em></strong></span> <span class='ocrx_word' id='word_1_134' title='bbox 1698 699 1811 758; x_wconf 89' lang='lat' dir='ltr'><strong><em>littera:</em></strong></span> 
     </span>
     <span class='ocr_line' id='line_1_20' title="bbox 963 780 1814 850; baseline 0.014 -17"><span class='ocrx_word' id='word_1_135' title='bbox 963 780 998 834; x_wconf 83' lang='lat' dir='ltr'><strong><em>Et</em></strong></span> <span class='ocrx_word' id='word_1_136' title='bbox 1026 782 1146 849; x_wconf 73' lang='lat' dir='ltr'><strong><em>respexit</em></strong></span> <span class='ocrx_word' id='word_1_137' title='bbox 1169 780 1264 836; x_wconf 80' lang='lat' dir='ltr'><strong><em>Aaron</em></strong></span> <span class='ocrx_word' id='word_1_138' title='bbox 1292 782 1332 836; x_wconf 81' lang='lat' dir='ltr'><strong><em>cei</em></strong></span> <span class='ocrx_word' id='word_1_139' title='bbox 1354 785 1480 850; x_wconf 77' lang='lat' dir='ltr'><strong><em>Durium,</em></strong></span> <span class='ocrx_word' id='word_1_140' title='bbox 1510 791 1535 840; x_wconf 89' lang='lat' dir='ltr'><strong><em>et</em></strong></span> <span class='ocrx_word' id='word_1_141' title='bbox 1562 800 1618 841; x_wconf 90' lang='lat' dir='ltr'><strong><em>ecce</em></strong></span> <span class='ocrx_word' id='word_1_142' title='bbox 1639 789 1732 843; x_wconf 83' lang='lat' dir='ltr'><strong><em>biurio</em></strong></span> <span class='ocrx_word' id='word_1_143' title='bbox 1755 794 1814 845; x_wconf 86' lang='lat' dir='ltr'><strong><em>eret</em></strong></span> 
     </span>
     <span class='ocr_line' id='line_1_21' title="bbox 963 868 1814 946; baseline 0.013 -23"><span class='ocrx_word' id='word_1_144' title='bbox 963 870 1078 938; x_wconf 83' lang='lat' dir='ltr'><strong><em>leproso.</em></strong></span> <span class='ocrx_word' id='word_1_145' title='bbox 1119 868 1185 924; x_wconf 82' lang='lat' dir='ltr'><strong><em>Vult</em></strong></span> <span class='ocrx_word' id='word_1_146' title='bbox 1225 869 1256 924; x_wconf 92' lang='lat' dir='ltr'><strong><em>iu</em></strong></span> <span class='ocrx_word' id='word_1_147' title='bbox 1293 870 1347 926; x_wconf 88' lang='lat' dir='ltr'><strong><em>hoc</em></strong></span> <span class='ocrx_word' id='word_1_148' title='bbox 1377 872 1538 937; x_wconf 85' lang='lat' dir='ltr'><strong><em>ostendere,</em></strong></span> <span class='ocrx_word' id='word_1_149' title='bbox 1566 878 1631 942; x_wconf 83' lang='lat' dir='ltr'><strong><em>etc,</em></strong></span> <span class='ocrx_word' id='word_1_150' title='bbox 1655 892 1740 946; x_wconf 90' lang='lat' dir='ltr'><strong><em>usque</em></strong></span> <span class='ocrx_word' id='word_1_151' title='bbox 1777 879 1814 934; x_wconf 84' lang='lat' dir='ltr'><strong><em>ad</em></strong></span> 
     </span>
     <span class='ocr_line' id='line_1_22' title="bbox 963 957 1810 1036; baseline 0.014 -26"><span class='ocrx_word' id='word_1_152' title='bbox 963 957 998 1011; x_wconf 92' lang='lat' dir='ltr'><strong><em>ad</em></strong></span> <span class='ocrx_word' id='word_1_153' title='bbox 1027 957 1160 1027; x_wconf 71' lang='lat' dir='ltr'><strong><em>periectas</em></strong></span> <span class='ocrx_word' id='word_1_154' title='bbox 1183 958 1337 1014; x_wconf 84' lang='lat' dir='ltr'><strong><em>nativitatis</em></strong></span> <span class='ocrx_word' id='word_1_155' title='bbox 1359 960 1488 1017; x_wconf 90' lang='lat' dir='ltr'><strong><em>instituta</em></strong></span> <span class='ocrx_word' id='word_1_156' title='bbox 1511 967 1624 1017; x_wconf 85' lang='lat' dir='ltr'><strong><em>revocat</em></strong></span> <span class='ocrx_word' id='word_1_157' title='bbox 1642 966 1810 1036; x_wconf 81' lang='lat' dir='ltr'><strong>Apostolus:</strong></span> 
     </span>
     <span class='ocr_line' id='line_1_23' title="bbox 961 1047 1814 1121; baseline 0.013 -22"><span class='ocrx_word' id='word_1_158' title='bbox 961 1047 1054 1100; x_wconf 73' lang='lat' dir='ltr'><strong><em>liiiioti</em></strong></span> <span class='ocrx_word' id='word_1_159' title='bbox 1084 1047 1145 1113; x_wconf 87' lang='lat' dir='ltr'><strong><em>mei,</em></strong></span> <span class='ocrx_word' id='word_1_160' title='bbox 1180 1061 1245 1115; x_wconf 87' lang='lat' dir='ltr'><strong><em>quos</em></strong></span> <span class='ocrx_word' id='word_1_161' title='bbox 1273 1051 1371 1103; x_wconf 87' lang='lat' dir='ltr'><strong><em>iterum</em></strong></span> <span class='ocrx_word' id='word_1_162' title='bbox 1398 1053 1535 1119; x_wconf 82' lang='lat' dir='ltr'><strong><em>parturio,</em></strong></span> <span class='ocrx_word' id='word_1_163' title='bbox 1567 1052 1648 1107; x_wconf 88' lang='lat' dir='ltr'><strong><em>donec</em></strong></span> <span class='ocrx_word' id='word_1_164' title='bbox 1680 1055 1814 1121; x_wconf 79' lang='lat' dir='ltr'><strong><em>formetur</em></strong></span> 
     </span>
     <span class='ocr_line' id='line_1_24' title="bbox 962 1135 1457 1208; baseline 0.008 -19"><span class='ocrx_word' id='word_1_165' title='bbox 962 1136 1091 1190; x_wconf 74' lang='lat' dir='ltr'><strong><em>Christus</em></strong></span> <span class='ocrx_word' id='word_1_166' title='bbox 1107 1137 1136 1189; x_wconf 89' lang='lat' dir='ltr'><strong><em>in</em></strong></span> <span class='ocrx_word' id='word_1_167' title='bbox 1150 1135 1236 1201; x_wconf 89' lang='lat' dir='ltr'><strong><em>uobis,</em></strong></span> <span class='ocrx_word' id='word_1_168' title='bbox 1252 1141 1303 1191; x_wconf 88' lang='lat' dir='ltr'><strong><em>etc.</em></strong></span> <span class='ocrx_word' id='word_1_169' title='bbox 1321 1138 1394 1207; x_wconf 76' lang='lat' dir='ltr'><strong><em>ilict.</em></strong></span> <span class='ocrx_word' id='word_1_170' title='bbox 1412 1139 1457 1208; x_wconf 81' lang='lat' dir='ltr'><strong><em>ir.)</em></strong></span> 
     </span>
    </p>

    <p class='ocr_par' dir='ltr' id='par_1_11' title="bbox 961 1224 1814 1657">
     <span class='ocr_line' id='line_1_25' title="bbox 997 1224 1811 1296; baseline 0.016 -19"><span class='ocrx_word' id='word_1_171' title='bbox 997 1224 1077 1277; x_wconf 83' lang='lat' dir='ltr'><strong><em>Vens.</em></strong></span> <span class='ocrx_word' id='word_1_172' title='bbox 1092 1252 1126 1263; x_wconf 91' lang='lat'>-</span> <span class='ocrx_word' id='word_1_173' title='bbox 1150 1225 1337 1295; x_wconf 87' lang='lat' dir='ltr'><strong><em>Ctomoottque</em></strong></span> <span class='ocrx_word' id='word_1_174' title='bbox 1359 1230 1460 1296; x_wconf 70' lang='lat' dir='ltr'><strong><em>Moyses</em></strong></span> <span class='ocrx_word' id='word_1_175' title='bbox 1479 1229 1516 1283; x_wconf 78' lang='lat' dir='ltr'><strong><em>act</em></strong></span> <span class='ocrx_word' id='word_1_176' title='bbox 1538 1231 1683 1286; x_wconf 88' lang='lat' dir='ltr'><strong><em>Dominum</em></strong></span> <span class='ocrx_word' id='word_1_177' title='bbox 1698 1231 1811 1289; x_wconf 86' lang='lat' dir='ltr'><strong><em>diceus:</em></strong></span> 
     </span>
     <span class='ocr_line' id='line_1_26' title="bbox 963 1313 1810 1389; baseline 0.011 -21"><span class='ocrx_word' id='word_1_178' title='bbox 963 1313 1046 1381; x_wconf 88' lang='lat' dir='ltr'><strong><em>Deus,</em></strong></span> <span class='ocrx_word' id='word_1_179' title='bbox 1074 1313 1191 1381; x_wconf 88' lang='lat' dir='ltr'><strong><em>obsecro,</em></strong></span> <span class='ocrx_word' id='word_1_180' title='bbox 1226 1327 1296 1368; x_wconf 86' lang='lat' dir='ltr'><strong><em>senc</em></strong></span> <span class='ocrx_word' id='word_1_181' title='bbox 1324 1331 1391 1370; x_wconf 86' lang='lat' dir='ltr'><strong><em>eum.</em></strong></span> <span class='ocrx_word' id='word_1_182' title='bbox 1423 1317 1473 1374; x_wconf 86' lang='lat' dir='ltr'><strong><em>Cui</em></strong></span> <span class='ocrx_word' id='word_1_183' title='bbox 1499 1320 1638 1389; x_wconf 84' lang='lat' dir='ltr'><strong><em>respondit</em></strong></span> <span class='ocrx_word' id='word_1_184' title='bbox 1672 1323 1810 1377; x_wconf 85' lang='lat' dir='ltr'><strong><em>Dominus.</em></strong></span> 
     </span>
     <span class='ocr_line' id='line_1_27' title="bbox 963 1399 1814 1475; baseline 0.014 -22"><span class='ocrx_word' id='word_1_185' title='bbox 963 1401 1022 1469; x_wconf 84' lang='lat' dir='ltr'><strong><em>(ln.)</em></strong></span> <span class='ocrx_word' id='word_1_186' title='bbox 1038 1399 1100 1454; x_wconf 90' lang='lat' dir='ltr'><strong><em>Alia</em></strong></span> <span class='ocrx_word' id='word_1_187' title='bbox 1116 1400 1229 1457; x_wconf 90' lang='lat' dir='ltr'><strong><em>littera:</em></strong></span> <span class='ocrx_word' id='word_1_188' title='bbox 1247 1405 1281 1458; x_wconf 82' lang='lat' dir='ltr'><strong><em>nt</em></strong></span> <span class='ocrx_word' id='word_1_189' title='bbox 1302 1406 1483 1474; x_wconf 84' lang='lat' dir='ltr'><strong><em>proclamauit</em></strong></span> <span class='ocrx_word' id='word_1_190' title='bbox 1503 1408 1606 1475; x_wconf 71' lang='lat' dir='ltr'><strong><em>Moyses</em></strong></span> <span class='ocrx_word' id='word_1_191' title='bbox 1619 1408 1657 1461; x_wconf 87' lang='lat' dir='ltr'><strong><em>ud</em></strong></span> <span class='ocrx_word' id='word_1_192' title='bbox 1671 1411 1814 1465; x_wconf 86' lang='lat' dir='ltr'><strong><em>Dominum</em></strong></span> 
     </span>
     <span class='ocr_line' id='line_1_28' title="bbox 961 1489 1814 1568; baseline 0.008 -23"><span class='ocrx_word' id='word_1_193' title='bbox 961 1489 1072 1545; x_wconf 62' lang='lat' dir='ltr'><strong><em>timens:</em></strong></span> <span class='ocrx_word' id='word_1_194' title='bbox 1090 1492 1210 1558; x_wconf 85' lang='lat' dir='ltr'><strong><em>Domine,</em></strong></span> <span class='ocrx_word' id='word_1_195' title='bbox 1227 1507 1322 1562; x_wconf 80' lang='lat' dir='ltr'><strong><em>precor</em></strong></span> <span class='ocrx_word' id='word_1_196' title='bbox 1341 1498 1375 1561; x_wconf 91' lang='lat' dir='ltr'><strong><em>te,</em></strong></span> <span class='ocrx_word' id='word_1_197' title='bbox 1391 1502 1606 1563; x_wconf 63' lang='lat' dir='ltr'><strong><em>senercurte.</em></strong></span> <span class='ocrx_word' id='word_1_198' title='bbox 1625 1497 1715 1562; x_wconf 83' lang='lat' dir='ltr'><strong><em>Quem</em></strong></span> <span class='ocrx_word' id='word_1_199' title='bbox 1730 1514 1814 1568; x_wconf 91' lang='lat' dir='ltr'><strong><em>opor·</em></strong></span> 
     </span>
     <span class='ocr_line' id='line_1_29' title="bbox 961 1581 1812 1657; baseline 0.009 -25"><span class='ocrx_word' id='word_1_200' title='bbox 961 1581 1039 1636; x_wconf 86' lang='lat' dir='ltr'><strong><em>tebet</em></strong></span> <span class='ocrx_word' id='word_1_201' title='bbox 1059 1596 1141 1635; x_wconf 87' lang='lat' dir='ltr'><strong><em>orare</em></strong></span> <span class='ocrx_word' id='word_1_202' title='bbox 1166 1597 1218 1652; x_wconf 86' lang='lat' dir='ltr'><strong><em>pro</em></strong></span> <span class='ocrx_word' id='word_1_203' title='bbox 1242 1581 1362 1636; x_wconf 88' lang='lat' dir='ltr'><strong><em>sanitate</em></strong></span> <span class='ocrx_word' id='word_1_204' title='bbox 1387 1583 1487 1654; x_wconf 91' lang='lat' dir='ltr'><strong><em>populi</em></strong></span> <span class='ocrx_word' id='word_1_205' title='bbox 1512 1583 1568 1651; x_wconf 90' lang='lat' dir='ltr'><strong><em>sui,</em></strong></span> <span class='ocrx_word' id='word_1_206' title='bbox 1594 1585 1648 1640; x_wconf 90' lang='lat' dir='ltr'><strong><em>nisi</em></strong></span> <span class='ocrx_word' id='word_1_207' title='bbox 1673 1586 1812 1657; x_wconf 78' lang='lat' dir='ltr'><strong>Moysen?</strong></span> 
     </span>
    </p>
   </div>
   <div class='ocr_carea' id='block_1_6' title="bbox 57 1655 1812 1766">
    <p class='ocr_par' dir='ltr' id='par_1_12' title="bbox 57 1655 1812 1766">
     <span class='ocr_line' id='line_1_30' title="bbox 57 1655 1812 1766; baseline 0.01 -53"><span class='ocrx_word' id='word_1_208' title='bbox 57 1665 86 1714; x_wconf 89' lang='lat' dir='ltr'><strong><em>tn</em></strong></span> <span class='ocrx_word' id='word_1_209' title='bbox 99 1659 194 1728; x_wconf 73' lang='lat' dir='ltr'><strong><em>Num.)</em></strong></span> <span class='ocrx_word' id='word_1_210' title='bbox 215 1655 341 1713; x_wconf 73' lang='lat' dir='ltr'><strong><em>Carnutis</em></strong></span> <span class='ocrx_word' id='word_1_211' title='bbox 355 1657 478 1728; x_wconf 79' lang='lat' dir='ltr'><strong><em>populus</em></strong></span> <span class='ocrx_word' id='word_1_212' title='bbox 498 1658 673 1720; x_wconf 76' lang='lat' dir='ltr'><strong><em>Judaeorum.</em></strong></span> <span class='ocrx_word' id='word_1_213' title='bbox 689 1663 755 1726; x_wconf 59' lang='lat' dir='ltr'><strong><em>ele,</em></strong></span> <span class='ocrx_word' id='word_1_214' title='bbox 769 1674 854 1728; x_wconf 68' lang='lat' dir='ltr'><strong><em>utque</em></strong></span> <span class='ocrx_word' id='word_1_215' title='bbox 869 1659 906 1714; x_wconf 71' lang='lat' dir='ltr'><strong><em>tid</em></strong></span> <span class='ocrx_word' id='word_1_216' title='bbox 926 1711 946 1766; x_wconf 69' lang='grc' dir='ltr'><strong>Β</strong></span> <span class='ocrx_word' id='word_1_217' title='bbox 966 1670 1047 1724; x_wconf 81' lang='lat' dir='ltr'><strong><em>Forte</em></strong></span> <span class='ocrx_word' id='word_1_218' title='bbox 1075 1669 1130 1724; x_wconf 94' lang='lat' dir='ltr'><strong><em>hoc</em></strong></span> <span class='ocrx_word' id='word_1_219' title='bbox 1157 1674 1219 1724; x_wconf 88' lang='lat' dir='ltr'><strong><em>erat</em></strong></span> <span class='ocrx_word' id='word_1_220' title='bbox 1245 1671 1320 1741; x_wconf 82' lang='lat' dir='ltr'><strong><em>quod</em></strong></span> <span class='ocrx_word' id='word_1_221' title='bbox 1349 1686 1415 1725; x_wconf 90' lang='lat' dir='ltr'><strong><em>cum</em></strong></span> <span class='ocrx_word' id='word_1_222' title='bbox 1443 1673 1566 1728; x_wconf 91' lang='lat' dir='ltr'><strong><em>Domino</em></strong></span> <span class='ocrx_word' id='word_1_223' title='bbox 1592 1674 1762 1746; x_wconf 90' lang='lat' dir='ltr'><strong><em>loquebatur</em></strong></span> <span class='ocrx_word' id='word_1_224' title='bbox 1781 1676 1812 1732; x_wconf 90' lang='lat' dir='ltr'><strong><em>in</em></strong></span> 
     </span>
    </p>
   </div>
   <div class='ocr_carea' id='block_1_7' title="bbox 61 1744 912 2685">
    <p class='ocr_par' dir='ltr' id='par_1_13' title="bbox 61 1744 799 1817">
     <span class='ocr_line' id='line_1_31' title="bbox 61 1744 799 1817; baseline -0.001 -17"><span class='ocrx_word' id='word_1_225' title='bbox 61 1746 158 1800; x_wconf 80' lang='lat' dir='ltr'><strong><em>Nostro</em></strong></span> <span class='ocrx_word' id='word_1_226' title='bbox 171 1749 265 1801; x_wconf 85' lang='lat' dir='ltr'><strong><em>eutem</em></strong></span> <span class='ocrx_word' id='word_1_227' title='bbox 277 1747 444 1800; x_wconf 80' lang='lat' dir='ltr'><strong><em>cmoersctio</em></strong></span> <span class='ocrx_word' id='word_1_228' title='bbox 456 1746 485 1799; x_wconf 90' lang='lat' dir='ltr'><strong><em>in</em></strong></span> <span class='ocrx_word' id='word_1_229' title='bbox 499 1746 572 1800; x_wconf 83' lang='lat' dir='ltr'><strong><em>cotis</em></strong></span> <span class='ocrx_word' id='word_1_230' title='bbox 581 1749 620 1800; x_wconf 83' lang='lat' dir='ltr'><strong><em>est</em></strong></span> <span class='ocrx_word' id='word_1_231' title='bbox 634 1744 671 1817; x_wconf 90' lang='lat' dir='ltr'><strong><em>(ll</em></strong></span> <span class='ocrx_word' id='word_1_232' title='bbox 687 1746 746 1802; x_wconf 85' lang='lat' dir='ltr'><strong><em>Cor.</em></strong></span> <span class='ocrx_word' id='word_1_233' title='bbox 761 1748 799 1814; x_wconf 80' lang='lat' dir='ltr'><strong><em>x).</em></strong></span> 
     </span>
    </p>

    <p class='ocr_par' dir='ltr' id='par_1_14' title="bbox 61 1830 912 2167">
     <span class='ocr_line' id='line_1_32' title="bbox 61 1830 911 1903; baseline 0.001 -17"><span class='ocrx_word' id='word_1_234' title='bbox 61 1830 70 1842; x_wconf 85' lang='lat'>&#39;</span> <span class='ocrx_word' id='word_1_235' title='bbox 94 1834 174 1888; x_wconf 81' lang='lat' dir='ltr'><strong><em>liras.</em></strong></span> <span class='ocrx_word' id='word_1_236' title='bbox 202 1832 246 1888; x_wconf 82' lang='lat' dir='ltr'><strong><em>st.</em></strong></span> <span class='ocrx_word' id='word_1_237' title='bbox 272 1860 307 1872; x_wconf 95' lang='lat'><em>-</em></span> <span class='ocrx_word' id='word_1_238' title='bbox 336 1832 467 1903; x_wconf 81' lang='lat' dir='ltr'><strong><em>sepulcro</em></strong></span> <span class='ocrx_word' id='word_1_239' title='bbox 494 1834 721 1903; x_wconf 76' lang='lat' dir='ltr'><strong><em>concupiscentie.</em></strong></span> <span class='ocrx_word' id='word_1_240' title='bbox 754 1833 844 1902; x_wconf 74' lang='lat' dir='ltr'><strong><em>(Isin,</em></strong></span> <span class='ocrx_word' id='word_1_241' title='bbox 881 1834 911 1887; x_wconf 86' lang='lat' dir='ltr'><strong><em>in</em></strong></span> 
     </span>
     <span class='ocr_line' id='line_1_33' title="bbox 64 1917 910 1991; baseline -0.001 -16"><span class='ocrx_word' id='word_1_242' title='bbox 64 1922 152 1986; x_wconf 79' lang='lat' dir='ltr'><strong><em>lium,</em></strong></span> <span class='ocrx_word' id='word_1_243' title='bbox 175 1924 245 1975; x_wconf 88' lang='lat' dir='ltr'><strong><em>tom.</em></strong></span> <span class='ocrx_word' id='word_1_244' title='bbox 265 1917 307 1988; x_wconf 84' lang='lat' dir='ltr'><strong><em>V.)</em></strong></span> <span class='ocrx_word' id='word_1_245' title='bbox 331 1917 427 1973; x_wconf 87' lang='lat' dir='ltr'><strong><em>Tertia</em></strong></span> <span class='ocrx_word' id='word_1_246' title='bbox 441 1917 553 1975; x_wconf 88' lang='lat' dir='ltr'><strong><em>decima</em></strong></span> <span class='ocrx_word' id='word_1_247' title='bbox 568 1919 679 1974; x_wconf 85' lang='lat' dir='ltr'><strong><em>mansio</em></strong></span> <span class='ocrx_word' id='word_1_248' title='bbox 695 1924 737 1975; x_wconf 89' lang='lat' dir='ltr'><strong><em>est</em></strong></span> <span class='ocrx_word' id='word_1_249' title='bbox 757 1919 789 1976; x_wconf 92' lang='lat' dir='ltr'><strong><em>in</em></strong></span> <span class='ocrx_word' id='word_1_250' title='bbox 811 1921 910 1991; x_wconf 90' lang='lat' dir='ltr'><strong><em>sepul-</em></strong></span> 
     </span>
     <span class='ocr_line' id='line_1_34' title="bbox 65 2006 912 2081; baseline 0.001 -18"><span class='ocrx_word' id='word_1_251' title='bbox 65 2007 114 2063; x_wconf 91' lang='lat' dir='ltr'><strong><em>cris</em></strong></span> <span class='ocrx_word' id='word_1_252' title='bbox 126 2006 374 2078; x_wconf 74' lang='lat' dir='ltr'><strong><em>concupiscentie,</em></strong></span> <span class='ocrx_word' id='word_1_253' title='bbox 398 2012 560 2079; x_wconf 87' lang='lat' dir='ltr'><strong><em>etc.,usque</em></strong></span> <span class='ocrx_word' id='word_1_254' title='bbox 578 2008 616 2063; x_wconf 86' lang='lat' dir='ltr'><strong><em>ud</em></strong></span> <span class='ocrx_word' id='word_1_255' title='bbox 636 2008 714 2064; x_wconf 90' lang='lat' dir='ltr'><strong><em>intus</em></strong></span> <span class='ocrx_word' id='word_1_256' title='bbox 737 2010 821 2081; x_wconf 89' lang='lat' dir='ltr'><strong><em>plena</em></strong></span> <span class='ocrx_word' id='word_1_257' title='bbox 844 2013 912 2064; x_wconf 91' lang='lat' dir='ltr'><strong><em>sunt</em></strong></span> 
     </span>
     <span class='ocr_line' id='line_1_35' title="bbox 67 2095 655 2167; baseline 0 -16"><span class='ocrx_word' id='word_1_258' title='bbox 67 2097 169 2152; x_wconf 89' lang='lat' dir='ltr'><strong><em>ossibus</em></strong></span> <span class='ocrx_word' id='word_1_259' title='bbox 181 2102 360 2151; x_wconf 88' lang='lat' dir='ltr'><strong><em>mortuorum</em></strong></span> <span class='ocrx_word' id='word_1_260' title='bbox 374 2100 403 2151; x_wconf 90' lang='lat' dir='ltr'><strong><em>et</em></strong></span> <span class='ocrx_word' id='word_1_261' title='bbox 414 2095 493 2150; x_wconf 88' lang='lat' dir='ltr'><strong><em>omni</em></strong></span> <span class='ocrx_word' id='word_1_262' title='bbox 508 2096 655 2167; x_wconf 89' lang='lat' dir='ltr'><strong><em>spurcitia.</em></strong></span> 
     </span>
    </p>

    <p class='ocr_par' dir='ltr' id='par_1_15' title="bbox 69 2185 911 2524">
     <span class='ocr_line' id='line_1_36' title="bbox 100 2185 908 2255; baseline -0.001 -15"><span class='ocrx_word' id='word_1_263' title='bbox 100 2187 242 2251; x_wconf 83' lang='lat' dir='ltr'><strong><em>Verrerurtt,</em></strong></span> <span class='ocrx_word' id='word_1_264' title='bbox 284 2189 338 2240; x_wconf 88' lang='lat' dir='ltr'><strong><em>stc.</em></strong></span> <span class='ocrx_word' id='word_1_265' title='bbox 382 2186 521 2255; x_wconf 70' lang='lat' dir='ltr'><strong><em>titianum,</em></strong></span> <span class='ocrx_word' id='word_1_266' title='bbox 556 2188 636 2255; x_wconf 87' lang='lat' dir='ltr'><strong><em>epist.</em></strong></span> <span class='ocrx_word' id='word_1_267' title='bbox 668 2185 706 2240; x_wconf 85' lang='lat' dir='ltr'><strong><em>ed</em></strong></span> <span class='ocrx_word' id='word_1_268' title='bbox 745 2185 908 2254; x_wconf 81' lang='lat' dir='ltr'><strong><em>Fabiolam.)</em></strong></span> 
     </span>
     <span class='ocr_line' id='line_1_37' title="bbox 69 2272 911 2345; baseline 0.001 -18"><span class='ocrx_word' id='word_1_269' title='bbox 69 2274 164 2338; x_wconf 76' lang='lat' dir='ltr'><strong><em>Quarta</em></strong></span> <span class='ocrx_word' id='word_1_270' title='bbox 189 2272 301 2329; x_wconf 88' lang='lat' dir='ltr'><strong><em>decima</em></strong></span> <span class='ocrx_word' id='word_1_271' title='bbox 328 2273 449 2340; x_wconf 90' lang='lat' dir='ltr'><strong><em>mansio,</em></strong></span> <span class='ocrx_word' id='word_1_272' title='bbox 475 2277 541 2341; x_wconf 80' lang='lat' dir='ltr'><strong><em>etc,</em></strong></span> <span class='ocrx_word' id='word_1_273' title='bbox 570 2289 654 2343; x_wconf 88' lang='lat' dir='ltr'><strong><em>usque</em></strong></span> <span class='ocrx_word' id='word_1_274' title='bbox 677 2274 715 2329; x_wconf 83' lang='lat' dir='ltr'><strong><em>ud</em></strong></span> <span class='ocrx_word' id='word_1_275' title='bbox 738 2274 789 2345; x_wconf 88' lang='lat' dir='ltr'><strong><em>qui</em></strong></span> <span class='ocrx_word' id='word_1_276' title='bbox 801 2275 841 2328; x_wconf 89' lang='lat' dir='ltr'><strong><em>ait</em></strong></span> <span class='ocrx_word' id='word_1_277' title='bbox 860 2288 911 2344; x_wconf 88' lang='lat' dir='ltr'><strong><em>per</em></strong></span> 
     </span>
     <span class='ocr_line' id='line_1_38' title="bbox 72 2361 908 2433; baseline 0.001 -19"><span class='ocrx_word' id='word_1_278' title='bbox 72 2362 252 2432; x_wconf 84' lang='lat' dir='ltr'><strong><em>prophetam:</em></strong></span> <span class='ocrx_word' id='word_1_279' title='bbox 280 2361 413 2432; x_wconf 85' lang='lat' dir='ltr'><strong><em>Nunquid</em></strong></span> <span class='ocrx_word' id='word_1_280' title='bbox 436 2362 486 2433; x_wconf 87' lang='lat' dir='ltr'><strong><em>qui</em></strong></span> <span class='ocrx_word' id='word_1_281' title='bbox 510 2361 584 2417; x_wconf 83' lang='lat' dir='ltr'><strong><em>cudit</em></strong></span> <span class='ocrx_word' id='word_1_282' title='bbox 607 2377 661 2417; x_wconf 78' lang='lat' dir='ltr'><strong><em>iton</em></strong></span> <span class='ocrx_word' id='word_1_283' title='bbox 686 2361 802 2431; x_wconf 66' lang='lat' dir='ltr'><strong><em>adtinet</em></strong></span> <span class='ocrx_word' id='word_1_284' title='bbox 815 2365 845 2416; x_wconf 91' lang='lat' dir='ltr'><strong><em>ut</em></strong></span> <span class='ocrx_word' id='word_1_285' title='bbox 863 2377 908 2415; x_wconf 92' lang='lat' dir='ltr'><strong><em>re·</em></strong></span> 
     </span>
     <span class='ocr_line' id='line_1_39' title="bbox 72 2453 343 2524; baseline 0 -18"><span class='ocrx_word' id='word_1_286' title='bbox 72 2455 176 2519; x_wconf 83' lang='lat' dir='ltr'><strong><em>mrqut?</em></strong></span> <span class='ocrx_word' id='word_1_287' title='bbox 191 2454 256 2524; x_wconf 80' lang='lat' dir='ltr'><strong><em>tter.</em></strong></span> <span class='ocrx_word' id='word_1_288' title='bbox 270 2453 343 2522; x_wconf 74' lang='lat' dir='ltr'><strong><em>vnn)</em></strong></span> 
     </span>
    </p>

    <p class='ocr_par' dir='ltr' id='par_1_16' title="bbox 76 2538 909 2685">
     <span class='ocr_line' id='line_1_40' title="bbox 100 2538 909 2610; baseline 0 -16"><span class='ocrx_word' id='word_1_289' title='bbox 100 2539 183 2610; x_wconf 80' lang='lat' dir='ltr'><strong><em>(isso.)</em></strong></span> <span class='ocrx_word' id='word_1_290' title='bbox 207 2539 314 2605; x_wconf 80' lang='lat' dir='ltr'><strong><em>Quarta</em></strong></span> <span class='ocrx_word' id='word_1_291' title='bbox 336 2538 448 2594; x_wconf 89' lang='lat' dir='ltr'><strong><em>decima</em></strong></span> <span class='ocrx_word' id='word_1_292' title='bbox 473 2538 595 2607; x_wconf 83' lang='lat' dir='ltr'><strong><em>mansio,</em></strong></span> <span class='ocrx_word' id='word_1_293' title='bbox 620 2544 684 2604; x_wconf 80' lang='lat' dir='ltr'><strong><em>etc..</em></strong></span> <span class='ocrx_word' id='word_1_294' title='bbox 711 2553 796 2609; x_wconf 85' lang='lat' dir='ltr'><strong><em>usque</em></strong></span> <span class='ocrx_word' id='word_1_295' title='bbox 818 2540 856 2595; x_wconf 82' lang='lat' dir='ltr'><strong><em>ud</em></strong></span> <span class='ocrx_word' id='word_1_296' title='bbox 874 2539 909 2594; x_wconf 91' lang='lat' dir='ltr'><strong><em>ad</em></strong></span> 
     </span>
     <span class='ocr_line' id='line_1_41' title="bbox 76 2627 421 2685; baseline 0.009 -6"><span class='ocrx_word' id='word_1_297' title='bbox 76 2628 171 2683; x_wconf 84' lang='lat' dir='ltr'><strong><em>reniam</em></strong></span> <span class='ocrx_word' id='word_1_298' title='bbox 188 2627 332 2685; x_wconf 82' lang='lat' dir='ltr'><strong><em>reduxerit</em></strong></span> <span class='ocrx_word' id='word_1_299' title='bbox 347 2644 421 2683; x_wconf 90' lang='lat' dir='ltr'><strong><em>eam.</em></strong></span> 
     </span>
    </p>
   </div>
   <div class='ocr_carea' id='block_1_8' title="bbox 102 2761 904 2964">
    <p class='ocr_par' dir='ltr' id='par_1_17' title="bbox 102 2761 904 2964">
     <span class='ocr_line' id='line_1_42' title="bbox 388 2761 579 2817; baseline 0.005 -1"><span class='ocrx_word' id='word_1_300' title='bbox 388 2761 501 2816; x_wconf 81' lang='lat' dir='ltr'><strong>CAPUT</strong></span> <span class='ocrx_word' id='word_1_301' title='bbox 520 2761 579 2817; x_wconf 86' lang='lat' dir='ltr'><strong><em>llll.</em></strong></span> 
     </span>
     <span class='ocr_line' id='line_1_43' title="bbox 102 2891 904 2964; baseline 0.005 -19"><span class='ocrx_word' id='word_1_302' title='bbox 102 2893 173 2949; x_wconf 82' lang='lat' dir='ltr'><strong><em>vns.</em></strong></span> <span class='ocrx_word' id='word_1_303' title='bbox 191 2896 217 2948; x_wconf 92' lang='lat' dir='ltr'><strong><em>l.</em></strong></span> <span class='ocrx_word' id='word_1_304' title='bbox 233 2923 268 2935; x_wconf 95' lang='lat'><em>-</em></span> <span class='ocrx_word' id='word_1_305' title='bbox 295 2894 448 2963; x_wconf 80' lang='lat' dir='ltr'><strong><em>Douttuque</em></strong></span> <span class='ocrx_word' id='word_1_306' title='bbox 462 2897 503 2948; x_wconf 87' lang='lat' dir='ltr'><strong><em>est</em></strong></span> <span class='ocrx_word' id='word_1_307' title='bbox 525 2894 627 2960; x_wconf 84' lang='lat' dir='ltr'><strong><em>biurio,</em></strong></span> <span class='ocrx_word' id='word_1_308' title='bbox 642 2897 695 2948; x_wconf 87' lang='lat' dir='ltr'><strong><em>etc.</em></strong></span> <span class='ocrx_word' id='word_1_309' title='bbox 712 2891 813 2964; x_wconf 70' lang='lat' dir='ltr'><strong><em>(Oura,</em></strong></span> <span class='ocrx_word' id='word_1_310' title='bbox 831 2895 904 2949; x_wconf 86' lang='lat' dir='ltr'><strong><em>born.</em></strong></span> 
     </span>
    </p>
   </div>
   <div class='ocr_carea' id='block_1_9' title="bbox 963 1758 1814 2983">
    <p class='ocr_par' dir='ltr' id='par_1_18' title="bbox 964 1758 1813 2008">
     <span class='ocr_line' id='line_1_44' title="bbox 965 1758 1812 1834; baseline 0.009 -23"><span class='ocrx_word' id='word_1_311' title='bbox 965 1761 1064 1813; x_wconf 89' lang='lat' dir='ltr'><strong><em>monte</em></strong></span> <span class='ocrx_word' id='word_1_312' title='bbox 1087 1758 1288 1814; x_wconf 79' lang='lat' dir='ltr'><strong><em>transformato</em></strong></span> <span class='ocrx_word' id='word_1_313' title='bbox 1319 1760 1424 1828; x_wconf 80' lang='lat' dir='ltr'><strong><em>(liuttts.</em></strong></span> <span class='ocrx_word' id='word_1_314' title='bbox 1455 1761 1533 1832; x_wconf 83' lang='lat' dir='ltr'><strong><em>xvir),</em></strong></span> <span class='ocrx_word' id='word_1_315' title='bbox 1562 1765 1662 1834; x_wconf 89' lang='lat' dir='ltr'><strong><em>petens</em></strong></span> <span class='ocrx_word' id='word_1_316' title='bbox 1689 1766 1722 1818; x_wconf 93' lang='lat' dir='ltr'><strong><em>ut</em></strong></span> <span class='ocrx_word' id='word_1_317' title='bbox 1747 1779 1812 1819; x_wconf 93' lang='lat' dir='ltr'><strong><em>cum</em></strong></span> 
     </span>
     <span class='ocr_line' id='line_1_45' title="bbox 965 1847 1813 1919; baseline 0.007 -18"><span class='ocrx_word' id='word_1_318' title='bbox 965 1847 1112 1919; x_wconf 84' lang='lat' dir='ltr'><strong><em>plenitudo</em></strong></span> <span class='ocrx_word' id='word_1_319' title='bbox 1127 1847 1259 1918; x_wconf 87' lang='lat' dir='ltr'><strong><em>gentium</em></strong></span> <span class='ocrx_word' id='word_1_320' title='bbox 1275 1848 1420 1904; x_wconf 88' lang='lat' dir='ltr'><strong><em>introisset</em></strong></span> <span class='ocrx_word' id='word_1_321' title='bbox 1439 1849 1532 1905; x_wconf 90' lang='lat' dir='ltr'><strong><em>omnis</em></strong></span> <span class='ocrx_word' id='word_1_322' title='bbox 1549 1851 1633 1906; x_wconf 86' lang='lat' dir='ltr'><strong><em>lsrael</em></strong></span> <span class='ocrx_word' id='word_1_323' title='bbox 1650 1852 1742 1906; x_wconf 82' lang='lat' dir='ltr'><strong><em>salvus</em></strong></span> <span class='ocrx_word' id='word_1_324' title='bbox 1758 1851 1813 1907; x_wconf 82' lang='lat' dir='ltr'><strong><em>ns-</em></strong></span> 
     </span>
     <span class='ocr_line' id='line_1_46' title="bbox 964 1937 1178 2008; baseline 0 -16"><span class='ocrx_word' id='word_1_325' title='bbox 964 1942 1009 1992; x_wconf 88' lang='lat' dir='ltr'><strong><em>ret</em></strong></span> <span class='ocrx_word' id='word_1_326' title='bbox 1023 1938 1114 2006; x_wconf 84' lang='lat' dir='ltr'><strong><em>(Dum.</em></strong></span> <span class='ocrx_word' id='word_1_327' title='bbox 1131 1937 1178 2008; x_wconf 77' lang='grc' dir='ltr'>ιι).</span> 
     </span>
    </p>

    <p class='ocr_par' dir='ltr' id='par_1_19' title="bbox 963 2027 1814 2983">
     <span class='ocr_line' id='line_1_47' title="bbox 999 2027 1813 2096; baseline 0.009 -16"><span class='ocrx_word' id='word_1_328' title='bbox 999 2028 1082 2081; x_wconf 77' lang='lat' dir='ltr'><strong><em>vrrs.</em></strong></span> <span class='ocrx_word' id='word_1_329' title='bbox 1108 2027 1153 2082; x_wconf 78' lang='lat' dir='ltr'><strong><em>tt.</em></strong></span> <span class='ocrx_word' id='word_1_330' title='bbox 1180 2054 1215 2068; x_wconf 90' lang='lat'>-</span> <span class='ocrx_word' id='word_1_331' title='bbox 1239 2027 1361 2096; x_wconf 84' lang='lat' dir='ltr'><strong><em>spuisset</em></strong></span> <span class='ocrx_word' id='word_1_332' title='bbox 1384 2029 1412 2083; x_wconf 90' lang='lat' dir='ltr'><strong><em>in</em></strong></span> <span class='ocrx_word' id='word_1_333' title='bbox 1432 2030 1533 2096; x_wconf 74' lang='lat' dir='ltr'><strong><em>sociem</em></strong></span> <span class='ocrx_word' id='word_1_334' title='bbox 1554 2030 1641 2091; x_wconf 85' lang='lat' dir='ltr'><strong><em>itlius,</em></strong></span> <span class='ocrx_word' id='word_1_335' title='bbox 1662 2045 1749 2087; x_wconf 88' lang='lat' dir='ltr'><strong><em>nouus</em></strong></span> <span class='ocrx_word' id='word_1_336' title='bbox 1762 2030 1813 2086; x_wconf 85' lang='lat' dir='ltr'><strong><em>de·</em></strong></span> 
     </span>
     <span class='ocr_line' id='line_1_48' title="bbox 965 2114 1812 2193; baseline 0.002 -22"><span class='ocrx_word' id='word_1_337' title='bbox 965 2115 1059 2171; x_wconf 88' lang='lat' dir='ltr'><strong><em>bueret</em></strong></span> <span class='ocrx_word' id='word_1_338' title='bbox 1074 2116 1178 2183; x_wconf 87' lang='lat' dir='ltr'><strong><em>saitem,</em></strong></span> <span class='ocrx_word' id='word_1_339' title='bbox 1196 2117 1249 2169; x_wconf 89' lang='lat' dir='ltr'><strong><em>etc.</em></strong></span> <span class='ocrx_word' id='word_1_340' title='bbox 1266 2114 1386 2187; x_wconf 81' lang='lat' dir='ltr'><strong><em>Signum</em></strong></span> <span class='ocrx_word' id='word_1_341' title='bbox 1398 2115 1512 2188; x_wconf 87' lang='lat' dir='ltr'><strong><em>repudii</em></strong></span> <span class='ocrx_word' id='word_1_342' title='bbox 1527 2120 1570 2173; x_wconf 89' lang='lat' dir='ltr'><strong><em>cst</em></strong></span> <span class='ocrx_word' id='word_1_343' title='bbox 1583 2116 1730 2193; x_wconf 32' lang='lat' dir='ltr'><strong><em>iuqtaciem</em></strong></span> <span class='ocrx_word' id='word_1_344' title='bbox 1745 2134 1812 2173; x_wconf 89' lang='lat' dir='ltr'><strong><em>con·</em></strong></span> 
     </span>
     <span class='ocr_line' id='line_1_49' title="bbox 963 2202 1814 2277; baseline 0.004 -19"><span class='ocrx_word' id='word_1_345' title='bbox 963 2204 1037 2276; x_wconf 89' lang='lat' dir='ltr'><strong><em>spui.</em></strong></span> <span class='ocrx_word' id='word_1_346' title='bbox 1055 2203 1134 2260; x_wconf 85' lang='lat' dir='ltr'><strong><em>Unde</em></strong></span> <span class='ocrx_word' id='word_1_347' title='bbox 1145 2202 1293 2274; x_wconf 84' lang='lat' dir='ltr'><strong><em>proximus</em></strong></span> <span class='ocrx_word' id='word_1_348' title='bbox 1309 2203 1359 2275; x_wconf 90' lang='lat' dir='ltr'><strong><em>qui</em></strong></span> <span class='ocrx_word' id='word_1_349' title='bbox 1375 2205 1508 2276; x_wconf 86' lang='lat' dir='ltr'><strong><em>repudiet</em></strong></span> <span class='ocrx_word' id='word_1_350' title='bbox 1522 2205 1699 2277; x_wconf 89' lang='lat' dir='ltr'><strong><em>conjugium,</em></strong></span> <span class='ocrx_word' id='word_1_351' title='bbox 1715 2206 1814 2261; x_wconf 88' lang='lat' dir='ltr'><strong><em>discal-</em></strong></span> 
     </span>
     <span class='ocr_line' id='line_1_50' title="bbox 963 2291 1813 2362; baseline 0.002 -13"><span class='ocrx_word' id='word_1_352' title='bbox 963 2293 1053 2349; x_wconf 88' lang='lat' dir='ltr'><strong><em>ciatus</em></strong></span> <span class='ocrx_word' id='word_1_353' title='bbox 1080 2293 1111 2347; x_wconf 92' lang='lat' dir='ltr'><strong><em>in</em></strong></span> <span class='ocrx_word' id='word_1_354' title='bbox 1146 2292 1247 2347; x_wconf 84' lang='lat' dir='ltr'><strong><em>taciem</em></strong></span> <span class='ocrx_word' id='word_1_355' title='bbox 1276 2291 1445 2362; x_wconf 87' lang='lat' dir='ltr'><strong><em>conspuitur</em></strong></span> <span class='ocrx_word' id='word_1_356' title='bbox 1480 2292 1549 2348; x_wconf 85' lang='lat' dir='ltr'><strong><em>ilinc</em></strong></span> <span class='ocrx_word' id='word_1_357' title='bbox 1584 2293 1689 2349; x_wconf 85' lang='lat' dir='ltr'><strong><em>isaias:</em></strong></span> <span class='ocrx_word' id='word_1_358' title='bbox 1718 2296 1813 2351; x_wconf 84' lang='lat' dir='ltr'><strong><em>Omnes</em></strong></span> 
     </span>
     <span class='ocr_line' id='line_1_51' title="bbox 963 2381 1814 2452; baseline 0.002 -15"><span class='ocrx_word' id='word_1_359' title='bbox 963 2387 1053 2452; x_wconf 82' lang='lat' dir='ltr'><strong><em>pentes</em></strong></span> <span class='ocrx_word' id='word_1_360' title='bbox 1066 2383 1137 2437; x_wconf 90' lang='lat' dir='ltr'><strong><em>sicut</em></strong></span> <span class='ocrx_word' id='word_1_361' title='bbox 1151 2385 1229 2450; x_wconf 88' lang='lat' dir='ltr'><strong><em>quito</em></strong></span> <span class='ocrx_word' id='word_1_362' title='bbox 1243 2381 1344 2449; x_wconf 79' lang='lat' dir='ltr'><strong><em>situla,</em></strong></span> <span class='ocrx_word' id='word_1_363' title='bbox 1359 2385 1385 2435; x_wconf 91' lang='lat' dir='ltr'><strong><em>et</em></strong></span> <span class='ocrx_word' id='word_1_364' title='bbox 1398 2383 1468 2436; x_wconf 83' lang='lat' dir='ltr'><strong><em>sicut</em></strong></span> <span class='ocrx_word' id='word_1_365' title='bbox 1480 2386 1590 2451; x_wconf 89' lang='lat' dir='ltr'><strong><em>sputum</em></strong></span> <span class='ocrx_word' id='word_1_366' title='bbox 1604 2385 1737 2451; x_wconf 77' lang='lat' dir='ltr'><strong><em>reputata</em></strong></span> <span class='ocrx_word' id='word_1_367' title='bbox 1748 2387 1814 2439; x_wconf 83' lang='lat' dir='ltr'><strong><em>sunt</em></strong></span> 
     </span>
     <span class='ocr_line' id='line_1_52' title="bbox 963 2469 1813 2543; baseline 0 -16"><span class='ocrx_word' id='word_1_368' title='bbox 963 2472 1031 2543; x_wconf 88' lang='lat' dir='ltr'><strong><em>(lsu.</em></strong></span> <span class='ocrx_word' id='word_1_369' title='bbox 1060 2487 1105 2537; x_wconf 83' lang='lat' dir='ltr'><strong><em>ru,</em></strong></span> <span class='ocrx_word' id='word_1_370' title='bbox 1143 2470 1289 2525; x_wconf 87' lang='lat' dir='ltr'><strong><em>secundum</em></strong></span> <span class='ocrx_word' id='word_1_371' title='bbox 1326 2470 1409 2538; x_wconf 76' lang='lat' dir='ltr'>Lxx).</span> <span class='ocrx_word' id='word_1_372' title='bbox 1443 2469 1607 2525; x_wconf 90' lang='lat' dir='ltr'><strong><em>Ostenditur</em></strong></span> <span class='ocrx_word' id='word_1_373' title='bbox 1635 2486 1703 2542; x_wconf 89' lang='lat' dir='ltr'><strong><em>ergo</em></strong></span> <span class='ocrx_word' id='word_1_374' title='bbox 1736 2472 1813 2543; x_wconf 90' lang='lat' dir='ltr'><strong><em>quod</em></strong></span> 
     </span>
     <span class='ocr_line' id='line_1_53' title="bbox 963 2558 1812 2631; baseline -0.001 -15"><span class='ocrx_word' id='word_1_375' title='bbox 963 2561 1050 2616; x_wconf 87' lang='lat' dir='ltr'><strong><em>etiam</em></strong></span> <span class='ocrx_word' id='word_1_376' title='bbox 1066 2559 1113 2614; x_wconf 91' lang='lat' dir='ltr'><strong><em>ille</em></strong></span> <span class='ocrx_word' id='word_1_377' title='bbox 1124 2558 1258 2631; x_wconf 86' lang='lat' dir='ltr'><strong><em>populus,</em></strong></span> <span class='ocrx_word' id='word_1_378' title='bbox 1276 2558 1348 2614; x_wconf 91' lang='lat' dir='ltr'><strong><em>sicut</em></strong></span> <span class='ocrx_word' id='word_1_379' title='bbox 1362 2562 1472 2614; x_wconf 78' lang='lat' dir='ltr'><strong><em>eceterae</em></strong></span> <span class='ocrx_word' id='word_1_380' title='bbox 1483 2563 1583 2629; x_wconf 89' lang='lat' dir='ltr'><strong><em>gentes</em></strong></span> <span class='ocrx_word' id='word_1_381' title='bbox 1598 2575 1663 2630; x_wconf 74' lang='lat' dir='ltr'><strong><em>quas</em></strong></span> <span class='ocrx_word' id='word_1_382' title='bbox 1678 2561 1709 2614; x_wconf 91' lang='lat' dir='ltr'><strong><em>ut</em></strong></span> <span class='ocrx_word' id='word_1_383' title='bbox 1724 2558 1812 2631; x_wconf 91' lang='lat' dir='ltr'><strong><em>spiri·</em></strong></span> 
     </span>
     <span class='ocr_line' id='line_1_54' title="bbox 963 2646 1814 2720; baseline -0.004 -15"><span class='ocrx_word' id='word_1_384' title='bbox 963 2654 1025 2706; x_wconf 89' lang='lat' dir='ltr'><strong><em>tum</em></strong></span> <span class='ocrx_word' id='word_1_385' title='bbox 1054 2651 1234 2720; x_wconf 87' lang='lat' dir='ltr'><strong><em>reputantur,</em></strong></span> <span class='ocrx_word' id='word_1_386' title='bbox 1259 2646 1386 2717; x_wconf 64' lang='lat' dir='ltr'><strong><em>abjectus</em></strong></span> <span class='ocrx_word' id='word_1_387' title='bbox 1408 2651 1459 2701; x_wconf 88' lang='lat' dir='ltr'><strong><em>cst.</em></strong></span> <span class='ocrx_word' id='word_1_388' title='bbox 1487 2646 1515 2703; x_wconf 89' lang='lat' dir='ltr'><strong><em>si</em></strong></span> <span class='ocrx_word' id='word_1_389' title='bbox 1546 2647 1622 2701; x_wconf 88' lang='lat' dir='ltr'><strong><em>enim</em></strong></span> <span class='ocrx_word' id='word_1_390' title='bbox 1651 2646 1814 2702; x_wconf 87' lang='lat' dir='ltr'><strong><em>consideres</em></strong></span> 
     </span>
     <span class='ocr_line' id='line_1_55' title="bbox 963 2734 1813 2811; baseline -0.005 -18"><span class='ocrx_word' id='word_1_391' title='bbox 963 2739 1088 2811; x_wconf 88' lang='lat' dir='ltr'><strong><em>priorem</em></strong></span> <span class='ocrx_word' id='word_1_392' title='bbox 1115 2737 1264 2800; x_wconf 83' lang='lat' dir='ltr'><strong><em>honorem,</em></strong></span> <span class='ocrx_word' id='word_1_393' title='bbox 1293 2734 1489 2806; x_wconf 75' lang='lat' dir='ltr'><strong><em>pontificalem</em></strong></span> <span class='ocrx_word' id='word_1_394' title='bbox 1517 2734 1659 2801; x_wconf 89' lang='lat' dir='ltr'><strong><em>ordinem,</em></strong></span> <span class='ocrx_word' id='word_1_395' title='bbox 1688 2735 1813 2805; x_wconf 89' lang='lat' dir='ltr'><strong><em>insignia</em></strong></span> 
     </span>
     <span class='ocr_line' id='line_1_56' title="bbox 963 2824 1810 2896; baseline -0.005 -13"><span class='ocrx_word' id='word_1_396' title='bbox 963 2827 1153 2889; x_wconf 88' lang='lat' dir='ltr'><strong><em>sacerdotum,</em></strong></span> <span class='ocrx_word' id='word_1_397' title='bbox 1180 2824 1301 2881; x_wconf 82' lang='lat' dir='ltr'><strong><em>Levitico</em></strong></span> <span class='ocrx_word' id='word_1_398' title='bbox 1319 2824 1487 2891; x_wconf 88' lang='lat' dir='ltr'><strong><em>ministeria,</em></strong></span> <span class='ocrx_word' id='word_1_399' title='bbox 1504 2824 1684 2896; x_wconf 87' lang='lat' dir='ltr'><strong><em>majestatem</em></strong></span> <span class='ocrx_word' id='word_1_400' title='bbox 1699 2825 1810 2895; x_wconf 90' lang='lat' dir='ltr'><strong><em>templi,</em></strong></span> 
     </span>
     <span class='ocr_line' id='line_1_57' title="bbox 963 2911 1811 2983; baseline -0.006 -11"><span class='ocrx_word' id='word_1_401' title='bbox 963 2922 990 2972; x_wconf 86' lang='lat' dir='ltr'><strong><em>et</em></strong></span> <span class='ocrx_word' id='word_1_402' title='bbox 1004 2930 1052 2970; x_wconf 89' lang='lat' dir='ltr'><strong><em>eos</em></strong></span> <span class='ocrx_word' id='word_1_403' title='bbox 1065 2928 1130 2969; x_wconf 91' lang='lat' dir='ltr'><strong><em>cum</em></strong></span> <span class='ocrx_word' id='word_1_404' title='bbox 1153 2911 1313 2968; x_wconf 88' lang='lat' dir='ltr'><strong><em>coelestibus</em></strong></span> <span class='ocrx_word' id='word_1_405' title='bbox 1325 2912 1354 2967; x_wconf 90' lang='lat' dir='ltr'><strong><em>in</em></strong></span> <span class='ocrx_word' id='word_1_406' title='bbox 1373 2911 1456 2967; x_wconf 87' lang='lat' dir='ltr'><strong><em>terris</em></strong></span> <span class='ocrx_word' id='word_1_407' title='bbox 1472 2912 1577 2968; x_wconf 88' lang='lat' dir='ltr'><strong><em>habere</em></strong></span> <span class='ocrx_word' id='word_1_408' title='bbox 1591 2912 1745 2979; x_wconf 87' lang='lat' dir='ltr'><strong><em>consortia,</em></strong></span> <span class='ocrx_word' id='word_1_409' title='bbox 1761 2911 1811 2983; x_wconf 89' lang='lat' dir='ltr'><strong><em>qui</em></strong></span> 
     </span>
    </p>
   </div>
   <div class='ocr_carea' id='block_1_10' title="bbox 76 2981 1811 3071">
    <p class='ocr_par' dir='ltr' id='par_1_20' title="bbox 76 2981 1811 3071">
     <span class='ocr_line' id='line_1_58' title="bbox 76 2981 1811 3071; baseline 0.012 -36"><span class='ocrx_word' id='word_1_410' title='bbox 76 2985 121 3036; x_wconf 86' lang='lat' dir='ltr'><strong><em>tin</em></strong></span> <span class='ocrx_word' id='word_1_411' title='bbox 140 2984 233 3052; x_wconf 76' lang='lat' dir='ltr'><strong><em>Numi</em></strong></span> <span class='ocrx_word' id='word_1_412' title='bbox 270 2981 370 3046; x_wconf 63' lang='lat' dir='ltr'><strong><em>Mariba</em></strong></span> <span class='ocrx_word' id='word_1_413' title='bbox 396 2981 476 3054; x_wconf 71' lang='lat' dir='ltr'><strong>P¹⁰b⁵</strong></span> <span class='ocrx_word' id='word_1_414' title='bbox 496 2981 631 3048; x_wconf 61' lang='lat' dir='ltr'><strong><em>Judaiffli</em></strong></span> <span class='ocrx_word' id='word_1_415' title='bbox 657 2982 765 3053; x_wconf 50' lang='lat'><strong><em>⁸⁰5⁸&amp;</em></strong></span> <span class='ocrx_word' id='word_1_416' title='bbox 788 2982 831 3037; x_wconf 74' lang='lat'><strong><em>¹⁰¹</em></strong></span> <span class='ocrx_word' id='word_1_417' title='bbox 851 2984 907 3038; x_wconf 73' lang='lat'><strong><em>⁰⁰·</em></strong></span> <span class='ocrx_word' id='word_1_418' title='bbox 923 2998 943 3055; x_wconf 83' lang='lat' dir='ltr'><strong>C</strong></span> <span class='ocrx_word' id='word_1_419' title='bbox 961 3001 1076 3060; x_wconf 85' lang='lat' dir='ltr'><strong><em>tuitille</em></strong></span> <span class='ocrx_word' id='word_1_420' title='bbox 1102 3001 1204 3068; x_wconf 92' lang='lat' dir='ltr'><strong><em>honor,</em></strong></span> <span class='ocrx_word' id='word_1_421' title='bbox 1229 3014 1293 3071; x_wconf 86' lang='lat' dir='ltr'><strong><em>quse</em></strong></span> <span class='ocrx_word' id='word_1_422' title='bbox 1307 2999 1419 3070; x_wconf 77' lang='lat' dir='ltr'><strong><em>gloria?</em></strong></span> <span class='ocrx_word' id='word_1_423' title='bbox 1445 3001 1529 3070; x_wconf 75' lang='lat' dir='ltr'><strong><em>(Dum.</em></strong></span> <span class='ocrx_word' id='word_1_424' title='bbox 1555 3001 1592 3070; x_wconf 78' lang='lat' dir='ltr'><strong><em>v.)</em></strong></span> <span class='ocrx_word' id='word_1_425' title='bbox 1610 3001 1691 3056; x_wconf 89' lang='lat' dir='ltr'><strong><em>Nunc</em></strong></span> <span class='ocrx_word' id='word_1_426' title='bbox 1714 3005 1811 3056; x_wconf 90' lang='lat' dir='ltr'><strong><em>autem</em></strong></span> 
     </span>
    </p>
   </div>
   <div class='ocr_carea' id='block_1_11' title="bbox 60 3069 908 5621">
    <p class='ocr_par' dir='ltr' id='par_1_21' title="bbox 74 3069 908 3230">
     <span class='ocr_line' id='line_1_59' title="bbox 76 3069 908 3141; baseline 0.002 -17"><span class='ocrx_word' id='word_1_427' title='bbox 76 3070 132 3124; x_wconf 88' lang='lat' dir='ltr'><strong><em>uiui</em></strong></span> <span class='ocrx_word' id='word_1_428' title='bbox 144 3075 195 3139; x_wconf 88' lang='lat' dir='ltr'><strong><em>ast,</em></strong></span> <span class='ocrx_word' id='word_1_429' title='bbox 212 3076 279 3140; x_wconf 81' lang='lat' dir='ltr'><strong><em>etc,</em></strong></span> <span class='ocrx_word' id='word_1_430' title='bbox 300 3085 387 3141; x_wconf 85' lang='lat' dir='ltr'><strong><em>usque</em></strong></span> <span class='ocrx_word' id='word_1_431' title='bbox 411 3070 449 3124; x_wconf 83' lang='lat' dir='ltr'><strong><em>cd</em></strong></span> <span class='ocrx_word' id='word_1_432' title='bbox 463 3085 528 3124; x_wconf 90' lang='lat' dir='ltr'><strong><em>cum</em></strong></span> <span class='ocrx_word' id='word_1_433' title='bbox 548 3069 599 3125; x_wconf 89' lang='lat' dir='ltr'><strong><em>fiet</em></strong></span> <span class='ocrx_word' id='word_1_434' title='bbox 612 3085 687 3125; x_wconf 92' lang='lat' dir='ltr'><strong><em>unus</em></strong></span> <span class='ocrx_word' id='word_1_435' title='bbox 701 3085 769 3141; x_wconf 84' lang='lat' dir='ltr'><strong><em>grex</em></strong></span> <span class='ocrx_word' id='word_1_436' title='bbox 792 3075 819 3125; x_wconf 90' lang='lat' dir='ltr'><strong><em>et</em></strong></span> <span class='ocrx_word' id='word_1_437' title='bbox 833 3087 908 3126; x_wconf 90' lang='lat' dir='ltr'><strong><em>unus</em></strong></span> 
     </span>
     <span class='ocr_line' id='line_1_60' title="bbox 74 3157 317 3230; baseline 0.004 -18"><span class='ocrx_word' id='word_1_438' title='bbox 74 3165 156 3227; x_wconf 85' lang='lat' dir='ltr'><strong><em>pastor</em></strong></span> <span class='ocrx_word' id='word_1_439' title='bbox 171 3160 265 3227; x_wconf 84' lang='lat' dir='ltr'><strong><em>(toan.</em></strong></span> <span class='ocrx_word' id='word_1_440' title='bbox 281 3157 317 3230; x_wconf 87' lang='lat' dir='ltr'><strong><em>x).</em></strong></span> 
     </span>
    </p>

    <p class='ocr_par' dir='ltr' id='par_1_22' title="bbox 73 3245 908 3494">
     <span class='ocr_line' id='line_1_61' title="bbox 99 3245 906 3318; baseline 0.001 -17"><span class='ocrx_word' id='word_1_441' title='bbox 99 3247 156 3317; x_wconf 80' lang='lat' dir='ltr'><strong><em>(ln.)</em></strong></span> <span class='ocrx_word' id='word_1_442' title='bbox 173 3246 246 3314; x_wconf 77' lang='lat' dir='ltr'><strong><em>Quia</em></strong></span> <span class='ocrx_word' id='word_1_443' title='bbox 267 3247 455 3303; x_wconf 84' lang='lat' dir='ltr'><strong><em>detraxerunt</em></strong></span> <span class='ocrx_word' id='word_1_444' title='bbox 476 3249 572 3302; x_wconf 89' lang='lat' dir='ltr'><strong><em>Aaron</em></strong></span> <span class='ocrx_word' id='word_1_445' title='bbox 587 3250 616 3302; x_wconf 92' lang='lat' dir='ltr'><strong><em>at</em></strong></span> <span class='ocrx_word' id='word_1_446' title='bbox 630 3245 718 3302; x_wconf 90' lang='lat' dir='ltr'><strong><em>ltaria</em></strong></span> <span class='ocrx_word' id='word_1_447' title='bbox 733 3245 830 3318; x_wconf 84' lang='lat' dir='ltr'><strong><em>lloysi,</em></strong></span> <span class='ocrx_word' id='word_1_448' title='bbox 844 3263 906 3302; x_wconf 90' lang='lat' dir='ltr'><strong><em>cor-</em></strong></span> 
     </span>
     <span class='ocr_line' id='line_1_62' title="bbox 74 3335 908 3408; baseline 0.001 -19"><span class='ocrx_word' id='word_1_449' title='bbox 74 3336 132 3405; x_wconf 84' lang='lat' dir='ltr'><strong><em>repti</em></strong></span> <span class='ocrx_word' id='word_1_450' title='bbox 153 3341 229 3404; x_wconf 89' lang='lat' dir='ltr'><strong><em>sunt,</em></strong></span> <span class='ocrx_word' id='word_1_451' title='bbox 257 3339 324 3403; x_wconf 84' lang='lat' dir='ltr'><strong><em>etc,</em></strong></span> <span class='ocrx_word' id='word_1_452' title='bbox 349 3351 433 3405; x_wconf 90' lang='lat' dir='ltr'><strong><em>usquc</em></strong></span> <span class='ocrx_word' id='word_1_453' title='bbox 458 3335 496 3390; x_wconf 85' lang='lat' dir='ltr'><strong><em>od</em></strong></span> <span class='ocrx_word' id='word_1_454' title='bbox 518 3335 598 3406; x_wconf 88' lang='lat' dir='ltr'><strong><em>lepra</em></strong></span> <span class='ocrx_word' id='word_1_455' title='bbox 621 3335 699 3391; x_wconf 89' lang='lat' dir='ltr'><strong><em>anim</em></strong></span> <span class='ocrx_word' id='word_1_456' title='bbox 723 3335 908 3408; x_wconf 88' lang='lat' dir='ltr'><strong><em>consequitur</em></strong></span> 
     </span>
     <span class='ocr_line' id='line_1_63' title="bbox 73 3424 464 3494; baseline 0.003 -16"><span class='ocrx_word' id='word_1_457' title='bbox 73 3424 246 3481; x_wconf 72' lang='lat' dir='ltr'><strong><em>detrectantes</em></strong></span> <span class='ocrx_word' id='word_1_458' title='bbox 262 3430 291 3481; x_wconf 90' lang='lat' dir='ltr'><strong><em>at</em></strong></span> <span class='ocrx_word' id='word_1_459' title='bbox 306 3426 464 3494; x_wconf 78' lang='lat' dir='ltr'><strong><em>cacologos.</em></strong></span> 
     </span>
    </p>

    <p class='ocr_par' dir='ltr' id='par_1_23' title="bbox 69 3510 908 3762">
     <span class='ocr_line' id='line_1_64' title="bbox 97 3510 907 3585; baseline -0.002 -15"><span class='ocrx_word' id='word_1_460' title='bbox 97 3513 156 3583; x_wconf 79' lang='lat' dir='ltr'><strong><em>ilo.)</em></strong></span> <span class='ocrx_word' id='word_1_461' title='bbox 170 3512 270 3571; x_wconf 86' lang='lat' dir='ltr'><strong><em>Omnis</em></strong></span> <span class='ocrx_word' id='word_1_462' title='bbox 295 3512 380 3568; x_wconf 87' lang='lat' dir='ltr'><strong><em>stiam</em></strong></span> <span class='ocrx_word' id='word_1_463' title='bbox 403 3512 453 3585; x_wconf 87' lang='lat' dir='ltr'><strong><em>qui</em></strong></span> <span class='ocrx_word' id='word_1_464' title='bbox 469 3511 574 3584; x_wconf 88' lang='lat' dir='ltr'><strong><em>scripta</em></strong></span> <span class='ocrx_word' id='word_1_465' title='bbox 599 3510 688 3583; x_wconf 75' lang='lat' dir='ltr'><strong><em>ltoysi</em></strong></span> <span class='ocrx_word' id='word_1_466' title='bbox 701 3511 777 3568; x_wconf 88' lang='lat' dir='ltr'><strong><em>mala</em></strong></span> <span class='ocrx_word' id='word_1_467' title='bbox 800 3510 907 3568; x_wconf 87' lang='lat' dir='ltr'><strong><em>intelli·</em></strong></span> 
     </span>
     <span class='ocr_line' id='line_1_65' title="bbox 70 3599 908 3672; baseline 0 -16"><span class='ocrx_word' id='word_1_468' title='bbox 70 3600 111 3670; x_wconf 79' lang='lat' dir='ltr'><strong><em>git,</em></strong></span> <span class='ocrx_word' id='word_1_469' title='bbox 129 3605 158 3656; x_wconf 89' lang='lat' dir='ltr'><strong><em>at</em></strong></span> <span class='ocrx_word' id='word_1_470' title='bbox 171 3599 332 3672; x_wconf 89' lang='lat' dir='ltr'><strong><em>spiritalem</em></strong></span> <span class='ocrx_word' id='word_1_471' title='bbox 359 3601 452 3672; x_wconf 90' lang='lat' dir='ltr'><strong><em>legam</em></strong></span> <span class='ocrx_word' id='word_1_472' title='bbox 471 3600 624 3655; x_wconf 87' lang='lat' dir='ltr'><strong><em>carnaliter</em></strong></span> <span class='ocrx_word' id='word_1_473' title='bbox 637 3599 765 3672; x_wconf 85' lang='lat' dir='ltr'><strong><em>suscipit,</em></strong></span> <span class='ocrx_word' id='word_1_474' title='bbox 783 3600 908 3656; x_wconf 86' lang='lat' dir='ltr'><strong><em>detrahit</em></strong></span> 
     </span>
     <span class='ocr_line' id='line_1_66' title="bbox 69 3687 737 3762; baseline -0.001 -19"><span class='ocrx_word' id='word_1_475' title='bbox 69 3688 97 3756; x_wconf 88' lang='lat' dir='ltr'><strong><em>si,</em></strong></span> <span class='ocrx_word' id='word_1_476' title='bbox 111 3688 226 3762; x_wconf 90' lang='lat' dir='ltr'><strong><em>quiade</em></strong></span> <span class='ocrx_word' id='word_1_477' title='bbox 241 3688 335 3745; x_wconf 82' lang='lat' dir='ltr'><strong><em>verbis</em></strong></span> <span class='ocrx_word' id='word_1_478' title='bbox 348 3688 466 3760; x_wconf 89' lang='lat' dir='ltr'><strong><em>spiritus</em></strong></span> <span class='ocrx_word' id='word_1_479' title='bbox 479 3687 630 3745; x_wconf 81' lang='lat' dir='ltr'><strong><em>carnaliter</em></strong></span> <span class='ocrx_word' id='word_1_480' title='bbox 642 3689 737 3744; x_wconf 87' lang='lat' dir='ltr'><strong><em>sentit.</em></strong></span> 
     </span>
    </p>

    <p class='ocr_par' dir='ltr' id='par_1_24' title="bbox 60 3775 907 4382">
     <span class='ocr_line' id='line_1_67' title="bbox 94 3775 906 3850; baseline -0.002 -15"><span class='ocrx_word' id='word_1_481' title='bbox 94 3777 216 3850; x_wconf 76' lang='lat' dir='ltr'><strong><em>tystice,</em></strong></span> <span class='ocrx_word' id='word_1_482' title='bbox 234 3794 292 3833; x_wconf 93' lang='lat' dir='ltr'><strong><em>non</em></strong></span> <span class='ocrx_word' id='word_1_483' title='bbox 307 3778 400 3833; x_wconf 91' lang='lat' dir='ltr'><strong><em>solum</em></strong></span> <span class='ocrx_word' id='word_1_484' title='bbox 414 3777 507 3834; x_wconf 81' lang='lat' dir='ltr'><strong><em>iudaei</em></strong></span> <span class='ocrx_word' id='word_1_485' title='bbox 531 3777 671 3845; x_wconf 71' lang='lat' dir='ltr'><strong><em>heretici,</em></strong></span> <span class='ocrx_word' id='word_1_486' title='bbox 694 3775 744 3850; x_wconf 92' lang='lat' dir='ltr'><strong><em>qui</em></strong></span> <span class='ocrx_word' id='word_1_487' title='bbox 759 3792 819 3832; x_wconf 92' lang='lat' dir='ltr'><strong><em>non</em></strong></span> <span class='ocrx_word' id='word_1_488' title='bbox 834 3777 906 3833; x_wconf 87' lang='lat' dir='ltr'><strong><em>reci·</em></strong></span> 
     </span>
     <span class='ocr_line' id='line_1_68' title="bbox 67 3865 906 3939; baseline 0.001 -20"><span class='ocrx_word' id='word_1_489' title='bbox 67 3866 142 3935; x_wconf 86' lang='lat' dir='ltr'><strong><em>piant</em></strong></span> <span class='ocrx_word' id='word_1_490' title='bbox 161 3869 255 3939; x_wconf 86' lang='lat' dir='ltr'><strong><em>tegern</em></strong></span> <span class='ocrx_word' id='word_1_491' title='bbox 270 3872 300 3921; x_wconf 90' lang='lat' dir='ltr'><strong><em>et</em></strong></span> <span class='ocrx_word' id='word_1_492' title='bbox 315 3867 478 3938; x_wconf 87' lang='lat' dir='ltr'><strong><em>prophetas,</em></strong></span> <span class='ocrx_word' id='word_1_493' title='bbox 504 3866 658 3922; x_wconf 87' lang='lat' dir='ltr'><strong><em>detrahunt</em></strong></span> <span class='ocrx_word' id='word_1_494' title='bbox 673 3865 769 3938; x_wconf 80' lang='lat' dir='ltr'><strong><em>lioysi.</em></strong></span> <span class='ocrx_word' id='word_1_495' title='bbox 784 3865 838 3931; x_wconf 85' lang='lat' dir='ltr'><strong><em>Qui</em></strong></span> <span class='ocrx_word' id='word_1_496' title='bbox 852 3866 906 3921; x_wconf 92' lang='lat' dir='ltr'><strong><em>im·</em></strong></span> 
     </span>
     <span class='ocr_line' id='line_1_69' title="bbox 66 3954 906 4028; baseline -0.002 -18"><span class='ocrx_word' id='word_1_497' title='bbox 66 3955 181 4028; x_wconf 85' lang='lat' dir='ltr'><strong><em>pingunt</em></strong></span> <span class='ocrx_word' id='word_1_498' title='bbox 205 3954 292 4010; x_wconf 91' lang='lat' dir='ltr'><strong><em>etiam</em></strong></span> <span class='ocrx_word' id='word_1_499' title='bbox 315 3954 342 4010; x_wconf 89' lang='lat' dir='ltr'><strong><em>ei</em></strong></span> <span class='ocrx_word' id='word_1_500' title='bbox 371 3955 448 4027; x_wconf 89' lang='lat' dir='ltr'><strong><em>quod</em></strong></span> <span class='ocrx_word' id='word_1_501' title='bbox 471 3954 615 4010; x_wconf 87' lang='lat' dir='ltr'><strong><em>homicida</em></strong></span> <span class='ocrx_word' id='word_1_502' title='bbox 642 3955 707 4022; x_wconf 84' lang='lat' dir='ltr'><strong><em>tuit,</em></strong></span> <span class='ocrx_word' id='word_1_503' title='bbox 728 3954 796 4026; x_wconf 89' lang='lat' dir='ltr'><strong><em>quia</em></strong></span> <span class='ocrx_word' id='word_1_504' title='bbox 819 3955 906 4026; x_wconf 81' lang='lat' dir='ltr'><strong><em>AEgy·</em></strong></span> 
     </span>
     <span class='ocr_line' id='line_1_70' title="bbox 64 4041 907 4114; baseline -0.002 -16"><span class='ocrx_word' id='word_1_505' title='bbox 64 4043 149 4114; x_wconf 83' lang='lat' dir='ltr'><strong><em>ptinm</em></strong></span> <span class='ocrx_word' id='word_1_506' title='bbox 160 4042 314 4110; x_wconf 87' lang='lat' dir='ltr'><strong><em>interiecit,</em></strong></span> <span class='ocrx_word' id='word_1_507' title='bbox 328 4047 356 4099; x_wconf 91' lang='lat' dir='ltr'><strong><em>et</em></strong></span> <span class='ocrx_word' id='word_1_508' title='bbox 366 4043 421 4098; x_wconf 88' lang='lat' dir='ltr'><strong><em>alia</em></strong></span> <span class='ocrx_word' id='word_1_509' title='bbox 432 4043 523 4099; x_wconf 89' lang='lat' dir='ltr'><strong><em>muita</em></strong></span> <span class='ocrx_word' id='word_1_510' title='bbox 532 4042 619 4098; x_wconf 89' lang='lat' dir='ltr'><strong><em>etiam</em></strong></span> <span class='ocrx_word' id='word_1_511' title='bbox 632 4042 662 4096; x_wconf 94' lang='lat' dir='ltr'><strong><em>iu</em></strong></span> <span class='ocrx_word' id='word_1_512' title='bbox 673 4041 745 4097; x_wconf 89' lang='lat' dir='ltr'><strong><em>alios</em></strong></span> <span class='ocrx_word' id='word_1_513' title='bbox 752 4043 907 4114; x_wconf 89' lang='lat' dir='ltr'><strong><em>prophetas</em></strong></span> 
     </span>
     <span class='ocr_line' id='line_1_71' title="bbox 63 4130 906 4205; baseline -0.002 -18"><span class='ocrx_word' id='word_1_514' title='bbox 63 4131 226 4205; x_wconf 86' lang='lat' dir='ltr'><strong><em>blasphemo</em></strong></span> <span class='ocrx_word' id='word_1_515' title='bbox 252 4149 301 4188; x_wconf 89' lang='lat' dir='ltr'><strong><em>ore</em></strong></span> <span class='ocrx_word' id='word_1_516' title='bbox 323 4131 515 4189; x_wconf 89' lang='lat' dir='ltr'><strong><em>concinnant:</em></strong></span> <span class='ocrx_word' id='word_1_517' title='bbox 533 4132 598 4187; x_wconf 88' lang='lat' dir='ltr'><strong><em>ideo</em></strong></span> <span class='ocrx_word' id='word_1_518' title='bbox 613 4138 680 4187; x_wconf 90' lang='lat' dir='ltr'><strong><em>sunt</em></strong></span> <span class='ocrx_word' id='word_1_519' title='bbox 701 4130 732 4186; x_wconf 92' lang='lat' dir='ltr'><strong><em>in</em></strong></span> <span class='ocrx_word' id='word_1_520' title='bbox 747 4131 843 4186; x_wconf 91' lang='lat' dir='ltr'><strong><em>anima</em></strong></span> <span class='ocrx_word' id='word_1_521' title='bbox 865 4130 906 4186; x_wconf 92' lang='lat' dir='ltr'><strong><em>le·</em></strong></span> 
     </span>
     <span class='ocr_line' id='line_1_72' title="bbox 61 4219 906 4293; baseline -0.004 -16"><span class='ocrx_word' id='word_1_522' title='bbox 61 4223 144 4293; x_wconf 89' lang='lat' dir='ltr'><strong><em>prosi,</em></strong></span> <span class='ocrx_word' id='word_1_523' title='bbox 170 4226 201 4277; x_wconf 87' lang='lat' dir='ltr'><strong><em>et</em></strong></span> <span class='ocrx_word' id='word_1_524' title='bbox 224 4221 380 4292; x_wconf 86' lang='lat' dir='ltr'><strong><em>ejiciuntur</em></strong></span> <span class='ocrx_word' id='word_1_525' title='bbox 401 4221 437 4278; x_wconf 93' lang='lat' dir='ltr'><strong><em>ab</em></strong></span> <span class='ocrx_word' id='word_1_526' title='bbox 460 4220 579 4277; x_wconf 86' lang='lat' dir='ltr'><strong><em>ccclesia</em></strong></span> <span class='ocrx_word' id='word_1_527' title='bbox 599 4219 659 4292; x_wconf 84' lang='lat' dir='ltr'><strong><em>Dei.</em></strong></span> <span class='ocrx_word' id='word_1_528' title='bbox 684 4220 743 4286; x_wconf 81' lang='lat' dir='ltr'><strong><em>Vel,</em></strong></span> <span class='ocrx_word' id='word_1_529' title='bbox 768 4219 906 4288; x_wconf 76' lang='lat' dir='ltr'><strong><em>haeretici,</em></strong></span> 
     </span>
     <span class='ocr_line' id='line_1_73' title="bbox 60 4309 429 4382; baseline -0.003 -17"><span class='ocrx_word' id='word_1_530' title='bbox 60 4310 106 4381; x_wconf 82' lang='lat' dir='ltr'><strong><em>qui</em></strong></span> <span class='ocrx_word' id='word_1_531' title='bbox 120 4310 278 4366; x_wconf 85' lang='lat' dir='ltr'><strong><em>detrahunt</em></strong></span> <span class='ocrx_word' id='word_1_532' title='bbox 289 4309 429 4382; x_wconf 88' lang='lat' dir='ltr'><strong><em>proximis</em></strong></span> 
     </span>
    </p>

    <p class='ocr_par' dir='ltr' id='par_1_25' title="bbox 60 4396 908 4647">
     <span class='ocr_line' id='line_1_74' title="bbox 91 4396 908 4469; baseline -0.002 -16"><span class='ocrx_word' id='word_1_533' title='bbox 91 4398 296 4467; x_wconf 64' lang='lat' dir='ltr'><strong><em>streperem.</em></strong></span> <span class='ocrx_word' id='word_1_534' title='bbox 321 4398 414 4468; x_wconf 79' lang='lat' dir='ltr'><strong><em>(Aac,</em></strong></span> <span class='ocrx_word' id='word_1_535' title='bbox 437 4413 497 4467; x_wconf 80' lang='lat' dir='ltr'><strong><em>qua</em></strong></span> <span class='ocrx_word' id='word_1_536' title='bbox 519 4400 567 4453; x_wconf 89' lang='lat' dir='ltr'><strong><em>est.</em></strong></span> <span class='ocrx_word' id='word_1_537' title='bbox 584 4397 641 4466; x_wconf 79' lang='lat' dir='ltr'><strong><em>uo.)</em></strong></span> <span class='ocrx_word' id='word_1_538' title='bbox 656 4397 696 4451; x_wconf 91' lang='lat' dir='ltr'><strong><em>De</em></strong></span> <span class='ocrx_word' id='word_1_539' title='bbox 710 4412 798 4451; x_wconf 83' lang='lat' dir='ltr'><strong><em>uxore</em></strong></span> <span class='ocrx_word' id='word_1_540' title='bbox 821 4396 908 4469; x_wconf 84' lang='lat' dir='ltr'><strong><em>ltoysi</em></strong></span> 
     </span>
     <span class='ocr_line' id='line_1_75' title="bbox 60 4485 907 4558; baseline 0 -18"><span class='ocrx_word' id='word_1_541' title='bbox 60 4492 122 4551; x_wconf 79' lang='lat' dir='ltr'><strong><em>ete,</em></strong></span> <span class='ocrx_word' id='word_1_542' title='bbox 144 4501 230 4557; x_wconf 86' lang='lat' dir='ltr'><strong><em>usque</em></strong></span> <span class='ocrx_word' id='word_1_543' title='bbox 247 4485 287 4540; x_wconf 82' lang='lat' dir='ltr'><strong><em>od</em></strong></span> <span class='ocrx_word' id='word_1_544' title='bbox 302 4485 376 4541; x_wconf 91' lang='lat' dir='ltr'><strong><em>sicut</em></strong></span> <span class='ocrx_word' id='word_1_545' title='bbox 390 4486 483 4541; x_wconf 91' lang='lat' dir='ltr'><strong><em>solent</em></strong></span> <span class='ocrx_word' id='word_1_546' title='bbox 508 4487 637 4542; x_wconf 91' lang='lat' dir='ltr'><strong><em>locorum</em></strong></span> <span class='ocrx_word' id='word_1_547' title='bbox 658 4490 687 4541; x_wconf 88' lang='lat' dir='ltr'><strong><em>st</em></strong></span> <span class='ocrx_word' id='word_1_548' title='bbox 708 4486 838 4558; x_wconf 88' lang='lat' dir='ltr'><strong><em>gentium</em></strong></span> <span class='ocrx_word' id='word_1_549' title='bbox 853 4501 907 4540; x_wconf 92' lang='lat' dir='ltr'><strong><em>no-</em></strong></span> 
     </span>
     <span class='ocr_line' id='line_1_76' title="bbox 60 4574 601 4647; baseline 0.004 -18"><span class='ocrx_word' id='word_1_550' title='bbox 60 4576 135 4629; x_wconf 87' lang='lat' dir='ltr'><strong><em>mina</em></strong></span> <span class='ocrx_word' id='word_1_551' title='bbox 147 4576 319 4647; x_wconf 87' lang='lat' dir='ltr'><strong><em>plerumque</em></strong></span> <span class='ocrx_word' id='word_1_552' title='bbox 334 4579 472 4630; x_wconf 84' lang='lat' dir='ltr'><strong><em>vetustate</em></strong></span> <span class='ocrx_word' id='word_1_553' title='bbox 485 4574 601 4631; x_wconf 89' lang='lat' dir='ltr'><strong><em>mutari.</em></strong></span> 
     </span>
    </p>

    <p class='ocr_par' dir='ltr' id='par_1_26' title="bbox 62 4662 907 5002">
     <span class='ocr_line' id='line_1_77' title="bbox 94 4662 906 4733; baseline 0.001 -17"><span class='ocrx_word' id='word_1_554' title='bbox 94 4663 180 4717; x_wconf 82' lang='lat' dir='ltr'><strong><em>liuns.</em></strong></span> <span class='ocrx_word' id='word_1_555' title='bbox 207 4665 233 4717; x_wconf 85' lang='lat' dir='ltr'><strong><em>d.</em></strong></span> <span class='ocrx_word' id='word_1_556' title='bbox 261 4692 290 4703; x_wconf 93' lang='lat'>-</span> <span class='ocrx_word' id='word_1_557' title='bbox 317 4663 445 4733; x_wconf 88' lang='lat' dir='ltr'><strong><em>Siquis.</em></strong></span> <span class='ocrx_word' id='word_1_558' title='bbox 471 4662 572 4729; x_wconf 74' lang='lat' dir='ltr'><strong><em>(Dure,</em></strong></span> <span class='ocrx_word' id='word_1_559' title='bbox 594 4664 642 4718; x_wconf 89' lang='lat' dir='ltr'><strong><em>ubi</em></strong></span> <span class='ocrx_word' id='word_1_560' title='bbox 669 4663 776 4733; x_wconf 85' lang='lat' dir='ltr'><strong><em>supro.)</em></strong></span> <span class='ocrx_word' id='word_1_561' title='bbox 804 4662 906 4717; x_wconf 87' lang='lat' dir='ltr'><strong><em>Audita</em></strong></span> 
     </span>
     <span class='ocr_line' id='line_1_78' title="bbox 62 4750 907 4821; baseline -0.004 -16"><span class='ocrx_word' id='word_1_562' title='bbox 62 4758 197 4821; x_wconf 85' lang='lat' dir='ltr'><strong><em>quantum</em></strong></span> <span class='ocrx_word' id='word_1_563' title='bbox 234 4750 369 4806; x_wconf 85' lang='lat' dir='ltr'><strong><em>beneficii</em></strong></span> <span class='ocrx_word' id='word_1_564' title='bbox 404 4751 556 4806; x_wconf 88' lang='lat' dir='ltr'><strong><em>conterunt</em></strong></span> <span class='ocrx_word' id='word_1_565' title='bbox 597 4750 796 4817; x_wconf 79' lang='lat' dir='ltr'><strong><em>obtrectantes,</em></strong></span> <span class='ocrx_word' id='word_1_566' title='bbox 834 4754 907 4818; x_wconf 77' lang='lat' dir='ltr'><strong><em>etc,</em></strong></span> 
     </span>
     <span class='ocr_line' id='line_1_79' title="bbox 63 4836 906 4912; baseline -0.005 -18"><span class='ocrx_word' id='word_1_567' title='bbox 63 4856 140 4910; x_wconf 87' lang='lat' dir='ltr'><strong><em>usque</em></strong></span> <span class='ocrx_word' id='word_1_568' title='bbox 159 4839 199 4895; x_wconf 82' lang='lat' dir='ltr'><strong><em>ud</em></strong></span> <span class='ocrx_word' id='word_1_569' title='bbox 221 4840 266 4894; x_wconf 82' lang='lat' dir='ltr'><strong><em>vel</em></strong></span> <span class='ocrx_word' id='word_1_570' title='bbox 281 4840 318 4894; x_wconf 88' lang='lat' dir='ltr'><strong><em>ad</em></strong></span> <span class='ocrx_word' id='word_1_571' title='bbox 341 4839 436 4912; x_wconf 85' lang='lat' dir='ltr'><strong><em>ipsum</em></strong></span> <span class='ocrx_word' id='word_1_572' title='bbox 464 4841 539 4895; x_wconf 88' lang='lat' dir='ltr'><strong><em>Deus</em></strong></span> <span class='ocrx_word' id='word_1_573' title='bbox 562 4853 622 4894; x_wconf 94' lang='lat' dir='ltr'><strong><em>non</em></strong></span> <span class='ocrx_word' id='word_1_574' title='bbox 645 4837 773 4909; x_wconf 88' lang='lat' dir='ltr'><strong><em>loquitur</em></strong></span> <span class='ocrx_word' id='word_1_575' title='bbox 791 4836 823 4890; x_wconf 91' lang='lat' dir='ltr'><strong><em>in</em></strong></span> <span class='ocrx_word' id='word_1_576' title='bbox 837 4837 906 4891; x_wconf 78' lang='lat' dir='ltr'><strong><em>aeni-</em></strong></span> 
     </span>
     <span class='ocr_line' id='line_1_80' title="bbox 62 4927 392 5002; baseline 0.006 -18"><span class='ocrx_word' id='word_1_577' title='bbox 62 4927 227 4999; x_wconf 67' lang='lat' dir='ltr'><strong><em>gasteaco</em></strong></span> <span class='ocrx_word' id='word_1_578' title='bbox 242 4928 273 4984; x_wconf 91' lang='lat' dir='ltr'><strong><em>in</em></strong></span> <span class='ocrx_word' id='word_1_579' title='bbox 288 4929 392 5002; x_wconf 89' lang='lat' dir='ltr'><strong><em>specie.</em></strong></span> 
     </span>
    </p>

    <p class='ocr_par' dir='ltr' id='par_1_27' title="bbox 68 5013 908 5440">
     <span class='ocr_line' id='line_1_81' title="bbox 94 5013 907 5088; baseline -0.007 -15"><span class='ocrx_word' id='word_1_580' title='bbox 94 5018 175 5074; x_wconf 77' lang='lat' dir='ltr'><strong><em>teas.</em></strong></span> <span class='ocrx_word' id='word_1_581' title='bbox 194 5021 221 5074; x_wconf 88' lang='lat'><strong><em>8.</em></strong></span> <span class='ocrx_word' id='word_1_582' title='bbox 246 5048 276 5060; x_wconf 92' lang='lat'>-</span> <span class='ocrx_word' id='word_1_583' title='bbox 304 5022 456 5075; x_wconf 88' lang='lat' dir='ltr'><strong><em>Dominum.</em></strong></span> <span class='ocrx_word' id='word_1_584' title='bbox 482 5017 546 5088; x_wconf 85' lang='lat' dir='ltr'><strong><em>(ln.)</em></strong></span> <span class='ocrx_word' id='word_1_585' title='bbox 567 5015 631 5072; x_wconf 90' lang='lat' dir='ltr'><strong><em>Alia</em></strong></span> <span class='ocrx_word' id='word_1_586' title='bbox 652 5013 763 5070; x_wconf 90' lang='lat' dir='ltr'><strong><em>littera:</em></strong></span> <span class='ocrx_word' id='word_1_587' title='bbox 787 5013 828 5068; x_wconf 78' lang='lat' dir='ltr'><strong><em>nt</em></strong></span> <span class='ocrx_word' id='word_1_588' title='bbox 846 5014 907 5081; x_wconf 81' lang='lat' dir='ltr'><strong><em>pto-</em></strong></span> 
     </span>
     <span class='ocr_line' id='line_1_82' title="bbox 68 5100 905 5176; baseline -0.007 -15"><span class='ocrx_word' id='word_1_589' title='bbox 68 5108 130 5161; x_wconf 78' lang='lat' dir='ltr'><strong><em>neu</em></strong></span> <span class='ocrx_word' id='word_1_590' title='bbox 154 5108 266 5162; x_wconf 74' lang='lat' dir='ltr'><strong><em>Domim</em></strong></span> <span class='ocrx_word' id='word_1_591' title='bbox 287 5106 371 5162; x_wconf 82' lang='lat' dir='ltr'><strong><em>uidet.</em></strong></span> <span class='ocrx_word' id='word_1_592' title='bbox 397 5105 471 5161; x_wconf 86' lang='lat' dir='ltr'><strong><em>Vidit</em></strong></span> <span class='ocrx_word' id='word_1_593' title='bbox 498 5107 605 5176; x_wconf 78' lang='lat' dir='ltr'><strong><em>ltoyses</em></strong></span> <span class='ocrx_word' id='word_1_594' title='bbox 627 5102 749 5175; x_wconf 88' lang='lat' dir='ltr'><strong><em>gloriam</em></strong></span> <span class='ocrx_word' id='word_1_595' title='bbox 783 5100 905 5168; x_wconf 84' lang='lat' dir='ltr'><strong><em>Domini,</em></strong></span> 
     </span>
     <span class='ocr_line' id='line_1_83' title="bbox 69 5190 908 5262; baseline -0.001 -16"><span class='ocrx_word' id='word_1_596' title='bbox 69 5194 174 5262; x_wconf 83' lang='lat' dir='ltr'><strong><em>quando</em></strong></span> <span class='ocrx_word' id='word_1_597' title='bbox 207 5193 426 5250; x_wconf 74' lang='lat' dir='ltr'><strong><em>transformatus</em></strong></span> <span class='ocrx_word' id='word_1_598' title='bbox 455 5199 499 5249; x_wconf 89' lang='lat' dir='ltr'><strong><em>est</em></strong></span> <span class='ocrx_word' id='word_1_599' title='bbox 525 5193 664 5248; x_wconf 87' lang='lat' dir='ltr'><strong><em>Dominus</em></strong></span> <span class='ocrx_word' id='word_1_600' title='bbox 688 5190 719 5244; x_wconf 91' lang='lat' dir='ltr'><strong><em>in</em></strong></span> <span class='ocrx_word' id='word_1_601' title='bbox 743 5195 851 5256; x_wconf 89' lang='lat' dir='ltr'><strong><em>monta,</em></strong></span> <span class='ocrx_word' id='word_1_602' title='bbox 880 5193 908 5245; x_wconf 88' lang='lat' dir='ltr'><strong><em>et</em></strong></span> 
     </span>
     <span class='ocr_line' id='line_1_84' title="bbox 69 5279 905 5354; baseline -0.004 -18"><span class='ocrx_word' id='word_1_603' title='bbox 69 5281 155 5339; x_wconf 70' lang='lat' dir='ltr'><strong><em>derat</em></strong></span> <span class='ocrx_word' id='word_1_604' title='bbox 172 5283 200 5339; x_wconf 89' lang='lat' dir='ltr'><strong><em>si</em></strong></span> <span class='ocrx_word' id='word_1_605' title='bbox 220 5284 329 5354; x_wconf 83' lang='lat' dir='ltr'><strong><em>lloyses</em></strong></span> <span class='ocrx_word' id='word_1_606' title='bbox 354 5299 419 5338; x_wconf 92' lang='lat' dir='ltr'><strong><em>cum</em></strong></span> <span class='ocrx_word' id='word_1_607' title='bbox 444 5283 513 5350; x_wconf 86' lang='lat' dir='ltr'><strong><em>Elia,</em></strong></span> <span class='ocrx_word' id='word_1_608' title='bbox 539 5287 567 5337; x_wconf 93' lang='lat' dir='ltr'><strong><em>et</em></strong></span> <span class='ocrx_word' id='word_1_609' title='bbox 590 5280 808 5353; x_wconf 87' lang='lat' dir='ltr'><strong><em>colloquebatur</em></strong></span> <span class='ocrx_word' id='word_1_610' title='bbox 829 5279 905 5349; x_wconf 78' lang='lat' dir='ltr'><strong><em>(Luc.</em></strong></span> 
     </span>
     <span class='ocr_line' id='line_1_85' title="bbox 71 5370 391 5440; baseline 0.009 -15"><span class='ocrx_word' id='word_1_611' title='bbox 71 5370 108 5440; x_wconf 88' lang='lat' dir='ltr'><strong><em>u).</em></strong></span> <span class='ocrx_word' id='word_1_612' title='bbox 123 5373 190 5429; x_wconf 88' lang='lat' dir='ltr'><strong><em>ldao</em></strong></span> <span class='ocrx_word' id='word_1_613' title='bbox 201 5378 281 5428; x_wconf 88' lang='lat' dir='ltr'><strong><em>recte</em></strong></span> <span class='ocrx_word' id='word_1_614' title='bbox 296 5372 391 5429; x_wconf 90' lang='lat' dir='ltr'><strong><em>addit:</em></strong></span> 
     </span>
    </p>

    <p class='ocr_par' dir='ltr' id='par_1_28' title="bbox 71 5458 908 5621">
     <span class='ocr_line' id='line_1_86' title="bbox 97 5458 908 5532; baseline -0.009 -14"><span class='ocrx_word' id='word_1_615' title='bbox 97 5462 182 5528; x_wconf 78' lang='lat' dir='ltr'><strong><em>oum</em></strong></span> <span class='ocrx_word' id='word_1_616' title='bbox 194 5463 295 5532; x_wconf 79' lang='lat' dir='ltr'><strong><em>igitur.</em></strong></span> <span class='ocrx_word' id='word_1_617' title='bbox 321 5459 384 5532; x_wconf 81' lang='lat' dir='ltr'><strong><em>(lo.)</em></strong></span> <span class='ocrx_word' id='word_1_618' title='bbox 398 5460 479 5526; x_wconf 82' lang='lat' dir='ltr'><strong><em>Quod</em></strong></span> <span class='ocrx_word' id='word_1_619' title='bbox 492 5459 529 5515; x_wconf 88' lang='lat' dir='ltr'><strong><em>ad</em></strong></span> <span class='ocrx_word' id='word_1_620' title='bbox 549 5475 599 5516; x_wconf 87' lang='lat' dir='ltr'><strong><em>eos</em></strong></span> <span class='ocrx_word' id='word_1_621' title='bbox 615 5458 729 5525; x_wconf 89' lang='lat' dir='ltr'><strong><em>dicitur,</em></strong></span> <span class='ocrx_word' id='word_1_622' title='bbox 744 5462 809 5524; x_wconf 81' lang='lat' dir='ltr'><strong><em>etc,</em></strong></span> <span class='ocrx_word' id='word_1_623' title='bbox 822 5471 908 5528; x_wconf 87' lang='lat' dir='ltr'><strong><em>usque</em></strong></span> 
     </span>
     <span class='ocr_line' id='line_1_87' title="bbox 71 5544 906 5621; baseline -0.001 -20"><span class='ocrx_word' id='word_1_624' title='bbox 71 5547 99 5601; x_wconf 81' lang='lat' dir='ltr'><strong><em>ct</em></strong></span> <span class='ocrx_word' id='word_1_625' title='bbox 110 5549 156 5605; x_wconf 87' lang='lat' dir='ltr'><strong><em>sed</em></strong></span> <span class='ocrx_word' id='word_1_626' title='bbox 171 5565 226 5621; x_wconf 88' lang='lat' dir='ltr'><strong><em>pro</em></strong></span> <span class='ocrx_word' id='word_1_627' title='bbox 241 5549 441 5620; x_wconf 78' lang='lat' dir='ltr'><strong><em>magnitudine</em></strong></span> <span class='ocrx_word' id='word_1_628' title='bbox 464 5563 600 5605; x_wconf 75' lang='lat' dir='ltr'><strong><em>mnsuun</em></strong></span> <span class='ocrx_word' id='word_1_629' title='bbox 622 5562 689 5604; x_wconf 89' lang='lat' dir='ltr'><strong><em>eum</em></strong></span> <span class='ocrx_word' id='word_1_630' title='bbox 702 5544 906 5618; x_wconf 79' lang='lat' dir='ltr'><strong><em>glorificemus.</em></strong></span> 
     </span>
    </p>
   </div>
   <div class='ocr_carea' id='block_1_12' title="bbox 961 3087 1811 3230">
    <p class='ocr_par' dir='ltr' id='par_1_29' title="bbox 961 3087 1811 3230">
     <span class='ocr_line' id='line_1_88' title="bbox 961 3087 1810 3158; baseline -0.002 -13"><span class='ocrx_word' id='word_1_631' title='bbox 961 3090 1052 3145; x_wconf 76' lang='lat' dir='ltr'><strong><em>mislto</em></strong></span> <span class='ocrx_word' id='word_1_632' title='bbox 1068 3087 1204 3144; x_wconf 89' lang='lat' dir='ltr'><strong><em>dedecore</em></strong></span> <span class='ocrx_word' id='word_1_633' title='bbox 1228 3087 1398 3142; x_wconf 87' lang='lat' dir='ltr'><strong><em>horrescunt</em></strong></span> <span class='ocrx_word' id='word_1_634' title='bbox 1422 3087 1483 3142; x_wconf 87' lang='lat' dir='ltr'><strong><em>sine</em></strong></span> <span class='ocrx_word' id='word_1_635' title='bbox 1505 3088 1622 3158; x_wconf 86' lang='lat' dir='ltr'><strong><em>templo,</em></strong></span> <span class='ocrx_word' id='word_1_636' title='bbox 1640 3087 1701 3144; x_wconf 88' lang='lat' dir='ltr'><strong><em>sina</em></strong></span> <span class='ocrx_word' id='word_1_637' title='bbox 1717 3087 1810 3155; x_wconf 63' lang='lat' dir='ltr'><strong><em>uiuri,</em></strong></span> 
     </span>
     <span class='ocr_line' id='line_1_89' title="bbox 961 3156 1811 3230; baseline -0.001 -14"><span class='ocrx_word' id='word_1_638' title='bbox 961 3162 1023 3216; x_wconf 89' lang='lat' dir='ltr'><strong><em>sina</em></strong></span> <span class='ocrx_word' id='word_1_639' title='bbox 1037 3156 1185 3222; x_wconf 83' lang='lat' dir='ltr'><strong><em>sacrificio,</em></strong></span> <span class='ocrx_word' id='word_1_640' title='bbox 1201 3157 1262 3212; x_wconf 91' lang='lat' dir='ltr'><strong><em>sine</em></strong></span> <span class='ocrx_word' id='word_1_641' title='bbox 1277 3158 1428 3230; x_wconf 85' lang='lat' dir='ltr'><strong><em>propheta,</em></strong></span> <span class='ocrx_word' id='word_1_642' title='bbox 1445 3158 1506 3215; x_wconf 89' lang='lat' dir='ltr'><strong><em>sine</em></strong></span> <span class='ocrx_word' id='word_1_643' title='bbox 1521 3158 1688 3225; x_wconf 89' lang='lat' dir='ltr'><strong><em>sacerdotio,</em></strong></span> <span class='ocrx_word' id='word_1_644' title='bbox 1702 3163 1732 3213; x_wconf 90' lang='lat' dir='ltr'><strong><em>et</em></strong></span> <span class='ocrx_word' id='word_1_645' title='bbox 1749 3159 1811 3215; x_wconf 89' lang='lat' dir='ltr'><strong><em>sine</em></strong></span> 
     </span>
    </p>
   </div>
   <div class='ocr_carea' id='block_1_13' title="bbox 959 3246 1811 4292">
    <p class='ocr_par' dir='ltr' id='par_1_30' title="bbox 959 3246 1811 4292">
     <span class='ocr_line' id='line_1_90' title="bbox 960 3246 1811 3320; baseline -0.006 -13"><span class='ocrx_word' id='word_1_646' title='bbox 960 3247 1069 3306; x_wconf 82' lang='lat' dir='ltr'><strong><em>ooelesti</em></strong></span> <span class='ocrx_word' id='word_1_647' title='bbox 1086 3246 1257 3302; x_wconf 86' lang='lat' dir='ltr'><strong><em>visitatione.</em></strong></span> <span class='ocrx_word' id='word_1_648' title='bbox 1274 3247 1353 3303; x_wconf 91' lang='lat' dir='ltr'><strong><em>Unde</em></strong></span> <span class='ocrx_word' id='word_1_649' title='bbox 1368 3252 1447 3319; x_wconf 87' lang='lat' dir='ltr'><strong><em>patet</em></strong></span> <span class='ocrx_word' id='word_1_650' title='bbox 1460 3247 1538 3320; x_wconf 90' lang='lat' dir='ltr'><strong><em>quod</em></strong></span> <span class='ocrx_word' id='word_1_651' title='bbox 1552 3250 1635 3319; x_wconf 90' lang='lat' dir='ltr'><strong><em>pater</em></strong></span> <span class='ocrx_word' id='word_1_652' title='bbox 1648 3261 1811 3319; x_wconf 89' lang='lat' dir='ltr'><strong><em>conspuens</em></strong></span> 
     </span>
     <span class='ocr_line' id='line_1_91' title="bbox 961 3334 1810 3413; baseline -0.005 -18"><span class='ocrx_word' id='word_1_653' title='bbox 961 3337 1086 3413; x_wconf 84' lang='lat' dir='ltr'><strong><em>pertudit</em></strong></span> <span class='ocrx_word' id='word_1_654' title='bbox 1100 3339 1197 3393; x_wconf 83' lang='lat' dir='ltr'><strong><em>vultus</em></strong></span> <span class='ocrx_word' id='word_1_655' title='bbox 1220 3352 1322 3392; x_wconf 89' lang='lat' dir='ltr'><strong><em>eorum</em></strong></span> <span class='ocrx_word' id='word_1_656' title='bbox 1343 3335 1515 3408; x_wconf 89' lang='lat' dir='ltr'><strong><em>ignominia.</em></strong></span> <span class='ocrx_word' id='word_1_657' title='bbox 1535 3335 1650 3406; x_wconf 87' lang='lat' dir='ltr'><strong><em>Septem</em></strong></span> <span class='ocrx_word' id='word_1_658' title='bbox 1665 3350 1734 3408; x_wconf 91' lang='lat' dir='ltr'><strong><em>ergo</em></strong></span> <span class='ocrx_word' id='word_1_659' title='bbox 1750 3334 1810 3391; x_wconf 90' lang='lat' dir='ltr'><strong><em>die·</em></strong></span> 
     </span>
     <span class='ocr_line' id='line_1_92' title="bbox 960 3424 1809 3500; baseline -0.006 -16"><span class='ocrx_word' id='word_1_660' title='bbox 960 3429 1014 3484; x_wconf 90' lang='lat' dir='ltr'><strong><em>bus</em></strong></span> <span class='ocrx_word' id='word_1_661' title='bbox 1036 3429 1205 3500; x_wconf 87' lang='lat' dir='ltr'><strong><em>separantur</em></strong></span> <span class='ocrx_word' id='word_1_662' title='bbox 1232 3428 1309 3482; x_wconf 85' lang='lat' dir='ltr'><strong><em>extra</em></strong></span> <span class='ocrx_word' id='word_1_663' title='bbox 1332 3430 1433 3494; x_wconf 91' lang='lat' dir='ltr'><strong><em>castra,</em></strong></span> <span class='ocrx_word' id='word_1_664' title='bbox 1463 3425 1553 3481; x_wconf 90' lang='lat' dir='ltr'><strong><em>idest</em></strong></span> <span class='ocrx_word' id='word_1_665' title='bbox 1579 3440 1631 3497; x_wconf 91' lang='lat' dir='ltr'><strong><em>per</em></strong></span> <span class='ocrx_word' id='word_1_666' title='bbox 1657 3424 1809 3496; x_wconf 87' lang='lat' dir='ltr'><strong><em>septimam</em></strong></span> 
     </span>
     <span class='ocr_line' id='line_1_93' title="bbox 960 3506 1810 3590; baseline -0.005 -17"><span class='ocrx_word' id='word_1_667' title='bbox 960 3518 1046 3590; x_wconf 88' lang='lat' dir='ltr'><strong><em>hujus</em></strong></span> <span class='ocrx_word' id='word_1_668' title='bbox 1070 3515 1189 3584; x_wconf 83' lang='lat' dir='ltr'><strong><em>mundi3</em></strong></span> <span class='ocrx_word' id='word_1_669' title='bbox 1219 3514 1249 3570; x_wconf 90' lang='lat' dir='ltr'><strong><em>in</em></strong></span> <span class='ocrx_word' id='word_1_670' title='bbox 1277 3514 1437 3585; x_wconf 89' lang='lat' dir='ltr'><strong><em>septimana</em></strong></span> <span class='ocrx_word' id='word_1_671' title='bbox 1465 3518 1561 3570; x_wconf 87' lang='lat' dir='ltr'><strong><em>autem</em></strong></span> <span class='ocrx_word' id='word_1_672' title='bbox 1589 3513 1702 3569; x_wconf 90' lang='lat' dir='ltr'><strong><em>diarum</em></strong></span> <span class='ocrx_word' id='word_1_673' title='bbox 1721 3506 1810 3570; x_wconf 86' lang='lat' dir='ltr'><strong><em>totius</em></strong></span> 
     </span>
     <span class='ocr_line' id='line_1_94' title="bbox 960 3602 1808 3677; baseline -0.004 -15"><span class='ocrx_word' id='word_1_674' title='bbox 960 3613 1097 3662; x_wconf 73' lang='lat' dir='ltr'><strong><em>creaturas</em></strong></span> <span class='ocrx_word' id='word_1_675' title='bbox 1112 3602 1231 3661; x_wconf 82' lang='lat' dir='ltr'><strong><em>risibilis</em></strong></span> <span class='ocrx_word' id='word_1_676' title='bbox 1244 3604 1377 3659; x_wconf 81' lang='lat' dir='ltr'><strong><em>ridentur</em></strong></span> <span class='ocrx_word' id='word_1_677' title='bbox 1387 3602 1532 3677; x_wconf 77' lang='lat' dir='ltr'><strong><em>producte</em></strong></span> <span class='ocrx_word' id='word_1_678' title='bbox 1548 3618 1608 3657; x_wconf 88' lang='lat' dir='ltr'><strong><em>esse</em></strong></span> <span class='ocrx_word' id='word_1_679' title='bbox 1623 3603 1808 3670; x_wconf 80' lang='lat' dir='ltr'><strong><em>substantiae3</em></strong></span> 
     </span>
     <span class='ocr_line' id='line_1_95' title="bbox 960 3692 1809 3768; baseline -0.006 -16"><span class='ocrx_word' id='word_1_680' title='bbox 960 3701 1028 3752; x_wconf 91' lang='lat' dir='ltr'><strong><em>tunc</em></strong></span> <span class='ocrx_word' id='word_1_681' title='bbox 1043 3697 1120 3752; x_wconf 89' lang='lat' dir='ltr'><strong><em>enim</em></strong></span> <span class='ocrx_word' id='word_1_682' title='bbox 1133 3711 1199 3768; x_wconf 83' lang='lat' dir='ltr'><strong><em>qnae</em></strong></span> <span class='ocrx_word' id='word_1_683' title='bbox 1210 3709 1268 3749; x_wconf 92' lang='lat' dir='ltr'><strong><em>non</em></strong></span> <span class='ocrx_word' id='word_1_684' title='bbox 1281 3698 1374 3760; x_wconf 87' lang='lat' dir='ltr'><strong><em>erant,</em></strong></span> <span class='ocrx_word' id='word_1_685' title='bbox 1390 3693 1463 3749; x_wconf 88' lang='lat' dir='ltr'><strong><em>lacta</em></strong></span> <span class='ocrx_word' id='word_1_686' title='bbox 1478 3696 1553 3748; x_wconf 90' lang='lat' dir='ltr'><strong><em>sunt.</em></strong></span> <span class='ocrx_word' id='word_1_687' title='bbox 1572 3692 1603 3746; x_wconf 89' lang='lat' dir='ltr'><strong><em>ln</em></strong></span> <span class='ocrx_word' id='word_1_688' title='bbox 1618 3693 1809 3763; x_wconf 89' lang='lat' dir='ltr'><strong><em>septimanam</em></strong></span> 
     </span>
     <span class='ocr_line' id='line_1_96' title="bbox 959 3781 1810 3854; baseline -0.005 -15"><span class='ocrx_word' id='word_1_689' title='bbox 959 3785 1049 3841; x_wconf 90' lang='lat' dir='ltr'><strong><em>totius</em></strong></span> <span class='ocrx_word' id='word_1_690' title='bbox 1072 3783 1174 3840; x_wconf 93' lang='lat' dir='ltr'><strong><em>mundi</em></strong></span> <span class='ocrx_word' id='word_1_691' title='bbox 1197 3781 1329 3854; x_wconf 79' lang='lat' dir='ltr'><strong><em>quaedam</em></strong></span> <span class='ocrx_word' id='word_1_692' title='bbox 1354 3785 1462 3836; x_wconf 90' lang='lat' dir='ltr'><strong><em>secreta</em></strong></span> <span class='ocrx_word' id='word_1_693' title='bbox 1484 3786 1513 3836; x_wconf 91' lang='lat' dir='ltr'><strong><em>et</em></strong></span> <span class='ocrx_word' id='word_1_694' title='bbox 1537 3784 1594 3837; x_wconf 88' lang='lat' dir='ltr'><strong><em>Deo</em></strong></span> <span class='ocrx_word' id='word_1_695' title='bbox 1618 3782 1672 3836; x_wconf 90' lang='lat' dir='ltr'><strong><em>soli</em></strong></span> <span class='ocrx_word' id='word_1_696' title='bbox 1694 3781 1810 3853; x_wconf 91' lang='lat' dir='ltr'><strong><em>cognita</em></strong></span> 
     </span>
     <span class='ocr_line' id='line_1_97' title="bbox 960 3868 1807 3944; baseline -0.004 -16"><span class='ocrx_word' id='word_1_697' title='bbox 960 3871 1172 3944; x_wconf 89' lang='lat' dir='ltr'><strong><em>dispensatione</em></strong></span> <span class='ocrx_word' id='word_1_698' title='bbox 1195 3885 1261 3942; x_wconf 81' lang='lat' dir='ltr'><strong><em>quae</em></strong></span> <span class='ocrx_word' id='word_1_699' title='bbox 1273 3873 1342 3925; x_wconf 93' lang='lat' dir='ltr'><strong><em>tunc</em></strong></span> <span class='ocrx_word' id='word_1_700' title='bbox 1362 3868 1500 3939; x_wconf 90' lang='lat' dir='ltr'><strong><em>producta</em></strong></span> <span class='ocrx_word' id='word_1_701' title='bbox 1514 3875 1590 3937; x_wconf 91' lang='lat' dir='ltr'><strong><em>sunt,</em></strong></span> <span class='ocrx_word' id='word_1_702' title='bbox 1606 3869 1807 3941; x_wconf 81' lang='lat' dir='ltr'><strong><em>explicantur:</em></strong></span> 
     </span>
     <span class='ocr_line' id='line_1_98' title="bbox 960 3957 1809 4031; baseline -0.004 -16"><span class='ocrx_word' id='word_1_703' title='bbox 960 3961 993 4015; x_wconf 90' lang='lat' dir='ltr'><strong><em>in</em></strong></span> <span class='ocrx_word' id='word_1_704' title='bbox 1007 3960 1059 4015; x_wconf 90' lang='lat' dir='ltr'><strong><em>hac</em></strong></span> <span class='ocrx_word' id='word_1_705' title='bbox 1084 3959 1244 4031; x_wconf 88' lang='lat' dir='ltr'><strong><em>septimana</em></strong></span> <span class='ocrx_word' id='word_1_706' title='bbox 1268 3957 1348 4029; x_wconf 81' lang='lat' dir='ltr'><strong><em>(quia</em></strong></span> <span class='ocrx_word' id='word_1_707' title='bbox 1372 3962 1549 4028; x_wconf 86' lang='lat' dir='ltr'><strong><em>sequestrata</em></strong></span> <span class='ocrx_word' id='word_1_708' title='bbox 1572 3963 1614 4013; x_wconf 91' lang='lat' dir='ltr'><strong><em>est</em></strong></span> <span class='ocrx_word' id='word_1_709' title='bbox 1638 3957 1734 4027; x_wconf 79' lang='lat' dir='ltr'><strong><em>Maria)</em></strong></span> <span class='ocrx_word' id='word_1_710' title='bbox 1750 3972 1809 4012; x_wconf 90' lang='lat' dir='ltr'><strong><em>uon</em></strong></span> 
     </span>
     <span class='ocr_line' id='line_1_99' title="bbox 961 4045 1809 4109; baseline -0.004 -6"><span class='ocrx_word' id='word_1_711' title='bbox 961 4051 1111 4103; x_wconf 84' lang='lat' dir='ltr'><strong><em>moventur</em></strong></span> <span class='ocrx_word' id='word_1_712' title='bbox 1133 4050 1224 4102; x_wconf 90' lang='lat' dir='ltr'><strong><em>castra</em></strong></span> <span class='ocrx_word' id='word_1_713' title='bbox 1247 4045 1373 4100; x_wconf 86' lang='lat' dir='ltr'><strong><em>tiliorum</em></strong></span> <span class='ocrx_word' id='word_1_714' title='bbox 1399 4046 1496 4109; x_wconf 88' lang='lat' dir='ltr'><strong><em>lsrael,</em></strong></span> <span class='ocrx_word' id='word_1_715' title='bbox 1518 4046 1568 4101; x_wconf 89' lang='lat' dir='ltr'><strong><em>sed</em></strong></span> <span class='ocrx_word' id='word_1_716' title='bbox 1591 4049 1667 4101; x_wconf 90' lang='lat' dir='ltr'><strong><em>stant</em></strong></span> <span class='ocrx_word' id='word_1_717' title='bbox 1690 4046 1720 4100; x_wconf 93' lang='lat' dir='ltr'><strong><em>in</em></strong></span> <span class='ocrx_word' id='word_1_718' title='bbox 1750 4061 1809 4100; x_wconf 90' lang='lat' dir='ltr'><strong><em>uno</em></strong></span> 
     </span>
     <span class='ocr_line' id='line_1_100' title="bbox 960 4131 1808 4204; baseline -0.001 -14"><span class='ocrx_word' id='word_1_719' title='bbox 960 4136 1095 4203; x_wconf 90' lang='lat' dir='ltr'><strong><em>conclusi,</em></strong></span> <span class='ocrx_word' id='word_1_720' title='bbox 1109 4137 1139 4190; x_wconf 90' lang='lat' dir='ltr'><strong><em>st</em></strong></span> <span class='ocrx_word' id='word_1_721' title='bbox 1161 4134 1257 4188; x_wconf 92' lang='lat' dir='ltr'><strong><em>nullus</em></strong></span> <span class='ocrx_word' id='word_1_722' title='bbox 1272 4148 1306 4188; x_wconf 83' lang='lat' dir='ltr'><strong><em>er</em></strong></span> <span class='ocrx_word' id='word_1_723' title='bbox 1330 4132 1371 4188; x_wconf 89' lang='lat' dir='ltr'><strong><em>ais</em></strong></span> <span class='ocrx_word' id='word_1_724' title='bbox 1385 4131 1527 4204; x_wconf 87' lang='lat' dir='ltr'><strong><em>periectos</em></strong></span> <span class='ocrx_word' id='word_1_725' title='bbox 1542 4138 1594 4201; x_wconf 90' lang='lat' dir='ltr'><strong><em>est,</em></strong></span> <span class='ocrx_word' id='word_1_726' title='bbox 1611 4134 1702 4189; x_wconf 92' lang='lat' dir='ltr'><strong><em>donec</em></strong></span> <span class='ocrx_word' id='word_1_727' title='bbox 1720 4149 1808 4189; x_wconf 91' lang='lat' dir='ltr'><strong><em>mun-</em></strong></span> 
     </span>
     <span class='ocr_line' id='line_1_101' title="bbox 961 4222 1375 4292; baseline -0.01 -13"><span class='ocrx_word' id='word_1_728' title='bbox 961 4225 1078 4279; x_wconf 88' lang='lat' dir='ltr'><strong><em>daretur</em></strong></span> <span class='ocrx_word' id='word_1_729' title='bbox 1092 4223 1177 4279; x_wconf 81' lang='lat' dir='ltr'><strong><em>Maria</em></strong></span> <span class='ocrx_word' id='word_1_730' title='bbox 1192 4222 1301 4292; x_wconf 90' lang='lat' dir='ltr'><strong><em>alepra</em></strong></span> <span class='ocrx_word' id='word_1_731' title='bbox 1316 4237 1375 4275; x_wconf 91' lang='lat' dir='ltr'><strong><em>sua.</em></strong></span> 
     </span>
    </p>
   </div>
   <div class='ocr_carea' id='block_1_14' title="bbox 920 4282 1809 4383">
    <p class='ocr_par' dir='ltr' id='par_1_31' title="bbox 920 4282 1809 4383">
     <span class='ocr_line' id='line_1_102' title="bbox 920 4282 1809 4383; baseline -0.007 -14"><span class='ocrx_word' id='word_1_732' title='bbox 920 4282 942 4338; x_wconf 65' lang='grc' dir='ltr'>ὓ</span> <span class='ocrx_word' id='word_1_733' title='bbox 996 4312 1101 4383; x_wconf 87' lang='lat' dir='ltr'><strong><em>Septem</em></strong></span> <span class='ocrx_word' id='word_1_734' title='bbox 1122 4310 1235 4366; x_wconf 86' lang='lat' dir='ltr'><strong><em>diebus:</em></strong></span> <span class='ocrx_word' id='word_1_735' title='bbox 1265 4314 1291 4364; x_wconf 92' lang='lat' dir='ltr'><strong><em>et</em></strong></span> <span class='ocrx_word' id='word_1_736' title='bbox 1313 4310 1429 4380; x_wconf 90' lang='lat' dir='ltr'><strong><em>populus</em></strong></span> <span class='ocrx_word' id='word_1_737' title='bbox 1456 4323 1509 4363; x_wconf 88' lang='lat' dir='ltr'><strong><em>non</em></strong></span> <span class='ocrx_word' id='word_1_738' title='bbox 1535 4312 1575 4364; x_wconf 88' lang='lat' dir='ltr'><strong><em>est</em></strong></span> <span class='ocrx_word' id='word_1_739' title='bbox 1602 4311 1688 4363; x_wconf 77' lang='lat' dir='ltr'><strong><em>metm</em></strong></span> <span class='ocrx_word' id='word_1_740' title='bbox 1707 4306 1740 4362; x_wconf 83' lang='lat' dir='ltr'><strong><em>de</em></strong></span> <span class='ocrx_word' id='word_1_741' title='bbox 1754 4308 1809 4363; x_wconf 88' lang='lat' dir='ltr'><strong><em>toco</em></strong></span> 
     </span>
    </p>
   </div>
   <div class='ocr_carea' id='block_1_15' title="bbox 960 4384 1862 5618">
    <p class='ocr_par' dir='ltr' id='par_1_32' title="bbox 960 4384 1834 4982">
     <span class='ocr_line' id='line_1_103' title="bbox 961 4384 1834 4471; baseline -0.005 -17"><span class='ocrx_word' id='word_1_742' title='bbox 961 4402 1017 4456; x_wconf 89' lang='lat' dir='ltr'><strong><em>itte.</em></strong></span> <span class='ocrx_word' id='word_1_743' title='bbox 1035 4400 1136 4471; x_wconf 80' lang='lat' dir='ltr'><strong><em>(Duru.)</em></strong></span> <span class='ocrx_word' id='word_1_744' title='bbox 1153 4397 1239 4453; x_wconf 85' lang='lat' dir='ltr'><strong><em>illaria</em></strong></span> <span class='ocrx_word' id='word_1_745' title='bbox 1257 4397 1373 4469; x_wconf 86' lang='lat' dir='ltr'><strong><em>quidem</em></strong></span> <span class='ocrx_word' id='word_1_746' title='bbox 1399 4395 1605 4451; x_wconf 81' lang='lat' dir='ltr'><strong><em>interveniente</em></strong></span> <span class='ocrx_word' id='word_1_747' title='bbox 1628 4398 1721 4451; x_wconf 88' lang='lat' dir='ltr'><strong><em>Aaron</em></strong></span> <span class='ocrx_word' id='word_1_748' title='bbox 1734 4411 1809 4467; x_wconf 89' lang='lat' dir='ltr'><strong><em>pon·</em></strong></span> <span class='ocrx_word' id='word_1_749' title='bbox 1830 4384 1834 4391; x_wconf 76' lang='grc'><em>’</em></span> 
     </span>
     <span class='ocr_line' id='line_1_104' title="bbox 963 4484 1809 4559; baseline -0.006 -15"><span class='ocrx_word' id='word_1_750' title='bbox 963 4490 1037 4545; x_wconf 89' lang='lat' dir='ltr'><strong><em>titice</em></strong></span> <span class='ocrx_word' id='word_1_751' title='bbox 1059 4487 1181 4559; x_wconf 86' lang='lat' dir='ltr'><strong><em>septimo</em></strong></span> <span class='ocrx_word' id='word_1_752' title='bbox 1201 4486 1247 4542; x_wconf 91' lang='lat' dir='ltr'><strong><em>die</em></strong></span> <span class='ocrx_word' id='word_1_753' title='bbox 1269 4490 1395 4541; x_wconf 79' lang='lat' dir='ltr'><strong><em>curratur.</em></strong></span> <span class='ocrx_word' id='word_1_754' title='bbox 1420 4485 1476 4540; x_wconf 87' lang='lat' dir='ltr'><strong><em>Nos</em></strong></span> <span class='ocrx_word' id='word_1_755' title='bbox 1499 4490 1595 4540; x_wconf 88' lang='lat' dir='ltr'><strong><em>autem</em></strong></span> <span class='ocrx_word' id='word_1_756' title='bbox 1619 4484 1809 4539; x_wconf 86' lang='lat' dir='ltr'><strong><em>obtrectantes</em></strong></span> 
     </span>
     <span class='ocr_line' id='line_1_105' title="bbox 961 4571 1810 4648; baseline -0.006 -18"><span class='ocrx_word' id='word_1_757' title='bbox 961 4576 1100 4648; x_wconf 88' lang='lat' dir='ltr'><strong><em>usquead</em></strong></span> <span class='ocrx_word' id='word_1_758' title='bbox 1123 4575 1211 4630; x_wconf 88' lang='lat' dir='ltr'><strong><em>tinem</em></strong></span> <span class='ocrx_word' id='word_1_759' title='bbox 1234 4573 1402 4643; x_wconf 78' lang='lat' dir='ltr'><strong><em>septimane</em></strong></span> <span class='ocrx_word' id='word_1_760' title='bbox 1428 4573 1539 4640; x_wconf 91' lang='lat' dir='ltr'><strong><em>mundi,</em></strong></span> <span class='ocrx_word' id='word_1_761' title='bbox 1562 4572 1590 4627; x_wconf 93' lang='lat' dir='ltr'><strong><em>id</em></strong></span> <span class='ocrx_word' id='word_1_762' title='bbox 1614 4576 1759 4643; x_wconf 89' lang='lat' dir='ltr'><strong><em>estusque</em></strong></span> <span class='ocrx_word' id='word_1_763' title='bbox 1774 4571 1810 4626; x_wconf 92' lang='lat' dir='ltr'><strong><em>ad</em></strong></span> 
     </span>
     <span class='ocr_line' id='line_1_106' title="bbox 961 4659 1811 4734; baseline -0.004 -16"><span class='ocrx_word' id='word_1_764' title='bbox 961 4663 1199 4719; x_wconf 86' lang='lat' dir='ltr'><strong><em>resurrectionem</em></strong></span> <span class='ocrx_word' id='word_1_765' title='bbox 1213 4662 1445 4734; x_wconf 86' lang='lat' dir='ltr'><strong><em>permanebimus</em></strong></span> <span class='ocrx_word' id='word_1_766' title='bbox 1455 4661 1570 4733; x_wconf 89' lang='lat' dir='ltr'><strong><em>leprosi,</em></strong></span> <span class='ocrx_word' id='word_1_767' title='bbox 1586 4659 1652 4727; x_wconf 90' lang='lat' dir='ltr'><strong><em>nisi,</em></strong></span> <span class='ocrx_word' id='word_1_768' title='bbox 1666 4660 1734 4716; x_wconf 91' lang='lat' dir='ltr'><strong><em>dum</em></strong></span> <span class='ocrx_word' id='word_1_769' title='bbox 1752 4674 1811 4731; x_wconf 79' lang='lat' dir='ltr'><strong><em>pce·</em></strong></span> 
     </span>
     <span class='ocr_line' id='line_1_107' title="bbox 961 4746 1810 4822; baseline -0.006 -15"><span class='ocrx_word' id='word_1_770' title='bbox 961 4751 1072 4808; x_wconf 89' lang='lat' dir='ltr'><strong><em>nitendi</em></strong></span> <span class='ocrx_word' id='word_1_771' title='bbox 1100 4756 1213 4822; x_wconf 86' lang='lat' dir='ltr'><strong><em>tempus</em></strong></span> <span class='ocrx_word' id='word_1_772' title='bbox 1236 4755 1288 4816; x_wconf 87' lang='lat' dir='ltr'><strong><em>est,</em></strong></span> <span class='ocrx_word' id='word_1_773' title='bbox 1304 4750 1482 4821; x_wconf 88' lang='lat' dir='ltr'><strong><em>corrigamur</em></strong></span> <span class='ocrx_word' id='word_1_774' title='bbox 1505 4746 1634 4803; x_wconf 84' lang='lat' dir='ltr'><strong><em>conversi</em></strong></span> <span class='ocrx_word' id='word_1_775' title='bbox 1661 4747 1697 4802; x_wconf 87' lang='lat' dir='ltr'><strong><em>ad</em></strong></span> <span class='ocrx_word' id='word_1_776' title='bbox 1715 4748 1810 4802; x_wconf 88' lang='lat' dir='ltr'><strong><em>tasum</em></strong></span> 
     </span>
     <span class='ocr_line' id='line_1_108' title="bbox 960 4836 1524 4914; baseline -0.005 -19"><span class='ocrx_word' id='word_1_777' title='bbox 960 4846 988 4897; x_wconf 88' lang='lat' dir='ltr'><strong><em>et</em></strong></span> <span class='ocrx_word' id='word_1_778' title='bbox 1003 4857 1054 4914; x_wconf 87' lang='lat' dir='ltr'><strong><em>par</em></strong></span> <span class='ocrx_word' id='word_1_779' title='bbox 1065 4839 1265 4912; x_wconf 69' lang='lat' dir='ltr'><strong><em>poenitentiam</em></strong></span> <span class='ocrx_word' id='word_1_780' title='bbox 1281 4840 1474 4909; x_wconf 89' lang='lat' dir='ltr'><strong><em>supplicantes</em></strong></span> <span class='ocrx_word' id='word_1_781' title='bbox 1488 4836 1524 4893; x_wconf 92' lang='lat' dir='ltr'><strong><em>ei.</em></strong></span> 
     </span>
     <span class='ocr_line' id='line_1_109' title="bbox 1280 4926 1485 4982; baseline -0.01 0"><span class='ocrx_word' id='word_1_782' title='bbox 1280 4928 1392 4982; x_wconf 86' lang='lat' dir='ltr'><strong>CAPUT</strong></span> <span class='ocrx_word' id='word_1_783' title='bbox 1411 4926 1485 4981; x_wconf 88' lang='lat' dir='ltr'><strong><em>lltll.</em></strong></span> 
     </span>
    </p>

    <p class='ocr_par' dir='ltr' id='par_1_33' title="bbox 961 5004 1811 5265">
     <span class='ocr_line' id='line_1_110' title="bbox 998 5004 1810 5085; baseline -0.004 -13"><span class='ocrx_word' id='word_1_784' title='bbox 998 5019 1077 5073; x_wconf 81' lang='lat' dir='ltr'><strong><em>vass.</em></strong></span> <span class='ocrx_word' id='word_1_785' title='bbox 1089 5018 1115 5072; x_wconf 77' lang='lat'><strong><em>4.</em></strong></span> <span class='ocrx_word' id='word_1_786' title='bbox 1126 5046 1163 5058; x_wconf 94' lang='lat'><em>-</em></span> <span class='ocrx_word' id='word_1_787' title='bbox 1176 5016 1295 5072; x_wconf 87' lang='lat' dir='ltr'><strong><em>Pborou.</em></strong></span> <span class='ocrx_word' id='word_1_788' title='bbox 1311 5015 1391 5081; x_wconf 72' lang='lat' dir='ltr'><strong><em>(nen.</em></strong></span> <span class='ocrx_word' id='word_1_789' title='bbox 1404 5018 1435 5068; x_wconf 89' lang='lat' dir='ltr'><strong><em>in</em></strong></span> <span class='ocrx_word' id='word_1_790' title='bbox 1449 5004 1543 5084; x_wconf 84' lang='lat' dir='ltr'><strong><em>Num.)</em></strong></span> <span class='ocrx_word' id='word_1_791' title='bbox 1559 5011 1723 5068; x_wconf 88' lang='lat' dir='ltr'><strong><em>Notandum</em></strong></span> <span class='ocrx_word' id='word_1_792' title='bbox 1732 5013 1810 5085; x_wconf 89' lang='lat' dir='ltr'><strong><em>quod</em></strong></span> 
     </span>
     <span class='ocr_line' id='line_1_111' title="bbox 962 5098 1811 5173; baseline -0.007 -12"><span class='ocrx_word' id='word_1_793' title='bbox 962 5105 1076 5161; x_wconf 86' lang='lat' dir='ltr'><strong><em>Pharan</em></strong></span> <span class='ocrx_word' id='word_1_794' title='bbox 1089 5118 1146 5159; x_wconf 93' lang='lat' dir='ltr'><strong><em>non</em></strong></span> <span class='ocrx_word' id='word_1_795' title='bbox 1156 5106 1200 5159; x_wconf 90' lang='lat' dir='ltr'><strong><em>est</em></strong></span> <span class='ocrx_word' id='word_1_796' title='bbox 1210 5101 1332 5173; x_wconf 90' lang='lat' dir='ltr'><strong><em>speciale</em></strong></span> <span class='ocrx_word' id='word_1_797' title='bbox 1342 5115 1449 5155; x_wconf 91' lang='lat' dir='ltr'><strong><em>nomen</em></strong></span> <span class='ocrx_word' id='word_1_798' title='bbox 1460 5098 1629 5168; x_wconf 87' lang='lat' dir='ltr'><strong><em>mansionis,</em></strong></span> <span class='ocrx_word' id='word_1_799' title='bbox 1644 5103 1713 5169; x_wconf 80' lang='lat' dir='ltr'><strong><em>etc,</em></strong></span> <span class='ocrx_word' id='word_1_800' title='bbox 1726 5114 1811 5169; x_wconf 87' lang='lat' dir='ltr'><strong><em>usque</em></strong></span> 
     </span>
     <span class='ocr_line' id='line_1_112' title="bbox 961 5187 1809 5265; baseline -0.005 -17"><span class='ocrx_word' id='word_1_801' title='bbox 961 5194 999 5248; x_wconf 85' lang='lat' dir='ltr'><strong><em>ud</em></strong></span> <span class='ocrx_word' id='word_1_802' title='bbox 1010 5208 1101 5265; x_wconf 87' lang='lat' dir='ltr'><strong><em>usque</em></strong></span> <span class='ocrx_word' id='word_1_803' title='bbox 1116 5192 1152 5247; x_wconf 87' lang='lat' dir='ltr'><strong><em>ad</em></strong></span> <span class='ocrx_word' id='word_1_804' title='bbox 1167 5189 1340 5246; x_wconf 88' lang='lat' dir='ltr'><strong><em>tricesimam</em></strong></span> <span class='ocrx_word' id='word_1_805' title='bbox 1363 5187 1515 5243; x_wconf 87' lang='lat' dir='ltr'><strong><em>secundam</em></strong></span> <span class='ocrx_word' id='word_1_806' title='bbox 1530 5189 1592 5243; x_wconf 82' lang='lat' dir='ltr'><strong><em>haec</em></strong></span> <span class='ocrx_word' id='word_1_807' title='bbox 1615 5187 1809 5245; x_wconf 86' lang='lat' dir='ltr'><strong><em>continentur.</em></strong></span> 
     </span>
    </p>

    <p class='ocr_par' dir='ltr' id='par_1_34' title="bbox 962 5277 1862 5618">
     <span class='ocr_line' id='line_1_113' title="bbox 998 5277 1809 5351; baseline -0.005 -14"><span class='ocrx_word' id='word_1_808' title='bbox 998 5284 1110 5337; x_wconf 85' lang='lat' dir='ltr'><strong><em>Pharan</em></strong></span> <span class='ocrx_word' id='word_1_809' title='bbox 1130 5280 1377 5351; x_wconf 88' lang='lat' dir='ltr'><strong><em>interpretaturos</em></strong></span> <span class='ocrx_word' id='word_1_810' title='bbox 1400 5277 1516 5343; x_wconf 86' lang='lat' dir='ltr'><strong><em>visibile,</em></strong></span> <span class='ocrx_word' id='word_1_811' title='bbox 1532 5277 1562 5331; x_wconf 93' lang='lat' dir='ltr'><strong><em>in</em></strong></span> <span class='ocrx_word' id='word_1_812' title='bbox 1574 5292 1633 5348; x_wconf 89' lang='lat' dir='ltr'><strong><em>quo</em></strong></span> <span class='ocrx_word' id='word_1_813' title='bbox 1647 5281 1744 5347; x_wconf 91' lang='lat' dir='ltr'><strong><em>potest</em></strong></span> <span class='ocrx_word' id='word_1_814' title='bbox 1766 5278 1809 5333; x_wconf 93' lang='lat' dir='ltr'><strong><em>in-</em></strong></span> 
     </span>
     <span class='ocr_line' id='line_1_114' title="bbox 962 5365 1862 5441; baseline -0.003 -16"><span class='ocrx_word' id='word_1_815' title='bbox 962 5369 1054 5441; x_wconf 88' lang='lat' dir='ltr'><strong><em>telligi</em></strong></span> <span class='ocrx_word' id='word_1_816' title='bbox 1076 5368 1152 5441; x_wconf 89' lang='lat' dir='ltr'><strong><em>quod</em></strong></span> <span class='ocrx_word' id='word_1_817' title='bbox 1180 5368 1295 5425; x_wconf 84' lang='lat' dir='ltr'><strong><em>Verbum</em></strong></span> <span class='ocrx_word' id='word_1_818' title='bbox 1319 5381 1381 5422; x_wconf 88' lang='lat' dir='ltr'><strong><em>coro</em></strong></span> <span class='ocrx_word' id='word_1_819' title='bbox 1410 5368 1514 5433; x_wconf 73' lang='lat' dir='ltr'><strong><em>suctum</em></strong></span> <span class='ocrx_word' id='word_1_820' title='bbox 1537 5371 1596 5431; x_wconf 86' lang='lat' dir='ltr'><strong><em>sst;</em></strong></span> <span class='ocrx_word' id='word_1_821' title='bbox 1612 5370 1640 5420; x_wconf 89' lang='lat' dir='ltr'><strong><em>et</em></strong></span> <span class='ocrx_word' id='word_1_822' title='bbox 1658 5365 1811 5422; x_wconf 84' lang='lat' dir='ltr'><strong><em>invisibilis</em></strong></span> <span class='ocrx_word' id='word_1_823' title='bbox 1859 5398 1862 5403; x_wconf 93' lang='lat'>·</span> 
     </span>
     <span class='ocr_line' id='line_1_115' title="bbox 962 5453 1809 5527; baseline -0.007 -13"><span class='ocrx_word' id='word_1_824' title='bbox 962 5456 1080 5514; x_wconf 85' lang='lat' dir='ltr'><strong><em>visibilis</em></strong></span> <span class='ocrx_word' id='word_1_825' title='bbox 1102 5455 1227 5511; x_wconf 82' lang='lat' dir='ltr'><strong><em>effectus.</em></strong></span> <span class='ocrx_word' id='word_1_826' title='bbox 1255 5455 1287 5510; x_wconf 84' lang='lat' dir='ltr'><strong><em>lit</em></strong></span> <span class='ocrx_word' id='word_1_827' title='bbox 1307 5459 1399 5527; x_wconf 87' lang='lat' dir='ltr'><strong><em>potest</em></strong></span> <span class='ocrx_word' id='word_1_828' title='bbox 1417 5467 1450 5509; x_wconf 85' lang='lat' dir='ltr'><strong><em>ax</em></strong></span> <span class='ocrx_word' id='word_1_829' title='bbox 1474 5454 1526 5509; x_wconf 90' lang='lat' dir='ltr'><strong><em>hoc</em></strong></span> <span class='ocrx_word' id='word_1_830' title='bbox 1548 5453 1714 5525; x_wconf 82' lang='lat' dir='ltr'><strong><em>significari,</em></strong></span> <span class='ocrx_word' id='word_1_831' title='bbox 1732 5454 1809 5525; x_wconf 85' lang='lat' dir='ltr'><strong><em>quod</em></strong></span> 
     </span>
     <span class='ocr_line' id='line_1_116' title="bbox 963 5533 1809 5618; baseline -0.004 -18"><span class='ocrx_word' id='word_1_832' title='bbox 963 5548 1115 5618; x_wconf 81' lang='lat' dir='ltr'><strong><em>postquam</em></strong></span> <span class='ocrx_word' id='word_1_833' title='bbox 1129 5543 1196 5599; x_wconf 89' lang='lat' dir='ltr'><strong><em>linis</em></strong></span> <span class='ocrx_word' id='word_1_834' title='bbox 1211 5545 1240 5600; x_wconf 89' lang='lat' dir='ltr'><strong><em>ct</em></strong></span> <span class='ocrx_word' id='word_1_835' title='bbox 1257 5543 1395 5617; x_wconf 78' lang='lat' dir='ltr'><strong><em>perfectio</em></strong></span> <span class='ocrx_word' id='word_1_836' title='bbox 1408 5533 1630 5615; x_wconf 65' lang='lat' dir='ltr'><strong><em>anulumque</em></strong></span> <span class='ocrx_word' id='word_1_837' title='bbox 1644 5557 1712 5616; x_wconf 85' lang='lat' dir='ltr'><strong><em>arga</em></strong></span> <span class='ocrx_word' id='word_1_838' title='bbox 1726 5542 1809 5597; x_wconf 89' lang='lat' dir='ltr'><strong><em>illum</em></strong></span> 
     </span>
    </p>
   </div>
   <div class='ocr_carea' id='block_1_16' title="bbox 0 0 1950 6101">
    <p class='ocr_par' dir='ltr' id='par_1_35' title="bbox 0 0 1950 6101">
     <span class='ocr_line' id='line_1_117' title="bbox 0 0 1950 6101; baseline 0 0"><span class='ocrx_word' id='word_1_839' title='bbox 0 0 1950 6101; x_wconf 95' lang='lat' dir='ltr'><strong><em> </em></strong></span> 
     </span>
    </p>
   </div>
  </div>
 </body>
</html>
