<?xml version="1.0" encoding="UTF-8"?>
<!DOCTYPE html PUBLIC "-//W3C//DTD XHTML 1.0 Transitional//EN"
    "http://www.w3.org/TR/xhtml1/DTD/xhtml1-transitional.dtd">
<html xmlns="http://www.w3.org/1999/xhtml" xml:lang="en" lang="en">
 <head>
  <title>
</title>
<meta http-equiv="Content-Type" content="text/html;charset=utf-8" />
  <meta name='ocr-system' content='tesseract 3.04.00' />
  <meta name='ocr-capabilities' content='ocr_page ocr_carea ocr_par ocr_line ocrx_word'/>
</head>
<body>
  <div class='ocr_page' id='page_1' title='image "./patrologiaecurs04migngoog_0624.png"; bbox 0 0 3892 6106; ppageno 0'>
   <div class='ocr_carea' id='block_1_1' title="bbox 550 280 1738 345">
    <p class='ocr_par' dir='ltr' id='par_1_1' title="bbox 550 280 1738 345">
     <span class='ocr_line' id='line_1_1' title="bbox 550 280 1738 345; baseline 0.007 -9"><span class='ocrx_word' id='word_1_1' title='bbox 550 280 675 338; x_wconf 72' lang='lat' dir='ltr'><strong>closer</strong></span> <span class='ocrx_word' id='word_1_2' title='bbox 695 280 896 339; x_wconf 73' lang='lat' dir='ltr'><strong>Dnbltlttll.</strong></span> <span class='ocrx_word' id='word_1_3' title='bbox 912 308 947 323; x_wconf 96' lang='lat'>-</span> <span class='ocrx_word' id='word_1_4' title='bbox 968 280 1033 337; x_wconf 77' lang='lat' dir='ltr'><strong>llll.</strong></span> <span class='ocrx_word' id='word_1_5' title='bbox 1054 280 1167 338; x_wconf 73' lang='lat' dir='ltr'><strong>lselAE.</strong></span> <span class='ocrx_word' id='word_1_6' title='bbox 1671 288 1738 345; x_wconf 68' lang='grc'><strong>1288</strong></span> 
     </span>
    </p>
   </div>
   <div class='ocr_carea' id='block_1_2' title="bbox 74 400 1740 4347">
    <p class='ocr_par' dir='ltr' id='par_1_2' title="bbox 74 400 1740 915">
     <span class='ocr_line' id='line_1_2' title="bbox 74 400 1738 480; baseline 0.003 -21"><span class='ocrx_word' id='word_1_7' title='bbox 74 416 89 459; x_wconf 80' lang='lat' dir='ltr'><strong>s</strong></span> <span class='ocrx_word' id='word_1_8' title='bbox 113 417 188 470; x_wconf 80' lang='lat' dir='ltr'><strong>evoe,</strong></span> <span class='ocrx_word' id='word_1_9' title='bbox 212 417 286 474; x_wconf 86' lang='lat' dir='ltr'><strong>quas</strong></span> <span class='ocrx_word' id='word_1_10' title='bbox 306 400 355 456; x_wconf 90' lang='lat' dir='ltr'><strong>alii</strong></span> <span class='ocrx_word' id='word_1_11' title='bbox 378 401 529 458; x_wconf 89' lang='lat' dir='ltr'><strong>triverunt.</strong></span> <span class='ocrx_word' id='word_1_12' title='bbox 550 402 688 459; x_wconf 77' lang='lat' dir='ltr'><strong>Dominus</strong></span> <span class='ocrx_word' id='word_1_13' title='bbox 715 408 868 476; x_wconf 72' lang='lat' dir='ltr'><strong>quoquot</strong></span> <span class='ocrx_word' id='word_1_14' title='bbox 926 403 1009 460; x_wconf 77' lang='lat' dir='ltr'><strong>inas.</strong></span> <span class='ocrx_word' id='word_1_15' title='bbox 1029 405 1071 458; x_wconf 89' lang='lat' dir='ltr'><strong>tl.</strong></span> <span class='ocrx_word' id='word_1_16' title='bbox 1085 434 1120 445; x_wconf 90' lang='lat'><em>-</em></span> <span class='ocrx_word' id='word_1_17' title='bbox 1139 404 1219 462; x_wconf 85' lang='lat' dir='ltr'><strong>Dcvti</strong></span> <span class='ocrx_word' id='word_1_18' title='bbox 1239 406 1374 473; x_wconf 82' lang='lat' dir='ltr'><strong>sublimis,</strong></span> <span class='ocrx_word' id='word_1_19' title='bbox 1390 411 1443 463; x_wconf 92' lang='lat' dir='ltr'><strong>eto.</strong></span> <span class='ocrx_word' id='word_1_20' title='bbox 1474 407 1575 480; x_wconf 75' lang='lat' dir='ltr'><strong>(ilica.)</strong></span> <span class='ocrx_word' id='word_1_21' title='bbox 1597 409 1651 464; x_wconf 82' lang='lat' dir='ltr'><strong>lice</strong></span> <span class='ocrx_word' id='word_1_22' title='bbox 1665 409 1738 465; x_wconf 82' lang='lat' dir='ltr'><strong>divi·</strong></span> 
     </span>
     <span class='ocr_line' id='line_1_3' title="bbox 74 490 1739 568; baseline 0.004 -22"><span class='ocrx_word' id='word_1_23' title='bbox 74 490 180 547; x_wconf 86' lang='lat' dir='ltr'><strong>lensia</strong></span> <span class='ocrx_word' id='word_1_24' title='bbox 195 495 320 545; x_wconf 90' lang='lat' dir='ltr'><strong>montem</strong></span> <span class='ocrx_word' id='word_1_25' title='bbox 337 490 457 545; x_wconf 88' lang='lat' dir='ltr'><strong>docebat</strong></span> <span class='ocrx_word' id='word_1_26' title='bbox 479 490 634 561; x_wconf 89' lang='lat' dir='ltr'><strong>discipulos</strong></span> <span class='ocrx_word' id='word_1_27' title='bbox 659 507 736 549; x_wconf 87' lang='lat' dir='ltr'><strong>snos.</strong></span> <span class='ocrx_word' id='word_1_28' title='bbox 751 492 833 547; x_wconf 83' lang='lat' dir='ltr'><strong>Prius</strong></span> <span class='ocrx_word' id='word_1_29' title='bbox 886 493 944 558; x_wconf 85' lang='lat' dir='ltr'><strong>liae,</strong></span> <span class='ocrx_word' id='word_1_30' title='bbox 961 508 1012 548; x_wconf 88' lang='lat' dir='ltr'><strong>nee</strong></span> <span class='ocrx_word' id='word_1_31' title='bbox 1034 492 1173 562; x_wconf 84' lang='lat' dir='ltr'><strong>potentia,</strong></span> <span class='ocrx_word' id='word_1_32' title='bbox 1197 508 1251 548; x_wconf 91' lang='lat' dir='ltr'><strong>nec</strong></span> <span class='ocrx_word' id='word_1_33' title='bbox 1272 494 1405 549; x_wconf 77' lang='lat' dir='ltr'><strong>nobilitas</strong></span> <span class='ocrx_word' id='word_1_34' title='bbox 1423 496 1537 567; x_wconf 77' lang='lat' dir='ltr'><strong>generis</strong></span> <span class='ocrx_word' id='word_1_35' title='bbox 1563 512 1739 568; x_wconf 81' lang='lat' dir='ltr'><strong>quemquam</strong></span> 
     </span>
     <span class='ocr_line' id='line_1_4' title="bbox 74 578 1738 655; baseline 0.003 -20"><span class='ocrx_word' id='word_1_36' title='bbox 74 578 283 646; x_wconf 80' lang='lat' dir='ltr'><strong>liscendaeviae,</strong></span> <span class='ocrx_word' id='word_1_37' title='bbox 299 583 363 647; x_wconf 90' lang='lat' dir='ltr'><strong>post</strong></span> <span class='ocrx_word' id='word_1_38' title='bbox 377 578 584 633; x_wconf 89' lang='lat' dir='ltr'><strong>ambulandum</strong></span> <span class='ocrx_word' id='word_1_39' title='bbox 598 578 628 632; x_wconf 93' lang='lat' dir='ltr'><strong>in</strong></span> <span class='ocrx_word' id='word_1_40' title='bbox 642 578 760 634; x_wconf 85' lang='lat' dir='ltr'><strong>semitis.</strong></span> <span class='ocrx_word' id='word_1_41' title='bbox 886 580 1014 647; x_wconf 73' lang='lat' dir='ltr'><strong>salvabit,</strong></span> <span class='ocrx_word' id='word_1_42' title='bbox 1039 581 1173 636; x_wconf 88' lang='lat' dir='ltr'><strong>omnibus</strong></span> <span class='ocrx_word' id='word_1_43' title='bbox 1198 582 1378 652; x_wconf 87' lang='lat' dir='ltr'><strong>superveniet</strong></span> <span class='ocrx_word' id='word_1_44' title='bbox 1399 599 1457 638; x_wconf 90' lang='lat' dir='ltr'><strong>una</strong></span> <span class='ocrx_word' id='word_1_45' title='bbox 1484 584 1642 655; x_wconf 83' lang='lat' dir='ltr'><strong>captivitas.</strong></span> <span class='ocrx_word' id='word_1_46' title='bbox 1669 588 1738 641; x_wconf 84' lang='lat' dir='ltr'><strong>Poa-</strong></span> 
     </span>
     <span class='ocr_line' id='line_1_5' title="bbox 74 666 1740 740; baseline 0.002 -15"><span class='ocrx_word' id='word_1_47' title='bbox 74 667 144 725; x_wconf 63' lang='grc' dir='ltr'><strong>Βίου.</strong></span> <span class='ocrx_word' id='word_1_48' title='bbox 160 666 265 738; x_wconf 81' lang='lat' dir='ltr'><strong>(ilisa.)</strong></span> <span class='ocrx_word' id='word_1_49' title='bbox 286 666 347 720; x_wconf 86' lang='lat' dir='ltr'><strong>lton</strong></span> <span class='ocrx_word' id='word_1_50' title='bbox 372 666 407 720; x_wconf 92' lang='lat' dir='ltr'><strong>de</strong></span> <span class='ocrx_word' id='word_1_51' title='bbox 424 666 493 721; x_wconf 87' lang='lat' dir='ltr'><strong>Sina</strong></span> <span class='ocrx_word' id='word_1_52' title='bbox 507 672 596 736; x_wconf 87' lang='lat' dir='ltr'><strong>petra,</strong></span> <span class='ocrx_word' id='word_1_53' title='bbox 612 667 661 721; x_wconf 90' lang='lat' dir='ltr'><strong>sed</strong></span> <span class='ocrx_word' id='word_1_54' title='bbox 676 668 711 722; x_wconf 90' lang='lat' dir='ltr'><strong>de</strong></span> <span class='ocrx_word' id='word_1_55' title='bbox 735 673 832 723; x_wconf 89' lang='lat' dir='ltr'><strong>monte</strong></span> <span class='ocrx_word' id='word_1_56' title='bbox 886 676 952 724; x_wconf 80' lang='lat' dir='ltr'><strong>stant</strong></span> <span class='ocrx_word' id='word_1_57' title='bbox 965 673 994 723; x_wconf 90' lang='lat' dir='ltr'><strong>ct</strong></span> <span class='ocrx_word' id='word_1_58' title='bbox 1009 668 1044 723; x_wconf 90' lang='lat' dir='ltr'><strong>de</strong></span> <span class='ocrx_word' id='word_1_59' title='bbox 1054 668 1158 739; x_wconf 85' lang='lat' dir='ltr'><strong>judicii</strong></span> <span class='ocrx_word' id='word_1_60' title='bbox 1172 669 1219 724; x_wconf 93' lang='lat' dir='ltr'><strong>die</strong></span> <span class='ocrx_word' id='word_1_61' title='bbox 1233 669 1294 724; x_wconf 82' lang='lat' dir='ltr'><strong>brec</strong></span> <span class='ocrx_word' id='word_1_62' title='bbox 1308 669 1481 740; x_wconf 88' lang='lat' dir='ltr'><strong>accipi,cum</strong></span> <span class='ocrx_word' id='word_1_63' title='bbox 1498 671 1592 726; x_wconf 89' lang='lat' dir='ltr'><strong>omnis</strong></span> <span class='ocrx_word' id='word_1_64' title='bbox 1607 677 1740 729; x_wconf 86' lang='lat' dir='ltr'><strong>ereatura</strong></span> 
     </span>
     <span class='ocr_line' id='line_1_6' title="bbox 77 753 1738 828; baseline 0.004 -19"><span class='ocrx_word' id='word_1_65' title='bbox 77 753 108 809; x_wconf 92' lang='lat' dir='ltr'><strong>in</strong></span> <span class='ocrx_word' id='word_1_66' title='bbox 123 771 181 825; x_wconf 86' lang='lat' dir='ltr'><strong>quo</strong></span> <span class='ocrx_word' id='word_1_67' title='bbox 208 755 377 822; x_wconf 84' lang='lat' dir='ltr'><strong>Jerusalem,</strong></span> <span class='ocrx_word' id='word_1_68' title='bbox 400 754 431 808; x_wconf 91' lang='lat' dir='ltr'><strong>in</strong></span> <span class='ocrx_word' id='word_1_69' title='bbox 457 769 513 824; x_wconf 83' lang='lat' dir='ltr'><strong>quo</strong></span> <span class='ocrx_word' id='word_1_70' title='bbox 527 756 668 825; x_wconf 83' lang='lat' dir='ltr'><strong>templum</strong></span> <span class='ocrx_word' id='word_1_71' title='bbox 688 759 717 810; x_wconf 87' lang='lat' dir='ltr'><strong>ct</strong></span> <span class='ocrx_word' id='word_1_72' title='bbox 730 756 831 828; x_wconf 81' lang='lat' dir='ltr'><strong>religio</strong></span> <span class='ocrx_word' id='word_1_73' title='bbox 886 756 915 811; x_wconf 93' lang='lat' dir='ltr'><strong>in</strong></span> <span class='ocrx_word' id='word_1_74' title='bbox 929 761 1080 828; x_wconf 88' lang='lat' dir='ltr'><strong>conspectu</strong></span> <span class='ocrx_word' id='word_1_75' title='bbox 1104 757 1154 812; x_wconf 92' lang='lat' dir='ltr'><strong>Dei</strong></span> <span class='ocrx_word' id='word_1_76' title='bbox 1181 756 1390 826; x_wconf 86' lang='lat' dir='ltr'><strong>humiliabitur,</strong></span> <span class='ocrx_word' id='word_1_77' title='bbox 1416 762 1446 813; x_wconf 90' lang='lat' dir='ltr'><strong>et</strong></span> <span class='ocrx_word' id='word_1_78' title='bbox 1466 759 1538 814; x_wconf 91' lang='lat' dir='ltr'><strong>nibil</strong></span> <span class='ocrx_word' id='word_1_79' title='bbox 1552 775 1582 814; x_wconf 91' lang='lat' dir='ltr'><strong>se</strong></span> <span class='ocrx_word' id='word_1_80' title='bbox 1597 776 1659 815; x_wconf 87' lang='lat' dir='ltr'><strong>esse</strong></span> <span class='ocrx_word' id='word_1_81' title='bbox 1673 778 1738 816; x_wconf 88' lang='lat' dir='ltr'><strong>sen-</strong></span> 
     </span>
     <span class='ocr_line' id='line_1_7' title="bbox 74 836 1423 915; baseline 0.002 -20"><span class='ocrx_word' id='word_1_82' title='bbox 74 842 198 896; x_wconf 85' lang='lat' dir='ltr'><strong>tominus</strong></span> <span class='ocrx_word' id='word_1_83' title='bbox 224 857 341 913; x_wconf 79' lang='lat' dir='ltr'><strong>qnoque</strong></span> <span class='ocrx_word' id='word_1_84' title='bbox 368 842 398 896; x_wconf 91' lang='lat' dir='ltr'><strong>in</strong></span> <span class='ocrx_word' id='word_1_85' title='bbox 423 843 530 913; x_wconf 91' lang='lat' dir='ltr'><strong>templo</strong></span> <span class='ocrx_word' id='word_1_86' title='bbox 554 843 651 897; x_wconf 89' lang='lat' dir='ltr'><strong>docuit</strong></span> <span class='ocrx_word' id='word_1_87' title='bbox 675 844 750 915; x_wconf 89' lang='lat' dir='ltr'><strong>quod</strong></span> <span class='ocrx_word' id='word_1_88' title='bbox 772 859 831 898; x_wconf 91' lang='lat' dir='ltr'><strong>nun</strong></span> <span class='ocrx_word' id='word_1_89' title='bbox 885 845 938 899; x_wconf 90' lang='lat' dir='ltr'><strong>tiet</strong></span> <span class='ocrx_word' id='word_1_90' title='bbox 951 844 1164 915; x_wconf 85' lang='lat' dir='ltr'><strong>comparatione</strong></span> <span class='ocrx_word' id='word_1_91' title='bbox 1177 844 1248 914; x_wconf 76' lang='lat' dir='ltr'><strong>cJus.</strong></span> <span class='ocrx_word' id='word_1_92' title='bbox 1415 836 1423 844; x_wconf 86' lang='grc'><strong>’</strong></span> 
     </span>
    </p>

    <p class='ocr_par' dir='ltr' id='par_1_3' title="bbox 74 928 1737 1357">
     <span class='ocr_line' id='line_1_8' title="bbox 74 928 1598 1000; baseline 0.003 -17"><span class='ocrx_word' id='word_1_93' title='bbox 74 928 110 983; x_wconf 85' lang='lat' dir='ltr'><strong>rit</strong></span> <span class='ocrx_word' id='word_1_94' title='bbox 124 929 266 1000; x_wconf 79' lang='lat' dir='ltr'><strong>Propheta</strong></span> <span class='ocrx_word' id='word_1_95' title='bbox 277 930 351 984; x_wconf 88' lang='lat' dir='ltr'><strong>mori</strong></span> <span class='ocrx_word' id='word_1_96' title='bbox 365 931 622 986; x_wconf 83' lang='lat' dir='ltr'><strong>extralerusalem.</strong></span> <span class='ocrx_word' id='word_1_97' title='bbox 920 931 1099 988; x_wconf 78' lang='lat' dir='ltr'><strong>Enottobimr</strong></span> <span class='ocrx_word' id='word_1_98' title='bbox 1113 937 1202 987; x_wconf 85' lang='lat' dir='ltr'><strong>autem</strong></span> <span class='ocrx_word' id='word_1_99' title='bbox 1216 933 1288 988; x_wconf 84' lang='lat' dir='ltr'><strong>sotus</strong></span> <span class='ocrx_word' id='word_1_100' title='bbox 1304 935 1431 988; x_wconf 84' lang='lat' dir='ltr'><strong>Dominus</strong></span> <span class='ocrx_word' id='word_1_101' title='bbox 1440 936 1469 987; x_wconf 84' lang='lat' dir='ltr'><strong>ia</strong></span> <span class='ocrx_word' id='word_1_102' title='bbox 1483 933 1528 988; x_wconf 85' lang='lat' dir='ltr'><strong>die</strong></span> <span class='ocrx_word' id='word_1_103' title='bbox 1541 935 1598 989; x_wconf 83' lang='lat' dir='ltr'><strong>itte.</strong></span> 
     </span>
     <span class='ocr_line' id='line_1_9' title="bbox 86 1018 1737 1093; baseline 0.002 -21"><span class='ocrx_word' id='word_1_104' title='bbox 86 1018 246 1072; x_wconf 84' lang='lat' dir='ltr'><strong>etverdum.</strong></span> <span class='ocrx_word' id='word_1_105' title='bbox 275 1018 354 1072; x_wconf 88' lang='lat' dir='ltr'><strong>Sicut</strong></span> <span class='ocrx_word' id='word_1_106' title='bbox 379 1034 476 1089; x_wconf 90' lang='lat' dir='ltr'><strong>snpra,</strong></span> <span class='ocrx_word' id='word_1_107' title='bbox 501 1019 619 1073; x_wconf 89' lang='lat' dir='ltr'><strong>verbum</strong></span> <span class='ocrx_word' id='word_1_108' title='bbox 639 1019 776 1090; x_wconf 79' lang='lat' dir='ltr'><strong>allegem</strong></span> <span class='ocrx_word' id='word_1_109' title='bbox 791 1019 830 1075; x_wconf 91' lang='lat' dir='ltr'><strong>si·</strong></span> <span class='ocrx_word' id='word_1_110' title='bbox 920 1021 1001 1076; x_wconf 81' lang='lat' dir='ltr'><strong>Vens.</strong></span> <span class='ocrx_word' id='word_1_111' title='bbox 1029 1023 1070 1076; x_wconf 68' lang='lat' dir='ltr'><strong>lt,</strong></span> <span class='ocrx_word' id='word_1_112' title='bbox 1098 1048 1135 1062; x_wconf 93' lang='lat'><em>-</em></span> <span class='ocrx_word' id='word_1_113' title='bbox 1157 1022 1269 1076; x_wconf 82' lang='lat' dir='ltr'><strong>Domini</strong></span> <span class='ocrx_word' id='word_1_114' title='bbox 1298 1024 1477 1076; x_wconf 68' lang='lat' dir='ltr'><strong>caeercituum.</strong></span> <span class='ocrx_word' id='word_1_115' title='bbox 1515 1020 1682 1093; x_wconf 83' lang='lat' dir='ltr'><strong>Ubicunque</strong></span> <span class='ocrx_word' id='word_1_116' title='bbox 1701 1022 1737 1076; x_wconf 90' lang='lat' dir='ltr'><strong>de</strong></span> 
     </span>
     <span class='ocr_line' id='line_1_10' title="bbox 74 1106 1736 1180; baseline 0.001 -18"><span class='ocrx_word' id='word_1_117' title='bbox 74 1106 175 1176; x_wconf 74' lang='lat' dir='ltr'><strong>postult,</strong></span> <span class='ocrx_word' id='word_1_118' title='bbox 203 1111 234 1161; x_wconf 90' lang='lat' dir='ltr'><strong>ut</strong></span> <span class='ocrx_word' id='word_1_119' title='bbox 257 1106 400 1178; x_wconf 88' lang='lat' dir='ltr'><strong>principes</strong></span> <span class='ocrx_word' id='word_1_120' title='bbox 427 1107 560 1162; x_wconf 86' lang='lat' dir='ltr'><strong>audirent</strong></span> <span class='ocrx_word' id='word_1_121' title='bbox 587 1107 716 1174; x_wconf 86' lang='lat' dir='ltr'><strong>verbum,</strong></span> <span class='ocrx_word' id='word_1_122' title='bbox 737 1109 829 1179; x_wconf 76' lang='lat' dir='ltr'><strong>legem</strong></span> <span class='ocrx_word' id='word_1_123' title='bbox 885 1108 1012 1174; x_wconf 85' lang='lat' dir='ltr'><strong>victoria,</strong></span> <span class='ocrx_word' id='word_1_124' title='bbox 1040 1108 1084 1162; x_wconf 90' lang='lat' dir='ltr'><strong>vel</strong></span> <span class='ocrx_word' id='word_1_125' title='bbox 1111 1109 1236 1162; x_wconf 88' lang='lat' dir='ltr'><strong>vindicta</strong></span> <span class='ocrx_word' id='word_1_126' title='bbox 1269 1108 1382 1162; x_wconf 85' lang='lat' dir='ltr'><strong>Domini</strong></span> <span class='ocrx_word' id='word_1_127' title='bbox 1409 1109 1553 1180; x_wconf 79' lang='lat' dir='ltr'><strong>loquitur3</strong></span> <span class='ocrx_word' id='word_1_128' title='bbox 1585 1109 1736 1165; x_wconf 88' lang='lat' dir='ltr'><strong>Dominum</strong></span> 
     </span>
     <span class='ocr_line' id='line_1_11' title="bbox 74 1194 1737 1267; baseline 0.002 -19"><span class='ocrx_word' id='word_1_129' title='bbox 74 1208 105 1248; x_wconf 86' lang='lat' dir='ltr'><strong>ns</strong></span> <span class='ocrx_word' id='word_1_130' title='bbox 125 1210 195 1249; x_wconf 90' lang='lat' dir='ltr'><strong>aure</strong></span> <span class='ocrx_word' id='word_1_131' title='bbox 221 1195 391 1266; x_wconf 80' lang='lat' dir='ltr'><strong>perciperet.</strong></span> <span class='ocrx_word' id='word_1_132' title='bbox 421 1194 477 1260; x_wconf 80' lang='lat' dir='ltr'><strong>Qui</strong></span> <span class='ocrx_word' id='word_1_133' title='bbox 498 1195 575 1250; x_wconf 90' lang='lat' dir='ltr'><strong>euim</strong></span> <span class='ocrx_word' id='word_1_134' title='bbox 603 1195 703 1250; x_wconf 86' lang='lat' dir='ltr'><strong>iecerit</strong></span> <span class='ocrx_word' id='word_1_135' title='bbox 723 1196 828 1267; x_wconf 76' lang='lat' dir='ltr'><strong>legem,</strong></span> <span class='ocrx_word' id='word_1_136' title='bbox 884 1195 1060 1250; x_wconf 85' lang='lat' dir='ltr'><strong>exercituum</strong></span> <span class='ocrx_word' id='word_1_137' title='bbox 1074 1211 1141 1250; x_wconf 83' lang='lat' dir='ltr'><strong>eum</strong></span> <span class='ocrx_word' id='word_1_138' title='bbox 1151 1199 1367 1262; x_wconf 87' lang='lat' dir='ltr'><strong>commemorat,</strong></span> <span class='ocrx_word' id='word_1_139' title='bbox 1392 1211 1428 1249; x_wconf 89' lang='lat' dir='ltr'><strong>ne</strong></span> <span class='ocrx_word' id='word_1_140' title='bbox 1447 1194 1611 1251; x_wconf 89' lang='lat' dir='ltr'><strong>dubitemus</strong></span> <span class='ocrx_word' id='word_1_141' title='bbox 1625 1196 1660 1251; x_wconf 85' lang='lat' dir='ltr'><strong>de</strong></span> <span class='ocrx_word' id='word_1_142' title='bbox 1674 1197 1737 1267; x_wconf 90' lang='lat' dir='ltr'><strong>ejus</strong></span> 
     </span>
     <span class='ocr_line' id='line_1_12' title="bbox 74 1282 1412 1357; baseline -0.001 -20"><span class='ocrx_word' id='word_1_143' title='bbox 74 1282 128 1338; x_wconf 84' lang='lat' dir='ltr'><strong>niet</strong></span> <span class='ocrx_word' id='word_1_144' title='bbox 139 1284 173 1337; x_wconf 92' lang='lat' dir='ltr'><strong>ad</strong></span> <span class='ocrx_word' id='word_1_145' title='bbox 188 1283 308 1339; x_wconf 82' lang='lat' dir='ltr'><strong>verbum</strong></span> <span class='ocrx_word' id='word_1_146' title='bbox 333 1283 402 1352; x_wconf 89' lang='lat' dir='ltr'><strong>Dei;</strong></span> <span class='ocrx_word' id='word_1_147' title='bbox 417 1283 505 1339; x_wconf 83' lang='lat' dir='ltr'><strong>exibit</strong></span> <span class='ocrx_word' id='word_1_148' title='bbox 519 1284 564 1338; x_wconf 86' lang='lat' dir='ltr'><strong>lex</strong></span> <span class='ocrx_word' id='word_1_149' title='bbox 589 1283 625 1338; x_wconf 88' lang='lat' dir='ltr'><strong>de</strong></span> <span class='ocrx_word' id='word_1_150' title='bbox 644 1283 731 1339; x_wconf 90' lang='lat' dir='ltr'><strong>verbo</strong></span> <span class='ocrx_word' id='word_1_151' title='bbox 746 1286 830 1357; x_wconf 87' lang='lat' dir='ltr'><strong>quasi</strong></span> <span class='ocrx_word' id='word_1_152' title='bbox 885 1283 1010 1350; x_wconf 86' lang='lat' dir='ltr'><strong>victoria,</strong></span> <span class='ocrx_word' id='word_1_153' title='bbox 1029 1282 1110 1354; x_wconf 86' lang='lat' dir='ltr'><strong>cujus</strong></span> <span class='ocrx_word' id='word_1_154' title='bbox 1125 1287 1257 1337; x_wconf 88' lang='lat' dir='ltr'><strong>tantaest</strong></span> <span class='ocrx_word' id='word_1_155' title='bbox 1270 1282 1412 1353; x_wconf 85' lang='lat' dir='ltr'><strong>potentia.</strong></span> 
     </span>
    </p>

    <p class='ocr_par' dir='ltr' id='par_1_4' title="bbox 74 1369 1736 1789">
     <span class='ocr_line' id='line_1_13' title="bbox 74 1369 1736 1442; baseline 0.001 -17"><span class='ocrx_word' id='word_1_156' title='bbox 74 1376 120 1437; x_wconf 81' lang='lat' dir='ltr'><strong>lte,</strong></span> <span class='ocrx_word' id='word_1_157' title='bbox 138 1371 254 1426; x_wconf 89' lang='lat' dir='ltr'><strong>ntalios</strong></span> <span class='ocrx_word' id='word_1_158' title='bbox 267 1371 378 1442; x_wconf 82' lang='lat' dir='ltr'><strong>irriget.</strong></span> <span class='ocrx_word' id='word_1_159' title='bbox 921 1370 1002 1425; x_wconf 81' lang='lat' dir='ltr'><strong>vaes.</strong></span> <span class='ocrx_word' id='word_1_160' title='bbox 1023 1370 1065 1425; x_wconf 74' lang='lat' dir='ltr'><strong>tl.</strong></span> <span class='ocrx_word' id='word_1_161' title='bbox 1086 1400 1120 1409; x_wconf 92' lang='lat'>—</span> <span class='ocrx_word' id='word_1_162' title='bbox 1148 1372 1252 1426; x_wconf 79' lang='lat' dir='ltr'><strong>Montes</strong></span> <span class='ocrx_word' id='word_1_163' title='bbox 1278 1371 1405 1426; x_wconf 70' lang='lat' dir='ltr'><strong>excelsos.</strong></span> <span class='ocrx_word' id='word_1_164' title='bbox 1430 1369 1535 1440; x_wconf 82' lang='lat' dir='ltr'><strong>(livea.)</strong></span> <span class='ocrx_word' id='word_1_165' title='bbox 1560 1373 1614 1426; x_wconf 88' lang='lat' dir='ltr'><strong>Pro</strong></span> <span class='ocrx_word' id='word_1_166' title='bbox 1641 1371 1736 1428; x_wconf 88' lang='lat' dir='ltr'><strong>varie-</strong></span> 
     </span>
     <span class='ocr_line' id='line_1_14' title="bbox 74 1457 1735 1533; baseline 0.001 -19"><span class='ocrx_word' id='word_1_167' title='bbox 74 1474 105 1515; x_wconf 72' lang='grc' dir='ltr'><strong>ιι.</strong></span> <span class='ocrx_word' id='word_1_168' title='bbox 128 1460 156 1514; x_wconf 74' lang='lat' dir='ltr'><strong>i.</strong></span> <span class='ocrx_word' id='word_1_169' title='bbox 200 1489 235 1499; x_wconf 87' lang='lat'><em>-</em></span> <span class='ocrx_word' id='word_1_170' title='bbox 275 1462 309 1515; x_wconf 81' lang='lat' dir='ltr'><strong>lit</strong></span> <span class='ocrx_word' id='word_1_171' title='bbox 335 1459 496 1515; x_wconf 81' lang='lat' dir='ltr'><strong>constabunt</strong></span> <span class='ocrx_word' id='word_1_172' title='bbox 531 1459 638 1527; x_wconf 76' lang='lat' dir='ltr'><strong>ptudios</strong></span> <span class='ocrx_word' id='word_1_173' title='bbox 666 1475 735 1515; x_wconf 82' lang='lat' dir='ltr'><strong>suos.</strong></span> <span class='ocrx_word' id='word_1_174' title='bbox 766 1460 829 1531; x_wconf 90' lang='lat' dir='ltr'><strong>(ln.)</strong></span> <span class='ocrx_word' id='word_1_175' title='bbox 884 1457 1104 1522; x_wconf 84' lang='lat' dir='ltr'><strong>tatevirtutum,</strong></span> <span class='ocrx_word' id='word_1_176' title='bbox 1133 1457 1180 1511; x_wconf 91' lang='lat' dir='ltr'><strong>alii</strong></span> <span class='ocrx_word' id='word_1_177' title='bbox 1208 1458 1351 1513; x_wconf 92' lang='lat' dir='ltr'><strong>bonorum</strong></span> <span class='ocrx_word' id='word_1_178' title='bbox 1380 1464 1501 1528; x_wconf 83' lang='lat' dir='ltr'><strong>montes,</strong></span> <span class='ocrx_word' id='word_1_179' title='bbox 1518 1458 1567 1514; x_wconf 89' lang='lat' dir='ltr'><strong>alii</strong></span> <span class='ocrx_word' id='word_1_180' title='bbox 1588 1460 1735 1533; x_wconf 91' lang='lat' dir='ltr'><strong>collesap-</strong></span> 
     </span>
     <span class='ocr_line' id='line_1_15' title="bbox 85 1544 1734 1619; baseline 0.001 -17"><span class='ocrx_word' id='word_1_181' title='bbox 85 1546 212 1602; x_wconf 89' lang='lat' dir='ltr'><strong>stadium</strong></span> <span class='ocrx_word' id='word_1_182' title='bbox 225 1547 352 1603; x_wconf 81' lang='lat' dir='ltr'><strong>bellanDi</strong></span> <span class='ocrx_word' id='word_1_183' title='bbox 369 1552 496 1603; x_wconf 83' lang='lat' dir='ltr'><strong>vertetur</strong></span> <span class='ocrx_word' id='word_1_184' title='bbox 518 1548 672 1619; x_wconf 80' lang='lat' dir='ltr'><strong>inparem,</strong></span> <span class='ocrx_word' id='word_1_185' title='bbox 687 1552 760 1616; x_wconf 87' lang='lat' dir='ltr'><strong>etc.,</strong></span> <span class='ocrx_word' id='word_1_186' title='bbox 779 1564 829 1604; x_wconf 75' lang='lat' dir='ltr'><strong>ur·</strong></span> <span class='ocrx_word' id='word_1_187' title='bbox 883 1544 1037 1614; x_wconf 88' lang='lat' dir='ltr'><strong>pellantur.</strong></span> <span class='ocrx_word' id='word_1_188' title='bbox 1065 1546 1119 1600; x_wconf 88' lang='lat' dir='ltr'><strong>Pro</strong></span> <span class='ocrx_word' id='word_1_189' title='bbox 1143 1544 1306 1600; x_wconf 79' lang='lat' dir='ltr'><strong>diversitate</strong></span> <span class='ocrx_word' id='word_1_190' title='bbox 1340 1545 1483 1610; x_wconf 87' lang='lat' dir='ltr'><strong>vitiorum,</strong></span> <span class='ocrx_word' id='word_1_191' title='bbox 1508 1547 1557 1601; x_wconf 89' lang='lat' dir='ltr'><strong>alii</strong></span> <span class='ocrx_word' id='word_1_192' title='bbox 1579 1545 1734 1619; x_wconf 89' lang='lat' dir='ltr'><strong>impiorum</strong></span> 
     </span>
     <span class='ocr_line' id='line_1_16' title="bbox 74 1632 1734 1728; baseline 0.002 -39"><span class='ocrx_word' id='word_1_193' title='bbox 74 1634 84 1689; x_wconf 92' lang='lat' dir='ltr'><strong>l</strong></span> <span class='ocrx_word' id='word_1_194' title='bbox 110 1635 360 1690; x_wconf 85' lang='lat' dir='ltr'><strong>manducemusiu</strong></span> <span class='ocrx_word' id='word_1_195' title='bbox 389 1640 518 1706; x_wconf 91' lang='lat' dir='ltr'><strong>tempore</strong></span> <span class='ocrx_word' id='word_1_196' title='bbox 545 1635 704 1704; x_wconf 87' lang='lat' dir='ltr'><strong>messionis,</strong></span> <span class='ocrx_word' id='word_1_197' title='bbox 722 1635 864 1728; x_wconf 81' lang='lat' dir='ltr'><strong>scilieetB</strong></span> <span class='ocrx_word' id='word_1_198' title='bbox 883 1636 1006 1701; x_wconf 88' lang='lat' dir='ltr'><strong>montes,</strong></span> <span class='ocrx_word' id='word_1_199' title='bbox 1022 1633 1178 1698; x_wconf 89' lang='lat' dir='ltr'><strong>aliicolles,</strong></span> <span class='ocrx_word' id='word_1_200' title='bbox 1194 1634 1299 1706; x_wconf 87' lang='lat' dir='ltr'><strong>quibus</strong></span> <span class='ocrx_word' id='word_1_201' title='bbox 1322 1632 1445 1690; x_wconf 89' lang='lat' dir='ltr'><strong>dicitur:</strong></span> <span class='ocrx_word' id='word_1_202' title='bbox 1468 1638 1521 1702; x_wconf 77' lang='lat' dir='ltr'><strong>Epo</strong></span> <span class='ocrx_word' id='word_1_203' title='bbox 1536 1635 1663 1690; x_wconf 76' lang='lat' dir='ltr'><strong>inctucom</strong></span> <span class='ocrx_word' id='word_1_204' title='bbox 1688 1652 1734 1692; x_wconf 82' lang='lat' dir='ltr'><strong>eu·</strong></span> 
     </span>
     <span class='ocr_line' id='line_1_17' title="bbox 74 1720 1204 1789; baseline -0.002 -12"><span class='ocrx_word' id='word_1_205' title='bbox 74 1738 91 1777; x_wconf 82' lang='lat' dir='ltr'><strong>t.</strong></span> <span class='ocrx_word' id='word_1_206' title='bbox 881 1736 932 1789; x_wconf 83' lang='lat' dir='ltr'><strong>per</strong></span> <span class='ocrx_word' id='word_1_207' title='bbox 945 1735 991 1775; x_wconf 83' lang='lat' dir='ltr'><strong>uos</strong></span> <span class='ocrx_word' id='word_1_208' title='bbox 1004 1720 1139 1788; x_wconf 70' lang='lat' dir='ltr'><strong>etodium,</strong></span> <span class='ocrx_word' id='word_1_209' title='bbox 1150 1725 1204 1775; x_wconf 87' lang='lat' dir='ltr'><strong>etc.</strong></span> 
     </span>
    </p>

    <p class='ocr_par' dir='ltr' id='par_1_5' title="bbox 74 1809 1734 2145">
     <span class='ocr_line' id='line_1_18' title="bbox 74 1809 1733 1882; baseline 0.001 -17"><span class='ocrx_word' id='word_1_210' title='bbox 74 1825 95 1865; x_wconf 84' lang='lat' dir='ltr'><strong>s.</strong></span> <span class='ocrx_word' id='word_1_211' title='bbox 111 1811 404 1877; x_wconf 80' lang='lat' dir='ltr'><strong>tt.-Domaelocob,</strong></span> <span class='ocrx_word' id='word_1_212' title='bbox 425 1815 478 1864; x_wconf 89' lang='lat' dir='ltr'><strong>etc.</strong></span> <span class='ocrx_word' id='word_1_213' title='bbox 515 1810 577 1882; x_wconf 83' lang='lat' dir='ltr'><strong>(ln.)</strong></span> <span class='ocrx_word' id='word_1_214' title='bbox 605 1812 671 1866; x_wconf 85' lang='lat' dir='ltr'><strong>Posi</strong></span> <span class='ocrx_word' id='word_1_215' title='bbox 704 1811 828 1867; x_wconf 87' lang='lat' dir='ltr'><strong>vocatio·</strong></span> <span class='ocrx_word' id='word_1_216' title='bbox 917 1810 953 1863; x_wconf 80' lang='lat' dir='ltr'><strong>Et</strong></span> <span class='ocrx_word' id='word_1_217' title='bbox 970 1822 1053 1878; x_wconf 78' lang='lat' dir='ltr'><strong>super</strong></span> <span class='ocrx_word' id='word_1_218' title='bbox 1068 1824 1171 1863; x_wconf 85' lang='lat' dir='ltr'><strong>omnem</strong></span> <span class='ocrx_word' id='word_1_219' title='bbox 1181 1812 1293 1864; x_wconf 86' lang='lat' dir='ltr'><strong>turrim.</strong></span> <span class='ocrx_word' id='word_1_220' title='bbox 1311 1809 1375 1878; x_wconf 83' lang='lat' dir='ltr'><strong>(ln.)</strong></span> <span class='ocrx_word' id='word_1_221' title='bbox 1388 1810 1431 1864; x_wconf 80' lang='lat' dir='ltr'><strong>ad</strong></span> <span class='ocrx_word' id='word_1_222' title='bbox 1446 1810 1589 1865; x_wconf 79' lang='lat' dir='ltr'><strong>litteram:</strong></span> <span class='ocrx_word' id='word_1_223' title='bbox 1618 1810 1733 1866; x_wconf 90' lang='lat' dir='ltr'><strong>vcuien·</strong></span> 
     </span>
     <span class='ocr_line' id='line_1_19' title="bbox 74 1894 1732 1969; baseline 0.001 -17"><span class='ocrx_word' id='word_1_224' title='bbox 74 1898 189 1967; x_wconf 72' lang='lat' dir='ltr'><strong>rentium</strong></span> <span class='ocrx_word' id='word_1_225' title='bbox 204 1903 233 1955; x_wconf 91' lang='lat' dir='ltr'><strong>ct</strong></span> <span class='ocrx_word' id='word_1_226' title='bbox 247 1898 439 1954; x_wconf 88' lang='lat' dir='ltr'><strong>ostensionem</strong></span> <span class='ocrx_word' id='word_1_227' title='bbox 455 1899 560 1953; x_wconf 91' lang='lat' dir='ltr'><strong>montis</strong></span> <span class='ocrx_word' id='word_1_228' title='bbox 578 1900 641 1965; x_wconf 87' lang='lat' dir='ltr'><strong>Dei,</strong></span> <span class='ocrx_word' id='word_1_229' title='bbox 657 1899 759 1954; x_wconf 89' lang='lat' dir='ltr'><strong>invitat</strong></span> <span class='ocrx_word' id='word_1_230' title='bbox 773 1915 829 1969; x_wconf 91' lang='lat' dir='ltr'><strong>po·</strong></span> <span class='ocrx_word' id='word_1_231' title='bbox 882 1894 960 1949; x_wconf 88' lang='lat' dir='ltr'><strong>tibus</strong></span> <span class='ocrx_word' id='word_1_232' title='bbox 984 1895 1131 1962; x_wconf 82' lang='lat' dir='ltr'><strong>Romanis,</strong></span> <span class='ocrx_word' id='word_1_233' title='bbox 1162 1901 1191 1950; x_wconf 90' lang='lat' dir='ltr'><strong>et</strong></span> <span class='ocrx_word' id='word_1_234' title='bbox 1220 1901 1313 1951; x_wconf 89' lang='lat' dir='ltr'><strong>turres</strong></span> <span class='ocrx_word' id='word_1_235' title='bbox 1339 1897 1458 1952; x_wconf 87' lang='lat' dir='ltr'><strong>etmuri</strong></span> <span class='ocrx_word' id='word_1_236' title='bbox 1485 1896 1615 1953; x_wconf 80' lang='lat' dir='ltr'><strong>funditus</strong></span> <span class='ocrx_word' id='word_1_237' title='bbox 1643 1900 1732 1954; x_wconf 87' lang='lat' dir='ltr'><strong>eversi</strong></span> 
     </span>
     <span class='ocr_line' id='line_1_20' title="bbox 74 1986 1734 2058; baseline 0.002 -18"><span class='ocrx_word' id='word_1_238' title='bbox 74 2001 191 2054; x_wconf 73' lang='lat' dir='ltr'><strong>usuum,</strong></span> <span class='ocrx_word' id='word_1_239' title='bbox 207 1986 257 2057; x_wconf 83' lang='lat' dir='ltr'><strong>qui</strong></span> <span class='ocrx_word' id='word_1_240' title='bbox 272 1992 316 2041; x_wconf 89' lang='lat' dir='ltr'><strong>est</strong></span> <span class='ocrx_word' id='word_1_241' title='bbox 330 1986 365 2041; x_wconf 90' lang='lat' dir='ltr'><strong>de</strong></span> <span class='ocrx_word' id='word_1_242' title='bbox 379 1987 475 2052; x_wconf 85' lang='lat' dir='ltr'><strong>Jacob,</strong></span> <span class='ocrx_word' id='word_1_243' title='bbox 493 1990 525 2041; x_wconf 92' lang='lat' dir='ltr'><strong>at</strong></span> <span class='ocrx_word' id='word_1_244' title='bbox 538 1986 637 2042; x_wconf 86' lang='lat' dir='ltr'><strong>exiens</strong></span> <span class='ocrx_word' id='word_1_245' title='bbox 655 1987 690 2042; x_wconf 90' lang='lat' dir='ltr'><strong>de</strong></span> <span class='ocrx_word' id='word_1_246' title='bbox 702 1987 829 2042; x_wconf 89' lang='lat' dir='ltr'><strong>tenebris</strong></span> <span class='ocrx_word' id='word_1_247' title='bbox 882 1986 1192 2053; x_wconf 83' lang='lat' dir='ltr'><strong>sunt,eto.,usquecd</strong></span> <span class='ocrx_word' id='word_1_248' title='bbox 1216 2001 1250 2039; x_wconf 90' lang='lat' dir='ltr'><strong>ne</strong></span> <span class='ocrx_word' id='word_1_249' title='bbox 1266 1986 1372 2058; x_wconf 81' lang='lat' dir='ltr'><strong>dogma</strong></span> <span class='ocrx_word' id='word_1_250' title='bbox 1386 2003 1551 2058; x_wconf 88' lang='lat' dir='ltr'><strong>perversum</strong></span> <span class='ocrx_word' id='word_1_251' title='bbox 1579 1990 1734 2058; x_wconf 84' lang='lat' dir='ltr'><strong>praevaleat</strong></span> 
     </span>
     <span class='ocr_line' id='line_1_21' title="bbox 74 2071 1004 2145; baseline 0 -18"><span class='ocrx_word' id='word_1_252' title='bbox 74 2073 168 2141; x_wconf 87' lang='lat' dir='ltr'><strong>litatis,</strong></span> <span class='ocrx_word' id='word_1_253' title='bbox 184 2073 321 2145; x_wconf 82' lang='lat' dir='ltr'><strong>suscipiat</strong></span> <span class='ocrx_word' id='word_1_254' title='bbox 333 2076 430 2129; x_wconf 89' lang='lat' dir='ltr'><strong>lumen</strong></span> <span class='ocrx_word' id='word_1_255' title='bbox 443 2073 556 2131; x_wconf 83' lang='lat' dir='ltr'><strong>Christi.</strong></span> <span class='ocrx_word' id='word_1_256' title='bbox 883 2071 1004 2127; x_wconf 77' lang='lat' dir='ltr'><strong>veritati.</strong></span> 
     </span>
    </p>

    <p class='ocr_par' dir='ltr' id='par_1_6' title="bbox 74 2159 1733 2498">
     <span class='ocr_line' id='line_1_22' title="bbox 74 2159 1733 2234; baseline 0.002 -18"><span class='ocrx_word' id='word_1_257' title='bbox 74 2164 163 2217; x_wconf 76' lang='lat' dir='ltr'><strong>omme.</strong></span> <span class='ocrx_word' id='word_1_258' title='bbox 195 2164 256 2231; x_wconf 89' lang='lat' dir='ltr'><strong>(lo.)</strong></span> <span class='ocrx_word' id='word_1_259' title='bbox 286 2166 354 2217; x_wconf 87' lang='lat' dir='ltr'><strong>Dum</strong></span> <span class='ocrx_word' id='word_1_260' title='bbox 379 2165 462 2217; x_wconf 85' lang='lat' dir='ltr'><strong>lucem</strong></span> <span class='ocrx_word' id='word_1_261' title='bbox 490 2163 605 2229; x_wconf 76' lang='lat' dir='ltr'><strong>bebetis,</strong></span> <span class='ocrx_word' id='word_1_262' title='bbox 628 2162 828 2218; x_wconf 83' lang='lat' dir='ltr'><strong>crediteinlu·</strong></span> <span class='ocrx_word' id='word_1_263' title='bbox 918 2160 1107 2215; x_wconf 75' lang='lat' dir='ltr'><strong>traslu-</strong></span> <span class='ocrx_word' id='word_1_264' title='bbox 1133 2161 1233 2216; x_wconf 82' lang='lat' dir='ltr'><strong>Nooee.</strong></span> <span class='ocrx_word' id='word_1_265' title='bbox 1263 2159 1328 2227; x_wconf 79' lang='lat' dir='ltr'><strong>(ln.)</strong></span> <span class='ocrx_word' id='word_1_266' title='bbox 1357 2161 1463 2216; x_wconf 86' lang='lat' dir='ltr'><strong>Habuit</strong></span> <span class='ocrx_word' id='word_1_267' title='bbox 1486 2163 1625 2234; x_wconf 73' lang='lat' dir='ltr'><strong>iosaphat</strong></span> <span class='ocrx_word' id='word_1_268' title='bbox 1648 2180 1733 2220; x_wconf 88' lang='lat' dir='ltr'><strong>naves</strong></span> 
     </span>
     <span class='ocr_line' id='line_1_23' title="bbox 74 2246 1733 2320; baseline 0.001 -14"><span class='ocrx_word' id='word_1_269' title='bbox 74 2250 192 2306; x_wconf 75' lang='lat' dir='ltr'><strong>incedite</strong></span> <span class='ocrx_word' id='word_1_270' title='bbox 217 2251 255 2303; x_wconf 84' lang='lat' dir='ltr'><strong>ud</strong></span> <span class='ocrx_word' id='word_1_271' title='bbox 282 2266 353 2315; x_wconf 85' lang='lat' dir='ltr'><strong>eum,</strong></span> <span class='ocrx_word' id='word_1_272' title='bbox 376 2256 401 2305; x_wconf 91' lang='lat' dir='ltr'><strong>et</strong></span> <span class='ocrx_word' id='word_1_273' title='bbox 432 2252 637 2317; x_wconf 81' lang='lat' dir='ltr'><strong>illuminamini,</strong></span> <span class='ocrx_word' id='word_1_274' title='bbox 661 2263 714 2305; x_wconf 90' lang='lat' dir='ltr'><strong>erc.</strong></span> <span class='ocrx_word' id='word_1_275' title='bbox 742 2251 828 2316; x_wconf 83' lang='lat' dir='ltr'><strong>Quasi</strong></span> <span class='ocrx_word' id='word_1_276' title='bbox 881 2263 952 2320; x_wconf 87' lang='lat' dir='ltr'><strong>quas</strong></span> <span class='ocrx_word' id='word_1_277' title='bbox 967 2246 1139 2305; x_wconf 86' lang='lat' dir='ltr'><strong>mittebatin</strong></span> <span class='ocrx_word' id='word_1_278' title='bbox 1153 2247 1279 2313; x_wconf 78' lang='lat' dir='ltr'><strong>Tharais,</strong></span> <span class='ocrx_word' id='word_1_279' title='bbox 1294 2252 1360 2313; x_wconf 77' lang='lat' dir='ltr'><strong>ete..</strong></span> <span class='ocrx_word' id='word_1_280' title='bbox 1386 2264 1470 2318; x_wconf 83' lang='lat' dir='ltr'><strong>usque</strong></span> <span class='ocrx_word' id='word_1_281' title='bbox 1498 2251 1536 2304; x_wconf 85' lang='lat' dir='ltr'><strong>od</strong></span> <span class='ocrx_word' id='word_1_282' title='bbox 1561 2256 1628 2306; x_wconf 91' lang='lat' dir='ltr'><strong>sunt</strong></span> <span class='ocrx_word' id='word_1_283' title='bbox 1644 2257 1673 2306; x_wconf 90' lang='lat' dir='ltr'><strong>ot</strong></span> <span class='ocrx_word' id='word_1_284' title='bbox 1688 2268 1733 2307; x_wconf 90' lang='lat' dir='ltr'><strong>na·</strong></span> 
     </span>
     <span class='ocr_line' id='line_1_24' title="bbox 86 2335 1732 2408; baseline 0.002 -16"><span class='ocrx_word' id='word_1_285' title='bbox 86 2338 219 2403; x_wconf 64' lang='lat' dir='ltr'><strong>mimate</strong></span> <span class='ocrx_word' id='word_1_286' title='bbox 246 2341 314 2407; x_wconf 77' lang='lat' dir='ltr'><strong>opit,</strong></span> <span class='ocrx_word' id='word_1_287' title='bbox 337 2339 513 2393; x_wconf 81' lang='lat' dir='ltr'><strong>editionem:</strong></span> <span class='ocrx_word' id='word_1_288' title='bbox 530 2339 578 2394; x_wconf 84' lang='lat' dir='ltr'><strong>sed</strong></span> <span class='ocrx_word' id='word_1_289' title='bbox 608 2341 696 2393; x_wconf 86' lang='lat' dir='ltr'><strong>venite</strong></span> <span class='ocrx_word' id='word_1_290' title='bbox 714 2354 827 2408; x_wconf 79' lang='lat' dir='ltr'><strong>mecum,</strong></span> <span class='ocrx_word' id='word_1_291' title='bbox 882 2352 929 2390; x_wconf 89' lang='lat' dir='ltr'><strong>ves</strong></span> <span class='ocrx_word' id='word_1_292' title='bbox 943 2335 1024 2391; x_wconf 78' lang='lat' dir='ltr'><strong>bonas</strong></span> <span class='ocrx_word' id='word_1_293' title='bbox 1053 2335 1087 2390; x_wconf 90' lang='lat' dir='ltr'><strong>de</strong></span> <span class='ocrx_word' id='word_1_294' title='bbox 1117 2336 1222 2406; x_wconf 84' lang='lat' dir='ltr'><strong>quibus</strong></span> <span class='ocrx_word' id='word_1_295' title='bbox 1251 2336 1373 2392; x_wconf 89' lang='lat' dir='ltr'><strong>dicitur:</strong></span> <span class='ocrx_word' id='word_1_296' title='bbox 1403 2337 1456 2403; x_wconf 76' lang='lat' dir='ltr'><strong>om</strong></span> <span class='ocrx_word' id='word_1_297' title='bbox 1479 2337 1732 2395; x_wconf 66' lang='lat' dir='ltr'><strong>decrementmure</strong></span> 
     </span>
     <span class='ocr_line' id='line_1_25' title="bbox 74 2425 1064 2498; baseline 0.007 -18"><span class='ocrx_word' id='word_1_298' title='bbox 74 2441 143 2481; x_wconf 76' lang='lat' dir='ltr'><strong>maus</strong></span> <span class='ocrx_word' id='word_1_299' title='bbox 168 2430 197 2480; x_wconf 84' lang='lat' dir='ltr'><strong>ia</strong></span> <span class='ocrx_word' id='word_1_300' title='bbox 221 2427 278 2481; x_wconf 84' lang='lat' dir='ltr'><strong>luce</strong></span> <span class='ocrx_word' id='word_1_301' title='bbox 299 2430 417 2495; x_wconf 83' lang='lat' dir='ltr'><strong>Domini,</strong></span> <span class='ocrx_word' id='word_1_302' title='bbox 434 2431 483 2498; x_wconf 80' lang='lat' dir='ltr'><strong>qui</strong></span> <span class='ocrx_word' id='word_1_303' title='bbox 500 2428 590 2482; x_wconf 84' lang='lat' dir='ltr'><strong>dicit:</strong></span> <span class='ocrx_word' id='word_1_304' title='bbox 617 2429 678 2494; x_wconf 77' lang='lat' dir='ltr'><strong>Epo</strong></span> <span class='ocrx_word' id='word_1_305' title='bbox 698 2443 758 2483; x_wconf 82' lang='lat' dir='ltr'><strong>sum</strong></span> <span class='ocrx_word' id='word_1_306' title='bbox 778 2430 827 2483; x_wconf 76' lang='lat' dir='ltr'><strong>tvo</strong></span> <span class='ocrx_word' id='word_1_307' title='bbox 881 2425 996 2489; x_wconf 70' lang='lat' dir='ltr'><strong>vannat.</strong></span> <span class='ocrx_word' id='word_1_308' title='bbox 1010 2428 1064 2478; x_wconf 64' lang='lat'><strong>01⁰·</strong></span> 
     </span>
    </p>

    <p class='ocr_par' dir='ltr' id='par_1_7' title="bbox 74 2511 1731 2674">
     <span class='ocr_line' id='line_1_26' title="bbox 74 2511 1731 2583; baseline 0 -13"><span class='ocrx_word' id='word_1_309' title='bbox 74 2520 153 2583; x_wconf 75' lang='lat' dir='ltr'><strong>,etc</strong></span> <span class='ocrx_word' id='word_1_310' title='bbox 918 2514 1040 2568; x_wconf 82' lang='lat' dir='ltr'><strong>Tlvorsis.</strong></span> <span class='ocrx_word' id='word_1_311' title='bbox 1079 2513 1144 2581; x_wconf 83' lang='lat' dir='ltr'><strong>(ln.)</strong></span> <span class='ocrx_word' id='word_1_312' title='bbox 1173 2511 1332 2583; x_wconf 66' lang='lat' dir='ltr'><strong>cujuslibet</strong></span> <span class='ocrx_word' id='word_1_313' title='bbox 1353 2512 1449 2580; x_wconf 84' lang='lat' dir='ltr'><strong>maris,</strong></span> <span class='ocrx_word' id='word_1_314' title='bbox 1487 2519 1552 2574; x_wconf 86' lang='lat' dir='ltr'><strong>etc.</strong></span> <span class='ocrx_word' id='word_1_315' title='bbox 1577 2529 1662 2583; x_wconf 81' lang='lat' dir='ltr'><strong>usque</strong></span> <span class='ocrx_word' id='word_1_316' title='bbox 1692 2516 1731 2570; x_wconf 86' lang='lat' dir='ltr'><strong>nd</strong></span> 
     </span>
     <span class='ocr_line' id='line_1_27' title="bbox 74 2599 1315 2674; baseline -0.002 -17"><span class='ocrx_word' id='word_1_317' title='bbox 74 2619 93 2657; x_wconf 82' lang='lat' dir='ltr'><strong>v.</strong></span> <span class='ocrx_word' id='word_1_318' title='bbox 110 2606 136 2657; x_wconf 85' lang='lat' dir='ltr'><strong>tl.</strong></span> <span class='ocrx_word' id='word_1_319' title='bbox 150 2633 184 2643; x_wconf 97' lang='lat'>-</span> <span class='ocrx_word' id='word_1_320' title='bbox 210 2603 352 2673; x_wconf 80' lang='lat' dir='ltr'><strong>Projecisti</strong></span> <span class='ocrx_word' id='word_1_321' title='bbox 369 2606 453 2659; x_wconf 85' lang='lat' dir='ltr'><strong>enim.</strong></span> <span class='ocrx_word' id='word_1_322' title='bbox 480 2604 634 2674; x_wconf 76' lang='lat' dir='ltr'><strong>Postquam</strong></span> <span class='ocrx_word' id='word_1_323' title='bbox 656 2603 827 2673; x_wconf 67' lang='lat' dir='ltr'><strong>{exhortatus</strong></span> <span class='ocrx_word' id='word_1_324' title='bbox 881 2599 904 2653; x_wconf 91' lang='lat' dir='ltr'><strong>si</strong></span> <span class='ocrx_word' id='word_1_325' title='bbox 924 2599 1009 2655; x_wconf 79' lang='lat' dir='ltr'><strong>alitor</strong></span> <span class='ocrx_word' id='word_1_326' title='bbox 1022 2599 1135 2668; x_wconf 77' lang='lat' dir='ltr'><strong>Dicitur,</strong></span> <span class='ocrx_word' id='word_1_327' title='bbox 1152 2600 1315 2672; x_wconf 79' lang='lat' dir='ltr'><strong>Syrumest.</strong></span> 
     </span>
    </p>

    <p class='ocr_par' dir='ltr' id='par_1_8' title="bbox 74 2688 1731 3008">
     <span class='ocr_line' id='line_1_28' title="bbox 74 2688 1729 2762; baseline 0.001 -17"><span class='ocrx_word' id='word_1_328' title='bbox 74 2690 115 2745; x_wconf 87' lang='lat' dir='ltr'><strong>dit</strong></span> <span class='ocrx_word' id='word_1_329' title='bbox 128 2689 158 2744; x_wconf 90' lang='lat' dir='ltr'><strong>in</strong></span> <span class='ocrx_word' id='word_1_330' title='bbox 182 2690 284 2761; x_wconf 87' lang='lat' dir='ltr'><strong>spiritu</strong></span> <span class='ocrx_word' id='word_1_331' title='bbox 309 2689 445 2746; x_wconf 87' lang='lat' dir='ltr'><strong>duritiem</strong></span> <span class='ocrx_word' id='word_1_332' title='bbox 467 2706 578 2756; x_wconf 88' lang='lat' dir='ltr'><strong>eorum,</strong></span> <span class='ocrx_word' id='word_1_333' title='bbox 610 2695 638 2745; x_wconf 91' lang='lat' dir='ltr'><strong>et</strong></span> <span class='ocrx_word' id='word_1_334' title='bbox 653 2690 747 2745; x_wconf 89' lang='lat' dir='ltr'><strong>subito</strong></span> <span class='ocrx_word' id='word_1_335' title='bbox 762 2705 827 2745; x_wconf 87' lang='lat' dir='ltr'><strong>ocu·</strong></span> <span class='ocrx_word' id='word_1_336' title='bbox 917 2688 998 2742; x_wconf 80' lang='lat' dir='ltr'><strong>Vens.</strong></span> <span class='ocrx_word' id='word_1_337' title='bbox 1015 2693 1057 2744; x_wconf 85' lang='lat' dir='ltr'><strong>l7.</strong></span> <span class='ocrx_word' id='word_1_338' title='bbox 1072 2718 1106 2730; x_wconf 95' lang='lat'>—</span> <span class='ocrx_word' id='word_1_339' title='bbox 1124 2689 1316 2744; x_wconf 74' lang='lat' dir='ltr'><strong>lneumobitur</strong></span> <span class='ocrx_word' id='word_1_340' title='bbox 1343 2690 1439 2745; x_wconf 80' lang='lat' dir='ltr'><strong>omnis.</strong></span> <span class='ocrx_word' id='word_1_341' title='bbox 1464 2689 1526 2760; x_wconf 88' lang='lat' dir='ltr'><strong>(ln.)</strong></span> <span class='ocrx_word' id='word_1_342' title='bbox 1551 2689 1729 2762; x_wconf 71' lang='lat' dir='ltr'><strong>allegoricer</strong></span> 
     </span>
     <span class='ocr_line' id='line_1_29' title="bbox 74 2775 1731 2848; baseline 0.001 -16"><span class='ocrx_word' id='word_1_343' title='bbox 74 2778 189 2833; x_wconf 77' lang='lat' dir='ltr'><strong>intisad</strong></span> <span class='ocrx_word' id='word_1_344' title='bbox 218 2778 374 2834; x_wconf 88' lang='lat' dir='ltr'><strong>Dominum</strong></span> <span class='ocrx_word' id='word_1_345' title='bbox 400 2784 576 2845; x_wconf 80' lang='lat' dir='ltr'><strong>convectans,</strong></span> <span class='ocrx_word' id='word_1_346' title='bbox 594 2778 656 2833; x_wconf 90' lang='lat' dir='ltr'><strong>ait:</strong></span> <span class='ocrx_word' id='word_1_347' title='bbox 684 2778 826 2848; x_wconf 77' lang='lat' dir='ltr'><strong>Projeeisti</strong></span> <span class='ocrx_word' id='word_1_348' title='bbox 880 2775 1024 2830; x_wconf 87' lang='lat' dir='ltr'><strong>humanus</strong></span> <span class='ocrx_word' id='word_1_349' title='bbox 1039 2791 1134 2831; x_wconf 79' lang='lat' dir='ltr'><strong>serram</strong></span> <span class='ocrx_word' id='word_1_350' title='bbox 1154 2776 1331 2831; x_wconf 88' lang='lat' dir='ltr'><strong>rationabilis</strong></span> <span class='ocrx_word' id='word_1_351' title='bbox 1357 2776 1479 2844; x_wconf 88' lang='lat' dir='ltr'><strong>videtur,</strong></span> <span class='ocrx_word' id='word_1_352' title='bbox 1513 2780 1731 2848; x_wconf 64' lang='lat' dir='ltr'><strong>mammaeae</strong></span> 
     </span>
     <span class='ocr_line' id='line_1_30' title="bbox 74 2864 1731 2938; baseline 0.001 -17"><span class='ocrx_word' id='word_1_353' title='bbox 74 2870 135 2934; x_wconf 75' lang='lat' dir='ltr'><strong>stc,</strong></span> <span class='ocrx_word' id='word_1_354' title='bbox 148 2866 230 2937; x_wconf 86' lang='lat' dir='ltr'><strong>quasi</strong></span> <span class='ocrx_word' id='word_1_355' title='bbox 243 2865 330 2934; x_wconf 85' lang='lat' dir='ltr'><strong>dicat,</strong></span> <span class='ocrx_word' id='word_1_356' title='bbox 352 2870 382 2920; x_wconf 89' lang='lat' dir='ltr'><strong>et</strong></span> <span class='ocrx_word' id='word_1_357' title='bbox 395 2866 461 2921; x_wconf 93' lang='lat' dir='ltr'><strong>ideo</strong></span> <span class='ocrx_word' id='word_1_358' title='bbox 486 2865 632 2928; x_wconf 82' lang='lat' dir='ltr'><strong>hortandi.</strong></span> <span class='ocrx_word' id='word_1_359' title='bbox 648 2865 717 2937; x_wconf 87' lang='lat' dir='ltr'><strong>qnia</strong></span> <span class='ocrx_word' id='word_1_360' title='bbox 729 2866 825 2936; x_wconf 83' lang='lat' dir='ltr'><strong>proje-</strong></span> <span class='ocrx_word' id='word_1_361' title='bbox 879 2864 915 2918; x_wconf 92' lang='lat' dir='ltr'><strong>ab</strong></span> <span class='ocrx_word' id='word_1_362' title='bbox 943 2880 978 2918; x_wconf 91' lang='lat' dir='ltr'><strong>ec</strong></span> <span class='ocrx_word' id='word_1_363' title='bbox 1005 2880 1122 2935; x_wconf 78' lang='lat' dir='ltr'><strong>qnoque</strong></span> <span class='ocrx_word' id='word_1_364' title='bbox 1151 2881 1208 2936; x_wconf 86' lang='lat' dir='ltr'><strong>quo</strong></span> <span class='ocrx_word' id='word_1_365' title='bbox 1248 2866 1466 2920; x_wconf 87' lang='lat' dir='ltr'><strong>eonllctaerant</strong></span> <span class='ocrx_word' id='word_1_366' title='bbox 1498 2866 1612 2938; x_wconf 91' lang='lat' dir='ltr'><strong>penitus</strong></span> <span class='ocrx_word' id='word_1_367' title='bbox 1636 2871 1731 2922; x_wconf 88' lang='lat' dir='ltr'><strong>conte·</strong></span> 
     </span>
     <span class='ocr_line' id='line_1_31' title="bbox 74 2949 988 3008; baseline -0.001 0"><span class='ocrx_word' id='word_1_368' title='bbox 74 2958 117 3008; x_wconf 82' lang='lat' dir='ltr'><strong>ttc.</strong></span> <span class='ocrx_word' id='word_1_369' title='bbox 251 2974 255 2980; x_wconf 63' lang='lat'>¹</span> <span class='ocrx_word' id='word_1_370' title='bbox 839 2949 988 3007; x_wconf 84' lang='lat' dir='ltr'><strong>Creator.</strong></span> 
     </span>
    </p>

    <p class='ocr_par' dir='ltr' id='par_1_9' title="bbox 74 3040 1729 3288">
     <span class='ocr_line' id='line_1_32' title="bbox 74 3040 1729 3111; baseline 0.001 -15"><span class='ocrx_word' id='word_1_371' title='bbox 74 3044 272 3111; x_wconf 66' lang='lat' dir='ltr'><strong>treptetisrmt</strong></span> <span class='ocrx_word' id='word_1_372' title='bbox 292 3049 323 3098; x_wconf 81' lang='lat' dir='ltr'><strong>ut</strong></span> <span class='ocrx_word' id='word_1_373' title='bbox 349 3044 425 3108; x_wconf 90' lang='lat' dir='ltr'><strong>olim,</strong></span> <span class='ocrx_word' id='word_1_374' title='bbox 449 3047 501 3096; x_wconf 84' lang='lat' dir='ltr'><strong>etc.</strong></span> <span class='ocrx_word' id='word_1_375' title='bbox 518 3042 580 3108; x_wconf 85' lang='lat' dir='ltr'><strong>(lu.)</strong></span> <span class='ocrx_word' id='word_1_376' title='bbox 608 3040 755 3099; x_wconf 85' lang='lat' dir='ltr'><strong>Romanis.</strong></span> <span class='ocrx_word' id='word_1_377' title='bbox 770 3040 823 3095; x_wconf 89' lang='lat' dir='ltr'><strong>sei-</strong></span> <span class='ocrx_word' id='word_1_378' title='bbox 916 3040 996 3094; x_wconf 81' lang='lat' dir='ltr'><strong>Vras.</strong></span> <span class='ocrx_word' id='word_1_379' title='bbox 1012 3042 1054 3095; x_wconf 88' lang='lat' dir='ltr'><strong>l8.</strong></span> <span class='ocrx_word' id='word_1_380' title='bbox 1079 3069 1114 3081; x_wconf 88' lang='lat'><em>-</em></span> <span class='ocrx_word' id='word_1_381' title='bbox 1143 3043 1178 3096; x_wconf 82' lang='lat' dir='ltr'><strong>Et</strong></span> <span class='ocrx_word' id='word_1_382' title='bbox 1201 3041 1276 3095; x_wconf 80' lang='lat' dir='ltr'><strong>idolo</strong></span> <span class='ocrx_word' id='word_1_383' title='bbox 1299 3044 1416 3110; x_wconf 82' lang='lat' dir='ltr'><strong>penitae.</strong></span> <span class='ocrx_word' id='word_1_384' title='bbox 1442 3043 1498 3096; x_wconf 90' lang='lat' dir='ltr'><strong>lloc</strong></span> <span class='ocrx_word' id='word_1_385' title='bbox 1513 3041 1541 3095; x_wconf 89' lang='lat' dir='ltr'><strong>in</strong></span> <span class='ocrx_word' id='word_1_386' title='bbox 1566 3041 1729 3111; x_wconf 89' lang='lat' dir='ltr'><strong>captivitate</strong></span> 
     </span>
     <span class='ocr_line' id='line_1_33' title="bbox 78 3120 1729 3201; baseline 0.002 -19"><span class='ocrx_word' id='word_1_387' title='bbox 78 3126 240 3194; x_wconf 82' lang='lat' dir='ltr'><strong>laicalibus,</strong></span> <span class='ocrx_word' id='word_1_388' title='bbox 249 3129 506 3184; x_wconf 75' lang='lat' dir='ltr'><strong>lvrdoeosinludaea</strong></span> <span class='ocrx_word' id='word_1_389' title='bbox 514 3129 822 3184; x_wconf 87' lang='lat' dir='ltr'><strong>habitaverantalieni·</strong></span> <span class='ocrx_word' id='word_1_390' title='bbox 877 3120 1161 3197; x_wconf 75' lang='lat' dir='ltr'><strong>tlhaldmorum,etc.,</strong></span> <span class='ocrx_word' id='word_1_391' title='bbox 1176 3144 1260 3200; x_wconf 79' lang='lat' dir='ltr'><strong>usque</strong></span> <span class='ocrx_word' id='word_1_392' title='bbox 1284 3128 1322 3184; x_wconf 88' lang='lat' dir='ltr'><strong>od</strong></span> <span class='ocrx_word' id='word_1_393' title='bbox 1341 3130 1395 3185; x_wconf 91' lang='lat' dir='ltr'><strong>boc</strong></span> <span class='ocrx_word' id='word_1_394' title='bbox 1420 3129 1581 3200; x_wconf 80' lang='lat' dir='ltr'><strong>specialiter</strong></span> <span class='ocrx_word' id='word_1_395' title='bbox 1601 3131 1637 3186; x_wconf 93' lang='lat' dir='ltr'><strong>ad</strong></span> <span class='ocrx_word' id='word_1_396' title='bbox 1651 3131 1729 3201; x_wconf 87' lang='lat' dir='ltr'><strong>prio·</strong></span> 
     </span>
     <span class='ocr_line' id='line_1_34' title="bbox 82 3215 1331 3288; baseline 0 -17"><span class='ocrx_word' id='word_1_397' title='bbox 82 3217 273 3287; x_wconf 87' lang='lat' dir='ltr'><strong>undecunque</strong></span> <span class='ocrx_word' id='word_1_398' title='bbox 287 3216 407 3271; x_wconf 87' lang='lat' dir='ltr'><strong>&#39;adducti</strong></span> <span class='ocrx_word' id='word_1_399' title='bbox 421 3234 438 3272; x_wconf 91' lang='lat' dir='ltr'><strong>a</strong></span> <span class='ocrx_word' id='word_1_400' title='bbox 452 3217 515 3272; x_wconf 85' lang='lat' dir='ltr'><strong>Tito</strong></span> <span class='ocrx_word' id='word_1_401' title='bbox 544 3221 572 3271; x_wconf 90' lang='lat' dir='ltr'><strong>et</strong></span> <span class='ocrx_word' id='word_1_402' title='bbox 584 3217 764 3288; x_wconf 81' lang='lat' dir='ltr'><strong>Vespasiano,</strong></span> <span class='ocrx_word' id='word_1_403' title='bbox 780 3217 821 3270; x_wconf 89' lang='lat' dir='ltr'><strong>vel</strong></span> <span class='ocrx_word' id='word_1_404' title='bbox 878 3231 1063 3270; x_wconf 83' lang='lat' dir='ltr'><strong>remsensum</strong></span> <span class='ocrx_word' id='word_1_405' title='bbox 1080 3215 1265 3272; x_wconf 79' lang='lat' dir='ltr'><strong>referendum</strong></span> <span class='ocrx_word' id='word_1_406' title='bbox 1280 3221 1331 3271; x_wconf 91' lang='lat' dir='ltr'><strong>est.</strong></span> 
     </span>
    </p>

    <p class='ocr_par' dir='ltr' id='par_1_10' title="bbox 74 3302 1727 3640">
     <span class='ocr_line' id='line_1_35' title="bbox 74 3302 1727 3377; baseline 0.001 -17"><span class='ocrx_word' id='word_1_407' title='bbox 74 3321 84 3360; x_wconf 81' lang='lat' dir='ltr'><strong>s</strong></span> <span class='ocrx_word' id='word_1_408' title='bbox 116 3304 306 3377; x_wconf 89' lang='lat' dir='ltr'><strong>principibus.</strong></span> <span class='ocrx_word' id='word_1_409' title='bbox 337 3305 386 3359; x_wconf 84' lang='lat' dir='ltr'><strong>Vel</strong></span> <span class='ocrx_word' id='word_1_410' title='bbox 423 3304 592 3376; x_wconf 86' lang='lat' dir='ltr'><strong>prinsquam</strong></span> <span class='ocrx_word' id='word_1_411' title='bbox 619 3321 635 3359; x_wconf 91' lang='lat' dir='ltr'><strong>a</strong></span> <span class='ocrx_word' id='word_1_412' title='bbox 662 3303 823 3375; x_wconf 83' lang='lat' dir='ltr'><strong>Babyloniis</strong></span> <span class='ocrx_word' id='word_1_413' title='bbox 912 3302 1001 3374; x_wconf 79' lang='lat' dir='ltr'><strong>vitan.)</strong></span> <span class='ocrx_word' id='word_1_414' title='bbox 1033 3302 1191 3359; x_wconf 83' lang='lat' dir='ltr'><strong>AEdilicavit</strong></span> <span class='ocrx_word' id='word_1_415' title='bbox 1231 3304 1366 3360; x_wconf 89' lang='lat' dir='ltr'><strong>Salomon</strong></span> <span class='ocrx_word' id='word_1_416' title='bbox 1403 3314 1463 3360; x_wconf 80' lang='lat' dir='ltr'><strong>reni</strong></span> <span class='ocrx_word' id='word_1_417' title='bbox 1507 3305 1537 3359; x_wconf 94' lang='lat' dir='ltr'><strong>in</strong></span> <span class='ocrx_word' id='word_1_418' title='bbox 1570 3306 1727 3362; x_wconf 82' lang='lat' dir='ltr'><strong>Jerusalem</strong></span> 
     </span>
     <span class='ocr_line' id='line_1_36' title="bbox 74 3389 1726 3464; baseline -0.001 -16"><span class='ocrx_word' id='word_1_419' title='bbox 74 3397 162 3460; x_wconf 81' lang='lat' dir='ltr'><strong>entur,</strong></span> <span class='ocrx_word' id='word_1_420' title='bbox 188 3393 248 3447; x_wconf 83' lang='lat' dir='ltr'><strong>baec</strong></span> <span class='ocrx_word' id='word_1_421' title='bbox 272 3393 478 3447; x_wconf 86' lang='lat' dir='ltr'><strong>commiserunt</strong></span> <span class='ocrx_word' id='word_1_422' title='bbox 502 3394 555 3447; x_wconf 87' lang='lat' dir='ltr'><strong>sub</strong></span> <span class='ocrx_word' id='word_1_423' title='bbox 579 3393 675 3464; x_wconf 87' lang='lat' dir='ltr'><strong>impiis</strong></span> <span class='ocrx_word' id='word_1_424' title='bbox 697 3393 821 3463; x_wconf 79' lang='lat' dir='ltr'><strong>regibus.</strong></span> <span class='ocrx_word' id='word_1_425' title='bbox 876 3390 1010 3446; x_wconf 79' lang='lat' dir='ltr'><strong>Astaroth</strong></span> <span class='ocrx_word' id='word_1_426' title='bbox 1029 3389 1139 3446; x_wconf 90' lang='lat' dir='ltr'><strong>idolum</strong></span> <span class='ocrx_word' id='word_1_427' title='bbox 1169 3390 1371 3462; x_wconf 81' lang='lat' dir='ltr'><strong>sydoniorum,</strong></span> <span class='ocrx_word' id='word_1_428' title='bbox 1400 3395 1466 3460; x_wconf 79' lang='lat' dir='ltr'><strong>etc,</strong></span> <span class='ocrx_word' id='word_1_429' title='bbox 1491 3391 1542 3446; x_wconf 90' lang='lat' dir='ltr'><strong>ubi</strong></span> <span class='ocrx_word' id='word_1_430' title='bbox 1564 3392 1606 3459; x_wconf 91' lang='lat' dir='ltr'><strong>(ni</strong></span> <span class='ocrx_word' id='word_1_431' title='bbox 1633 3391 1726 3461; x_wconf 84' lang='lat' dir='ltr'><strong>fallor)</strong></span> 
     </span>
     <span class='ocr_line' id='line_1_37' title="bbox 75 3477 1726 3552; baseline -0.002 -15"><span class='ocrx_word' id='word_1_432' title='bbox 75 3482 230 3537; x_wconf 82' lang='lat' dir='ltr'><strong>bitiatbiim.</strong></span> <span class='ocrx_word' id='word_1_433' title='bbox 248 3481 316 3552; x_wconf 87' lang='lat' dir='ltr'><strong>(lo.)</strong></span> <span class='ocrx_word' id='word_1_434' title='bbox 331 3480 505 3536; x_wconf 86' lang='lat' dir='ltr'><strong>Philisthiim</strong></span> <span class='ocrx_word' id='word_1_435' title='bbox 520 3481 570 3552; x_wconf 89' lang='lat' dir='ltr'><strong>qui</strong></span> <span class='ocrx_word' id='word_1_436' title='bbox 595 3480 681 3536; x_wconf 89' lang='lat' dir='ltr'><strong>hodic</strong></span> <span class='ocrx_word' id='word_1_437' title='bbox 698 3481 823 3536; x_wconf 81' lang='lat' dir='ltr'><strong>Palaesti·</strong></span> <span class='ocrx_word' id='word_1_438' title='bbox 877 3477 1039 3533; x_wconf 82' lang='lat' dir='ltr'><strong>ostenditur</strong></span> <span class='ocrx_word' id='word_1_439' title='bbox 1050 3478 1119 3549; x_wconf 85' lang='lat' dir='ltr'><strong>quia</strong></span> <span class='ocrx_word' id='word_1_440' title='bbox 1133 3479 1268 3534; x_wconf 89' lang='lat' dir='ltr'><strong>Salomon</strong></span> <span class='ocrx_word' id='word_1_441' title='bbox 1283 3494 1433 3549; x_wconf 86' lang='lat' dir='ltr'><strong>nunquam</strong></span> <span class='ocrx_word' id='word_1_442' title='bbox 1449 3480 1572 3549; x_wconf 85' lang='lat' dir='ltr'><strong>perfecte</strong></span> <span class='ocrx_word' id='word_1_443' title='bbox 1583 3479 1726 3550; x_wconf 79' lang='lat' dir='ltr'><strong>poenituit,</strong></span> 
     </span>
     <span class='ocr_line' id='line_1_38' title="bbox 74 3565 1522 3640; baseline -0.002 -16"><span class='ocrx_word' id='word_1_444' title='bbox 74 3570 138 3640; x_wconf 81' lang='lat' dir='ltr'><strong>inp.</strong></span> <span class='ocrx_word' id='word_1_445' title='bbox 153 3569 279 3624; x_wconf 84' lang='lat' dir='ltr'><strong>litteram</strong></span> <span class='ocrx_word' id='word_1_446' title='bbox 299 3584 394 3624; x_wconf 89' lang='lat' dir='ltr'><strong>sermo</strong></span> <span class='ocrx_word' id='word_1_447' title='bbox 419 3569 553 3624; x_wconf 77' lang='lat' dir='ltr'><strong>llebrasus</strong></span> <span class='ocrx_word' id='word_1_448' title='bbox 568 3584 627 3623; x_wconf 92' lang='lat' dir='ltr'><strong>non</strong></span> <span class='ocrx_word' id='word_1_449' title='bbox 652 3569 748 3636; x_wconf 91' lang='lat' dir='ltr'><strong>babet,</strong></span> <span class='ocrx_word' id='word_1_450' title='bbox 773 3570 824 3626; x_wconf 90' lang='lat' dir='ltr'><strong>sed</strong></span> <span class='ocrx_word' id='word_1_451' title='bbox 878 3565 945 3637; x_wconf 86' lang='lat' dir='ltr'><strong>quia</strong></span> <span class='ocrx_word' id='word_1_452' title='bbox 964 3566 1040 3622; x_wconf 88' lang='lat' dir='ltr'><strong>idola</strong></span> <span class='ocrx_word' id='word_1_453' title='bbox 1055 3583 1120 3639; x_wconf 80' lang='lat' dir='ltr'><strong>qum</strong></span> <span class='ocrx_word' id='word_1_454' title='bbox 1135 3568 1325 3623; x_wconf 74' lang='lat' dir='ltr'><strong>aedificaverat</strong></span> <span class='ocrx_word' id='word_1_455' title='bbox 1341 3583 1398 3622; x_wconf 93' lang='lat' dir='ltr'><strong>non</strong></span> <span class='ocrx_word' id='word_1_456' title='bbox 1409 3568 1522 3622; x_wconf 88' lang='lat' dir='ltr'><strong>delevit.</strong></span> 
     </span>
    </p>

    <p class='ocr_par' dir='ltr' id='par_1_11' title="bbox 74 3655 1728 3905">
     <span class='ocr_line' id='line_1_39' title="bbox 74 3655 1727 3730; baseline -0.002 -19"><span class='ocrx_word' id='word_1_457' title='bbox 74 3658 214 3730; x_wconf 45' lang='lat' dir='ltr'><strong>,pGraeeo</strong></span> <span class='ocrx_word' id='word_1_458' title='bbox 229 3657 328 3712; x_wconf 88' lang='lat' dir='ltr'><strong>utitur.</strong></span> <span class='ocrx_word' id='word_1_459' title='bbox 912 3655 993 3709; x_wconf 79' lang='lat' dir='ltr'><strong>Vens.</strong></span> <span class='ocrx_word' id='word_1_460' title='bbox 1023 3656 1066 3709; x_wconf 78' lang='lat'><strong>20.</strong></span> <span class='ocrx_word' id='word_1_461' title='bbox 1104 3684 1139 3694; x_wconf 84' lang='lat'><em>-</em></span> <span class='ocrx_word' id='word_1_462' title='bbox 1173 3658 1207 3711; x_wconf 88' lang='lat' dir='ltr'><strong>Ut</strong></span> <span class='ocrx_word' id='word_1_463' title='bbox 1233 3655 1362 3710; x_wconf 83' lang='lat' dir='ltr'><strong>odoraret</strong></span> <span class='ocrx_word' id='word_1_464' title='bbox 1389 3656 1491 3724; x_wconf 84' lang='lat' dir='ltr'><strong>tolpos.</strong></span> <span class='ocrx_word' id='word_1_465' title='bbox 1525 3655 1637 3724; x_wconf 72' lang='lat' dir='ltr'><strong>(Hira.)</strong></span> <span class='ocrx_word' id='word_1_466' title='bbox 1665 3655 1727 3709; x_wconf 90' lang='lat' dir='ltr'><strong>Non</strong></span> 
     </span>
     <span class='ocr_line' id='line_1_40' title="bbox 74 3741 1728 3814; baseline 0.001 -19"><span class='ocrx_word' id='word_1_467' title='bbox 74 3747 119 3812; x_wconf 76' lang='lat' dir='ltr'><strong>rit,</strong></span> <span class='ocrx_word' id='word_1_468' title='bbox 142 3751 196 3799; x_wconf 79' lang='lat' dir='ltr'><strong>etc,</strong></span> <span class='ocrx_word' id='word_1_469' title='bbox 221 3745 364 3799; x_wconf 82' lang='lat' dir='ltr'><strong>Victorum</strong></span> <span class='ocrx_word' id='word_1_470' title='bbox 392 3743 534 3814; x_wconf 73' lang='lat' dir='ltr'><strong>significat</strong></span> <span class='ocrx_word' id='word_1_471' title='bbox 559 3742 708 3798; x_wconf 89' lang='lat' dir='ltr'><strong>libidinem</strong></span> <span class='ocrx_word' id='word_1_472' title='bbox 729 3743 823 3798; x_wconf 87' lang='lat' dir='ltr'><strong>intu·</strong></span> <span class='ocrx_word' id='word_1_473' title='bbox 877 3741 906 3795; x_wconf 92' lang='lat' dir='ltr'><strong>in</strong></span> <span class='ocrx_word' id='word_1_474' title='bbox 921 3756 961 3808; x_wconf 89' lang='lat' dir='ltr'><strong>re,</strong></span> <span class='ocrx_word' id='word_1_475' title='bbox 975 3741 1025 3797; x_wconf 88' lang='lat' dir='ltr'><strong>sed</strong></span> <span class='ocrx_word' id='word_1_476' title='bbox 1039 3741 1112 3795; x_wconf 92' lang='lat' dir='ltr'><strong>sicut</strong></span> <span class='ocrx_word' id='word_1_477' title='bbox 1127 3741 1222 3812; x_wconf 78' lang='lat' dir='ltr'><strong>talpae,</strong></span> <span class='ocrx_word' id='word_1_478' title='bbox 1240 3746 1305 3807; x_wconf 75' lang='lat' dir='ltr'><strong>eto,</strong></span> <span class='ocrx_word' id='word_1_479' title='bbox 1320 3756 1405 3809; x_wconf 72' lang='lat' dir='ltr'><strong>tuque</strong></span> <span class='ocrx_word' id='word_1_480' title='bbox 1418 3741 1456 3795; x_wconf 87' lang='lat' dir='ltr'><strong>ud</strong></span> <span class='ocrx_word' id='word_1_481' title='bbox 1478 3741 1582 3812; x_wconf 82' lang='lat' dir='ltr'><strong>quibus</strong></span> <span class='ocrx_word' id='word_1_482' title='bbox 1603 3742 1638 3797; x_wconf 94' lang='lat' dir='ltr'><strong>ad</strong></span> <span class='ocrx_word' id='word_1_483' title='bbox 1659 3741 1728 3796; x_wconf 89' lang='lat' dir='ltr'><strong>veri·</strong></span> 
     </span>
     <span class='ocr_line' id='line_1_41' title="bbox 81 3829 1155 3905; baseline -0.004 -17"><span class='ocrx_word' id='word_1_484' title='bbox 81 3837 207 3905; x_wconf 63' lang='lat' dir='ltr'><strong>genum.</strong></span> <span class='ocrx_word' id='word_1_485' title='bbox 236 3832 326 3888; x_wconf 78' lang='lat' dir='ltr'><strong>Graeci</strong></span> <span class='ocrx_word' id='word_1_486' title='bbox 340 3833 417 3887; x_wconf 89' lang='lat' dir='ltr'><strong>enim</strong></span> <span class='ocrx_word' id='word_1_487' title='bbox 433 3836 462 3886; x_wconf 88' lang='lat' dir='ltr'><strong>et</strong></span> <span class='ocrx_word' id='word_1_488' title='bbox 491 3831 583 3887; x_wconf 84' lang='lat' dir='ltr'><strong>Latini</strong></span> <span class='ocrx_word' id='word_1_489' title='bbox 597 3832 647 3886; x_wconf 91' lang='lat' dir='ltr'><strong>diu</strong></span> <span class='ocrx_word' id='word_1_490' title='bbox 679 3831 733 3886; x_wconf 91' lang='lat' dir='ltr'><strong>boc</strong></span> <span class='ocrx_word' id='word_1_491' title='bbox 754 3831 823 3886; x_wconf 89' lang='lat' dir='ltr'><strong>vitio</strong></span> <span class='ocrx_word' id='word_1_492' title='bbox 877 3835 965 3884; x_wconf 89' lang='lat' dir='ltr'><strong>tatem</strong></span> <span class='ocrx_word' id='word_1_493' title='bbox 980 3829 1155 3899; x_wconf 88' lang='lat' dir='ltr'><strong>pervenitur.</strong></span> 
     </span>
    </p>

    <p class='ocr_par' dir='ltr' id='par_1_12' title="bbox 74 3914 1727 4275">
     <span class='ocr_line' id='line_1_42' title="bbox 74 3914 1727 3990; baseline -0.002 -16"><span class='ocrx_word' id='word_1_494' title='bbox 74 3926 194 3977; x_wconf 83' lang='lat' dir='ltr'><strong>verunt:</strong></span> <span class='ocrx_word' id='word_1_495' title='bbox 212 3921 261 3976; x_wconf 89' lang='lat' dir='ltr'><strong>sed</strong></span> <span class='ocrx_word' id='word_1_496' title='bbox 289 3921 343 3976; x_wconf 90' lang='lat' dir='ltr'><strong>sub</strong></span> <span class='ocrx_word' id='word_1_497' title='bbox 369 3920 556 3978; x_wconf 84' lang='lat' dir='ltr'><strong>Constantino</strong></span> <span class='ocrx_word' id='word_1_498' title='bbox 583 3919 769 3990; x_wconf 84' lang='lat' dir='ltr'><strong>imperatore,</strong></span> <span class='ocrx_word' id='word_1_499' title='bbox 795 3923 824 3974; x_wconf 90' lang='lat' dir='ltr'><strong>et</strong></span> <span class='ocrx_word' id='word_1_500' title='bbox 912 3916 995 3971; x_wconf 83' lang='lat' dir='ltr'><strong>Vens.</strong></span> <span class='ocrx_word' id='word_1_501' title='bbox 1028 3919 1073 3972; x_wconf 78' lang='lat' dir='ltr'><strong>ni.</strong></span> <span class='ocrx_word' id='word_1_502' title='bbox 1095 3945 1131 3958; x_wconf 96' lang='lat'><em>-</em></span> <span class='ocrx_word' id='word_1_503' title='bbox 1154 3916 1287 3982; x_wconf 81' lang='lat' dir='ltr'><strong>Quiescite</strong></span> <span class='ocrx_word' id='word_1_504' title='bbox 1308 3931 1382 3984; x_wconf 77' lang='lat' dir='ltr'><strong>erpo.</strong></span> <span class='ocrx_word' id='word_1_505' title='bbox 1403 3915 1476 3981; x_wconf 85' lang='lat' dir='ltr'><strong>Quia</strong></span> <span class='ocrx_word' id='word_1_506' title='bbox 1505 3914 1567 3972; x_wconf 82' lang='lat' dir='ltr'><strong>haec</strong></span> <span class='ocrx_word' id='word_1_507' title='bbox 1594 3916 1727 3971; x_wconf 83' lang='lat' dir='ltr'><strong>evenient</strong></span> 
     </span>
     <span class='ocr_line' id='line_1_43' title="bbox 74 4001 1727 4080; baseline -0.003 -17"><span class='ocrx_word' id='word_1_508' title='bbox 74 4013 139 4064; x_wconf 85' lang='lat' dir='ltr'><strong>ante</strong></span> <span class='ocrx_word' id='word_1_509' title='bbox 167 4009 329 4080; x_wconf 78' lang='lat' dir='ltr'><strong>Evangelio,</strong></span> <span class='ocrx_word' id='word_1_510' title='bbox 356 4025 421 4064; x_wconf 90' lang='lat' dir='ltr'><strong>curn</strong></span> <span class='ocrx_word' id='word_1_511' title='bbox 445 4008 556 4064; x_wconf 77' lang='lat' dir='ltr'><strong>eseteris</strong></span> <span class='ocrx_word' id='word_1_512' title='bbox 570 4008 662 4063; x_wconf 89' lang='lat' dir='ltr'><strong>delata</strong></span> <span class='ocrx_word' id='word_1_513' title='bbox 678 4007 826 4078; x_wconf 90' lang='lat' dir='ltr'><strong>estturpi·</strong></span> <span class='ocrx_word' id='word_1_514' title='bbox 878 4002 934 4057; x_wconf 89' lang='lat' dir='ltr'><strong>nisi</strong></span> <span class='ocrx_word' id='word_1_515' title='bbox 948 4001 1111 4074; x_wconf 87' lang='lat' dir='ltr'><strong>quiescatis.</strong></span> <span class='ocrx_word' id='word_1_516' title='bbox 1136 4004 1276 4069; x_wconf 79' lang='lat' dir='ltr'><strong>Quieseite</strong></span> <span class='ocrx_word' id='word_1_517' title='bbox 1297 4018 1371 4075; x_wconf 78' lang='lat' dir='ltr'><strong>ergo</strong></span> <span class='ocrx_word' id='word_1_518' title='bbox 1397 4020 1432 4057; x_wconf 93' lang='lat' dir='ltr'><strong>ne</strong></span> <span class='ocrx_word' id='word_1_519' title='bbox 1458 4002 1578 4059; x_wconf 81' lang='lat' dir='ltr'><strong>smviatis</strong></span> <span class='ocrx_word' id='word_1_520' title='bbox 1596 4002 1627 4058; x_wconf 91' lang='lat' dir='ltr'><strong>iu</strong></span> <span class='ocrx_word' id='word_1_521' title='bbox 1644 4003 1727 4058; x_wconf 80' lang='lat' dir='ltr'><strong>ebri-</strong></span> 
     </span>
     <span class='ocr_line' id='line_1_44' title="bbox 74 4090 1727 4163; baseline -0.003 -13"><span class='ocrx_word' id='word_1_522' title='bbox 74 4112 127 4152; x_wconf 69' lang='lat' dir='ltr'><strong>mc.</strong></span> <span class='ocrx_word' id='word_1_523' title='bbox 879 4094 965 4157; x_wconf 86' lang='lat' dir='ltr'><strong>stum,</strong></span> <span class='ocrx_word' id='word_1_524' title='bbox 978 4091 1028 4162; x_wconf 88' lang='lat' dir='ltr'><strong>qui</strong></span> <span class='ocrx_word' id='word_1_525' title='bbox 1041 4107 1130 4161; x_wconf 91' lang='lat' dir='ltr'><strong>parus</strong></span> <span class='ocrx_word' id='word_1_526' title='bbox 1145 4092 1230 4146; x_wconf 90' lang='lat' dir='ltr'><strong>bomo</strong></span> <span class='ocrx_word' id='word_1_527' title='bbox 1255 4091 1384 4146; x_wconf 88' lang='lat' dir='ltr'><strong>videtur:</strong></span> <span class='ocrx_word' id='word_1_528' title='bbox 1401 4092 1469 4163; x_wconf 88' lang='lat' dir='ltr'><strong>quia</strong></span> <span class='ocrx_word' id='word_1_529' title='bbox 1497 4092 1587 4163; x_wconf 88' lang='lat' dir='ltr'><strong>spirat</strong></span> <span class='ocrx_word' id='word_1_530' title='bbox 1610 4090 1727 4146; x_wconf 89' lang='lat' dir='ltr'><strong>naribus</strong></span> 
     </span>
     <span class='ocr_line' id='line_1_45' title="bbox 74 4178 1279 4275; baseline 0.004 -47"><span class='ocrx_word' id='word_1_531' title='bbox 74 4203 92 4244; x_wconf 53' lang='grc' dir='ltr'><strong>ι,</strong></span> <span class='ocrx_word' id='word_1_532' title='bbox 119 4191 148 4243; x_wconf 69' lang='grc'><strong>7,</strong></span> <span class='ocrx_word' id='word_1_533' title='bbox 183 4216 217 4227; x_wconf 89' lang='grc'><strong>-</strong></span> <span class='ocrx_word' id='word_1_534' title='bbox 248 4188 359 4256; x_wconf 63' lang='lat' dir='ltr'><strong>neptem</strong></span> <span class='ocrx_word' id='word_1_535' title='bbox 384 4191 424 4241; x_wconf 65' lang='lat'><strong>352</strong></span> <span class='ocrx_word' id='word_1_536' title='bbox 452 4178 1279 4275; x_wconf 57' lang='lat' dir='ltr'><strong>10m‚(10,)sst1{0m000.netvivitsicutaliihomines.</strong></span> 
     </span>
    </p>

    <p class='ocr_par' dir='ltr' id='par_1_13' title="bbox 74 4270 1723 4347">
     <span class='ocr_line' id='line_1_46' title="bbox 74 4270 1723 4347; baseline -0.005 -18"><span class='ocrx_word' id='word_1_537' title='bbox 74 4275 256 4330; x_wconf 79' lang='lat' dir='ltr'><strong>tlndaeorum</strong></span> <span class='ocrx_word' id='word_1_538' title='bbox 279 4274 398 4329; x_wconf 90' lang='lat' dir='ltr'><strong>avaritia</strong></span> <span class='ocrx_word' id='word_1_539' title='bbox 419 4275 608 4347; x_wconf 71' lang='lat' dir='ltr'><strong>suggillatur,</strong></span> <span class='ocrx_word' id='word_1_540' title='bbox 625 4275 730 4330; x_wconf 73' lang='lat' dir='ltr'><strong>Graecis</strong></span> <span class='ocrx_word' id='word_1_541' title='bbox 744 4274 822 4330; x_wconf 90' lang='lat' dir='ltr'><strong>enim</strong></span> <span class='ocrx_word' id='word_1_542' title='bbox 914 4270 1055 4324; x_wconf 72' lang='lat' dir='ltr'><strong>menas.</strong></span> <span class='ocrx_word' id='word_1_543' title='bbox 1092 4270 1221 4324; x_wconf 59' lang='lat' dir='ltr'><strong>&amp;celeus</strong></span> <span class='ocrx_word' id='word_1_544' title='bbox 1246 4283 1328 4337; x_wconf 82' lang='lat' dir='ltr'><strong>cuper</strong></span> <span class='ocrx_word' id='word_1_545' title='bbox 1357 4283 1447 4324; x_wconf 84' lang='lat' dir='ltr'><strong>omrtes</strong></span> <span class='ocrx_word' id='word_1_546' title='bbox 1475 4273 1565 4334; x_wconf 72' lang='lat' dir='ltr'><strong>pentes</strong></span> <span class='ocrx_word' id='word_1_547' title='bbox 1586 4270 1723 4324; x_wconf 85' lang='lat' dir='ltr'><strong>Dominus.</strong></span> 
     </span>
    </p>
   </div>
   <div class='ocr_carea' id='block_1_3' title="bbox 74 4357 1724 4516">
    <p class='ocr_par' dir='ltr' id='par_1_14' title="bbox 74 4357 1724 4516">
     <span class='ocr_line' id='line_1_47' title="bbox 74 4357 1723 4433; baseline -0.004 -16"><span class='ocrx_word' id='word_1_548' title='bbox 74 4362 126 4418; x_wconf 79' lang='lat' dir='ltr'><strong>inae</strong></span> <span class='ocrx_word' id='word_1_549' title='bbox 141 4367 282 4418; x_wconf 86' lang='lat' dir='ltr'><strong>testantur</strong></span> <span class='ocrx_word' id='word_1_550' title='bbox 296 4363 421 4418; x_wconf 78' lang='lat' dir='ltr'><strong>historiae</strong></span> <span class='ocrx_word' id='word_1_551' title='bbox 437 4362 510 4417; x_wconf 91' lang='lat' dir='ltr'><strong>nibil</strong></span> <span class='ocrx_word' id='word_1_552' title='bbox 526 4367 648 4433; x_wconf 89' lang='lat' dir='ltr'><strong>utraque</strong></span> <span class='ocrx_word' id='word_1_553' title='bbox 664 4367 749 4431; x_wconf 81' lang='lat' dir='ltr'><strong>gente</strong></span> <span class='ocrx_word' id='word_1_554' title='bbox 761 4378 824 4417; x_wconf 90' lang='lat' dir='ltr'><strong>ava·</strong></span> <span class='ocrx_word' id='word_1_555' title='bbox 878 4357 914 4412; x_wconf 80' lang='lat' dir='ltr'><strong>Et</strong></span> <span class='ocrx_word' id='word_1_556' title='bbox 928 4358 987 4426; x_wconf 82' lang='lat' dir='ltr'><strong>ipae</strong></span> <span class='ocrx_word' id='word_1_557' title='bbox 1003 4357 1135 4424; x_wconf 59' lang='lat' dir='ltr'><strong>nudauit</strong></span> <span class='ocrx_word' id='word_1_558' title='bbox 1159 4372 1217 4411; x_wconf 87' lang='lat' dir='ltr'><strong>eom</strong></span> <span class='ocrx_word' id='word_1_559' title='bbox 1237 4357 1395 4412; x_wconf 79' lang='lat' dir='ltr'><strong>Altissimus</strong></span> <span class='ocrx_word' id='word_1_560' title='bbox 1424 4357 1507 4427; x_wconf 83' lang='lat' dir='ltr'><strong>(Prot.</strong></span> <span class='ocrx_word' id='word_1_561' title='bbox 1528 4374 1592 4423; x_wconf 82' lang='lat' dir='ltr'><strong>cru,</strong></span> <span class='ocrx_word' id='word_1_562' title='bbox 1608 4359 1723 4423; x_wconf 80' lang='lat' dir='ltr'><strong>nxxxu).</strong></span> 
     </span>
     <span class='ocr_line' id='line_1_48' title="bbox 74 4445 1724 4516; baseline -0.005 -9"><span class='ocrx_word' id='word_1_563' title='bbox 74 4466 110 4507; x_wconf 75' lang='grc' dir='ltr'><strong>ιω</strong></span> <span class='ocrx_word' id='word_1_564' title='bbox 122 4467 130 4507; x_wconf 86' lang='lat'><strong>:</strong></span> <span class='ocrx_word' id='word_1_565' title='bbox 142 4450 217 4507; x_wconf 89' lang='lat' dir='ltr'><strong>inter</strong></span> <span class='ocrx_word' id='word_1_566' title='bbox 230 4450 318 4512; x_wconf 86' lang='lat' dir='ltr'><strong>idola,</strong></span> <span class='ocrx_word' id='word_1_567' title='bbox 330 4450 447 4506; x_wconf 86' lang='lat' dir='ltr'><strong>avaritia</strong></span> <span class='ocrx_word' id='word_1_568' title='bbox 462 4451 679 4505; x_wconf 87' lang='lat' dir='ltr'><strong>condemnatur.</strong></span> <span class='ocrx_word' id='word_1_569' title='bbox 880 4445 1030 4501; x_wconf 81' lang='lat' dir='ltr'><strong>llebraeum</strong></span> <span class='ocrx_word' id='word_1_570' title='bbox 1053 4451 1151 4501; x_wconf 79' lang='lat' dir='ltr'><strong>tamur</strong></span> <span class='ocrx_word' id='word_1_571' title='bbox 1186 4447 1318 4501; x_wconf 74' lang='lat' dir='ltr'><strong>excelsum</strong></span> <span class='ocrx_word' id='word_1_572' title='bbox 1343 4446 1494 4516; x_wconf 79' lang='lat' dir='ltr'><strong>significat,</strong></span> <span class='ocrx_word' id='word_1_573' title='bbox 1519 4461 1576 4500; x_wconf 92' lang='lat' dir='ltr'><strong>non</strong></span> <span class='ocrx_word' id='word_1_574' title='bbox 1595 4447 1724 4501; x_wconf 75' lang='lat' dir='ltr'><strong>enectum.</strong></span> 
     </span>
    </p>
   </div>
   <div class='ocr_carea' id='block_1_4' title="bbox 74 4533 1723 4609">
    <p class='ocr_par' dir='ltr' id='par_1_15' title="bbox 74 4533 1723 4609">
     <span class='ocr_line' id='line_1_49' title="bbox 74 4533 1723 4609; baseline -0.004 -15"><span class='ocrx_word' id='word_1_575' title='bbox 74 4556 90 4595; x_wconf 81' lang='lat' dir='ltr'><strong>r.</strong></span> <span class='ocrx_word' id='word_1_576' title='bbox 114 4542 141 4594; x_wconf 90' lang='lat' dir='ltr'><strong>e.</strong></span> <span class='ocrx_word' id='word_1_577' title='bbox 167 4568 202 4580; x_wconf 90' lang='lat'>-</span> <span class='ocrx_word' id='word_1_578' title='bbox 230 4540 321 4609; x_wconf 74' lang='lat' dir='ltr'><strong>Equis</strong></span> <span class='ocrx_word' id='word_1_579' title='bbox 342 4544 369 4594; x_wconf 90' lang='lat' dir='ltr'><strong>et</strong></span> <span class='ocrx_word' id='word_1_580' title='bbox 396 4539 619 4594; x_wconf 82' lang='lat' dir='ltr'><strong>innumerabiles.</strong></span> <span class='ocrx_word' id='word_1_581' title='bbox 649 4537 824 4609; x_wconf 81' lang='lat' dir='ltr'><strong>(lu.)Etboe</strong></span> <span class='ocrx_word' id='word_1_582' title='bbox 879 4533 940 4604; x_wconf 90' lang='lat' dir='ltr'><strong>lpse</strong></span> <span class='ocrx_word' id='word_1_583' title='bbox 955 4539 999 4590; x_wconf 92' lang='lat' dir='ltr'><strong>est</strong></span> <span class='ocrx_word' id='word_1_584' title='bbox 1010 4534 1088 4589; x_wconf 88' lang='lat' dir='ltr'><strong>enim</strong></span> <span class='ocrx_word' id='word_1_585' title='bbox 1099 4534 1161 4606; x_wconf 86' lang='lat' dir='ltr'><strong>ipsa</strong></span> <span class='ocrx_word' id='word_1_586' title='bbox 1184 4534 1315 4601; x_wconf 88' lang='lat' dir='ltr'><strong>altitudo,</strong></span> <span class='ocrx_word' id='word_1_587' title='bbox 1342 4550 1401 4588; x_wconf 88' lang='lat' dir='ltr'><strong>non</strong></span> <span class='ocrx_word' id='word_1_588' title='bbox 1428 4534 1723 4588; x_wconf 82' lang='lat' dir='ltr'><strong>tarltummod0altus.</strong></span> 
     </span>
    </p>
   </div>
   <div class='ocr_carea' id='block_1_5' title="bbox 74 4625 1727 5578">
    <p class='ocr_par' dir='ltr' id='par_1_16' title="bbox 74 4625 1727 5578">
     <span class='ocr_line' id='line_1_50' title="bbox 89 4625 824 4697; baseline -0.003 -15"><span class='ocrx_word' id='word_1_589' title='bbox 89 4626 253 4690; x_wconf 88' lang='lat' dir='ltr'><strong>Dominum,</strong></span> <span class='ocrx_word' id='word_1_590' title='bbox 274 4625 325 4697; x_wconf 88' lang='lat' dir='ltr'><strong>qui</strong></span> <span class='ocrx_word' id='word_1_591' title='bbox 350 4625 535 4696; x_wconf 87' lang='lat' dir='ltr'><strong>multiplicari</strong></span> <span class='ocrx_word' id='word_1_592' title='bbox 560 4641 661 4681; x_wconf 85' lang='lat' dir='ltr'><strong>evrrrus</strong></span> <span class='ocrx_word' id='word_1_593' title='bbox 675 4625 824 4697; x_wconf 89' lang='lat' dir='ltr'><strong>prohibuit</strong></span> 
     </span>
     <span class='ocr_line' id='line_1_51' title="bbox 74 4677 1388 4784; baseline -0.001 -15"><span class='ocrx_word' id='word_1_594' title='bbox 74 4730 123 4769; x_wconf 89' lang='lat' dir='ltr'><strong>os:</strong></span> <span class='ocrx_word' id='word_1_595' title='bbox 141 4714 201 4768; x_wconf 79' lang='lat' dir='ltr'><strong>baec</strong></span> <span class='ocrx_word' id='word_1_596' title='bbox 215 4713 291 4768; x_wconf 89' lang='lat' dir='ltr'><strong>enim</strong></span> <span class='ocrx_word' id='word_1_597' title='bbox 318 4713 454 4769; x_wconf 89' lang='lat' dir='ltr'><strong>animalia</strong></span> <span class='ocrx_word' id='word_1_598' title='bbox 468 4714 533 4769; x_wconf 86' lang='lat' dir='ltr'><strong>data</strong></span> <span class='ocrx_word' id='word_1_599' title='bbox 557 4715 669 4769; x_wconf 86' lang='lat' dir='ltr'><strong>suntad</strong></span> <span class='ocrx_word' id='word_1_600' title='bbox 686 4714 823 4784; x_wconf 84' lang='lat' dir='ltr'><strong>adjuvan·</strong></span> <span class='ocrx_word' id='word_1_601' title='bbox 1196 4678 1308 4734; x_wconf 53' lang='lat' dir='ltr'><strong>CAPUT</strong></span> <span class='ocrx_word' id='word_1_602' title='bbox 1340 4677 1388 4732; x_wconf 71' lang='lat' dir='ltr'><strong>m·</strong></span> 
     </span>
     <span class='ocr_line' id='line_1_52' title="bbox 74 4799 1726 4874; baseline -0.002 -16"><span class='ocrx_word' id='word_1_603' title='bbox 74 4818 127 4858; x_wconf 92' lang='lat' dir='ltr'><strong>non</strong></span> <span class='ocrx_word' id='word_1_604' title='bbox 141 4804 175 4859; x_wconf 89' lang='lat' dir='ltr'><strong>ad</strong></span> <span class='ocrx_word' id='word_1_605' title='bbox 191 4802 427 4874; x_wconf 88' lang='lat' dir='ltr'><strong>superbiendum,</strong></span> <span class='ocrx_word' id='word_1_606' title='bbox 445 4803 564 4859; x_wconf 86' lang='lat' dir='ltr'><strong>undeet</strong></span> <span class='ocrx_word' id='word_1_607' title='bbox 580 4803 712 4873; x_wconf 88' lang='lat' dir='ltr'><strong>jumenta</strong></span> <span class='ocrx_word' id='word_1_608' title='bbox 723 4802 822 4858; x_wconf 91' lang='lat' dir='ltr'><strong>dicun·</strong></span> <span class='ocrx_word' id='word_1_609' title='bbox 913 4804 994 4858; x_wconf 84' lang='lat' dir='ltr'><strong>Vens.</strong></span> <span class='ocrx_word' id='word_1_610' title='bbox 1013 4805 1155 4859; x_wconf 79' lang='lat' dir='ltr'><strong>l.-Eooe</strong></span> <span class='ocrx_word' id='word_1_611' title='bbox 1168 4806 1252 4858; x_wconf 83' lang='lat' dir='ltr'><strong>caim.</strong></span> <span class='ocrx_word' id='word_1_612' title='bbox 1263 4805 1414 4873; x_wconf 84' lang='lat' dir='ltr'><strong>lincusqne</strong></span> <span class='ocrx_word' id='word_1_613' title='bbox 1429 4802 1464 4857; x_wconf 91' lang='lat' dir='ltr'><strong>de</strong></span> <span class='ocrx_word' id='word_1_614' title='bbox 1475 4801 1585 4873; x_wconf 85' lang='lat' dir='ltr'><strong>jndicio</strong></span> <span class='ocrx_word' id='word_1_615' title='bbox 1600 4799 1654 4856; x_wconf 89' lang='lat' dir='ltr'><strong>diei</strong></span> <span class='ocrx_word' id='word_1_616' title='bbox 1669 4816 1726 4873; x_wconf 92' lang='lat' dir='ltr'><strong>pu-</strong></span> 
     </span>
     <span class='ocr_line' id='line_1_53' title="bbox 878 4889 1727 4962; baseline -0.004 -16"><span class='ocrx_word' id='word_1_617' title='bbox 878 4896 950 4958; x_wconf 93' lang='lat' dir='ltr'><strong>tant,</strong></span> <span class='ocrx_word' id='word_1_618' title='bbox 969 4895 1036 4960; x_wconf 91' lang='lat' dir='ltr'><strong>etc.,</strong></span> <span class='ocrx_word' id='word_1_619' title='bbox 1051 4892 1184 4961; x_wconf 80' lang='lat' dir='ltr'><strong>usquead</strong></span> <span class='ocrx_word' id='word_1_620' title='bbox 1198 4895 1347 4962; x_wconf 79' lang='lat' dir='ltr'><strong>postquam</strong></span> <span class='ocrx_word' id='word_1_621' title='bbox 1364 4906 1463 4945; x_wconf 89' lang='lat' dir='ltr'><strong>omnes</strong></span> <span class='ocrx_word' id='word_1_622' title='bbox 1481 4889 1581 4961; x_wconf 78' lang='lat' dir='ltr'><strong>gratiae</strong></span> <span class='ocrx_word' id='word_1_623' title='bbox 1589 4889 1727 4944; x_wconf 89' lang='lat' dir='ltr'><strong>donatio-</strong></span> 
     </span>
     <span class='ocr_line' id='line_1_54' title="bbox 74 4975 1282 5050; baseline 0.003 -21"><span class='ocrx_word' id='word_1_624' title='bbox 74 4996 86 5035; x_wconf 84' lang='lat' dir='ltr'><strong>t.</strong></span> <span class='ocrx_word' id='word_1_625' title='bbox 102 4981 130 5035; x_wconf 83' lang='lat' dir='ltr'><strong>D.</strong></span> <span class='ocrx_word' id='word_1_626' title='bbox 154 5007 190 5022; x_wconf 91' lang='lat'>-</span> <span class='ocrx_word' id='word_1_627' title='bbox 213 4981 369 5035; x_wconf 81' lang='lat' dir='ltr'><strong>lucumooit</strong></span> <span class='ocrx_word' id='word_1_628' title='bbox 390 4994 425 5033; x_wconf 82' lang='lat' dir='ltr'><strong>ee.</strong></span> <span class='ocrx_word' id='word_1_629' title='bbox 453 4978 506 5034; x_wconf 89' lang='lat' dir='ltr'><strong>Ubi</strong></span> <span class='ocrx_word' id='word_1_630' title='bbox 522 4978 665 5050; x_wconf 85' lang='lat' dir='ltr'><strong>quondam</strong></span> <span class='ocrx_word' id='word_1_631' title='bbox 681 4975 822 5047; x_wconf 88' lang='lat' dir='ltr'><strong>templum</strong></span> <span class='ocrx_word' id='word_1_632' title='bbox 878 4996 929 5035; x_wconf 89' lang='lat' dir='ltr'><strong>nes</strong></span> <span class='ocrx_word' id='word_1_633' title='bbox 944 4996 960 5035; x_wconf 92' lang='lat' dir='ltr'><strong>a</strong></span> <span class='ocrx_word' id='word_1_634' title='bbox 974 4979 1081 5035; x_wconf 78' lang='lat' dir='ltr'><strong>ludaeis</strong></span> <span class='ocrx_word' id='word_1_635' title='bbox 1093 4980 1193 5035; x_wconf 79' lang='lat' dir='ltr'><strong>ablata</strong></span> <span class='ocrx_word' id='word_1_636' title='bbox 1207 4984 1282 5034; x_wconf 90' lang='lat' dir='ltr'><strong>sunt.</strong></span> 
     </span>
     <span class='ocr_line' id='line_1_55' title="bbox 74 5063 1726 5140; baseline -0.004 -17"><span class='ocrx_word' id='word_1_637' title='bbox 74 5064 115 5140; x_wconf 69' lang='lat' dir='ltr'><strong>gio</strong></span> <span class='ocrx_word' id='word_1_638' title='bbox 128 5067 189 5134; x_wconf 91' lang='lat' dir='ltr'><strong>Dei,</strong></span> <span class='ocrx_word' id='word_1_639' title='bbox 201 5067 242 5122; x_wconf 89' lang='lat' dir='ltr'><strong>ibi</strong></span> <span class='ocrx_word' id='word_1_640' title='bbox 257 5072 349 5121; x_wconf 87' lang='lat' dir='ltr'><strong>statua</strong></span> <span class='ocrx_word' id='word_1_641' title='bbox 363 5066 481 5122; x_wconf 78' lang='lat' dir='ltr'><strong>Adriani</strong></span> <span class='ocrx_word' id='word_1_642' title='bbox 495 5071 524 5120; x_wconf 95' lang='lat' dir='ltr'><strong>et</strong></span> <span class='ocrx_word' id='word_1_643' title='bbox 535 5065 644 5120; x_wconf 90' lang='lat' dir='ltr'><strong>idolum</strong></span> <span class='ocrx_word' id='word_1_644' title='bbox 663 5063 749 5120; x_wconf 80' lang='lat' dir='ltr'><strong>lovis.</strong></span> <span class='ocrx_word' id='word_1_645' title='bbox 912 5070 994 5124; x_wconf 80' lang='lat' dir='ltr'><strong>Vens.</strong></span> <span class='ocrx_word' id='word_1_646' title='bbox 1022 5071 1049 5122; x_wconf 76' lang='lat'><strong>2.</strong></span> <span class='ocrx_word' id='word_1_647' title='bbox 1072 5098 1107 5108; x_wconf 94' lang='lat'><em>-</em></span> <span class='ocrx_word' id='word_1_648' title='bbox 1139 5071 1233 5123; x_wconf 84' lang='lat' dir='ltr'><strong>Virum</strong></span> <span class='ocrx_word' id='word_1_649' title='bbox 1257 5068 1420 5123; x_wconf 80' lang='lat' dir='ltr'><strong>bellatorem.</strong></span> <span class='ocrx_word' id='word_1_650' title='bbox 1455 5066 1556 5138; x_wconf 82' lang='lat' dir='ltr'><strong>(ilica.)</strong></span> <span class='ocrx_word' id='word_1_651' title='bbox 1590 5067 1652 5121; x_wconf 82' lang='lat' dir='ltr'><strong>Non</strong></span> <span class='ocrx_word' id='word_1_652' title='bbox 1683 5069 1726 5121; x_wconf 85' lang='lat' dir='ltr'><strong>esi</strong></span> 
     </span>
     <span class='ocr_line' id='line_1_56' title="bbox 78 5151 1725 5228; baseline -0.005 -11"><span class='ocrx_word' id='word_1_653' title='bbox 78 5170 151 5224; x_wconf 76' lang='lat' dir='ltr'><strong>erpo.</strong></span> <span class='ocrx_word' id='word_1_654' title='bbox 168 5156 230 5210; x_wconf 82' lang='lat' dir='ltr'><strong>Non</strong></span> <span class='ocrx_word' id='word_1_655' title='bbox 243 5155 389 5210; x_wconf 66' lang='lat' dir='ltr'><strong>malvdicil</strong></span> <span class='ocrx_word' id='word_1_656' title='bbox 403 5154 501 5221; x_wconf 63' lang='lat' dir='ltr'><strong>Isaiae,</strong></span> <span class='ocrx_word' id='word_1_657' title='bbox 515 5154 565 5209; x_wconf 66' lang='lat' dir='ltr'><strong>sed</strong></span> <span class='ocrx_word' id='word_1_658' title='bbox 588 5151 740 5216; x_wconf 88' lang='lat' dir='ltr'><strong>benedicit,</strong></span> <span class='ocrx_word' id='word_1_659' title='bbox 754 5154 820 5217; x_wconf 77' lang='lat' dir='ltr'><strong>eto,</strong></span> <span class='ocrx_word' id='word_1_660' title='bbox 877 5158 951 5228; x_wconf 88' lang='lat' dir='ltr'><strong>apud</strong></span> <span class='ocrx_word' id='word_1_661' title='bbox 964 5157 1078 5213; x_wconf 79' lang='lat' dir='ltr'><strong>Jndaeos</strong></span> <span class='ocrx_word' id='word_1_662' title='bbox 1089 5157 1139 5228; x_wconf 85' lang='lat' dir='ltr'><strong>qui</strong></span> <span class='ocrx_word' id='word_1_663' title='bbox 1153 5173 1206 5226; x_wconf 93' lang='lat' dir='ltr'><strong>pro</strong></span> <span class='ocrx_word' id='word_1_664' title='bbox 1235 5157 1297 5228; x_wconf 79' lang='lat' dir='ltr'><strong>lege</strong></span> <span class='ocrx_word' id='word_1_665' title='bbox 1321 5156 1408 5210; x_wconf 83' lang='lat' dir='ltr'><strong>bellet</strong></span> <span class='ocrx_word' id='word_1_666' title='bbox 1420 5155 1471 5227; x_wconf 92' lang='lat' dir='ltr'><strong>qui</strong></span> <span class='ocrx_word' id='word_1_667' title='bbox 1490 5154 1647 5209; x_wconf 89' lang='lat' dir='ltr'><strong>secundum</strong></span> <span class='ocrx_word' id='word_1_668' title='bbox 1662 5170 1725 5209; x_wconf 88' lang='lat' dir='ltr'><strong>eam</strong></span> 
     </span>
     <span class='ocr_line' id='line_1_57' title="bbox 74 5242 1512 5315; baseline -0.001 -17"><span class='ocrx_word' id='word_1_669' title='bbox 74 5242 111 5298; x_wconf 83' lang='lat' dir='ltr'><strong>od</strong></span> <span class='ocrx_word' id='word_1_670' title='bbox 126 5247 155 5299; x_wconf 93' lang='lat' dir='ltr'><strong>et</strong></span> <span class='ocrx_word' id='word_1_671' title='bbox 169 5242 271 5312; x_wconf 89' lang='lat' dir='ltr'><strong>repleti</strong></span> <span class='ocrx_word' id='word_1_672' title='bbox 286 5247 352 5297; x_wconf 92' lang='lat' dir='ltr'><strong>sont</strong></span> <span class='ocrx_word' id='word_1_673' title='bbox 363 5242 458 5307; x_wconf 91' lang='lat' dir='ltr'><strong>idolis,</strong></span> <span class='ocrx_word' id='word_1_674' title='bbox 474 5247 527 5298; x_wconf 90' lang='lat' dir='ltr'><strong>eto.</strong></span> <span class='ocrx_word' id='word_1_675' title='bbox 873 5244 1001 5315; x_wconf 75' lang='lat' dir='ltr'><strong>indicet:</strong></span> <span class='ocrx_word' id='word_1_676' title='bbox 1016 5259 1117 5299; x_wconf 88' lang='lat' dir='ltr'><strong>omnes</strong></span> <span class='ocrx_word' id='word_1_677' title='bbox 1136 5244 1215 5299; x_wconf 89' lang='lat' dir='ltr'><strong>enirn</strong></span> <span class='ocrx_word' id='word_1_678' title='bbox 1229 5244 1292 5298; x_wconf 86' lang='lat' dir='ltr'><strong>vani</strong></span> <span class='ocrx_word' id='word_1_679' title='bbox 1303 5247 1332 5298; x_wconf 89' lang='lat' dir='ltr'><strong>et</strong></span> <span class='ocrx_word' id='word_1_680' title='bbox 1346 5243 1426 5298; x_wconf 91' lang='lat' dir='ltr'><strong>stulti</strong></span> <span class='ocrx_word' id='word_1_681' title='bbox 1436 5246 1512 5298; x_wconf 91' lang='lat' dir='ltr'><strong>sunt.</strong></span> 
     </span>
     <span class='ocr_line' id='line_1_58' title="bbox 74 5328 1726 5402; baseline -0.001 -15"><span class='ocrx_word' id='word_1_682' title='bbox 74 5332 351 5387; x_wconf 78' lang='lat' dir='ltr'><strong>etetimoricDommi.</strong></span> <span class='ocrx_word' id='word_1_683' title='bbox 367 5328 588 5399; x_wconf 71' lang='lat' dir='ltr'><strong>Abirajudicii.</strong></span> <span class='ocrx_word' id='word_1_684' title='bbox 913 5331 1088 5386; x_wconf 82' lang='lat' dir='ltr'><strong>Etoriotum.</strong></span> <span class='ocrx_word' id='word_1_685' title='bbox 1123 5331 1195 5396; x_wconf 84' lang='lat' dir='ltr'><strong>Quia</strong></span> <span class='ocrx_word' id='word_1_686' title='bbox 1224 5330 1380 5402; x_wconf 90' lang='lat' dir='ltr'><strong>aliquando</strong></span> <span class='ocrx_word' id='word_1_687' title='bbox 1407 5345 1474 5385; x_wconf 88' lang='lat' dir='ltr'><strong>vera</strong></span> <span class='ocrx_word' id='word_1_688' title='bbox 1508 5328 1668 5384; x_wconf 89' lang='lat' dir='ltr'><strong>ariolantur</strong></span> <span class='ocrx_word' id='word_1_689' title='bbox 1693 5334 1726 5385; x_wconf 91' lang='lat' dir='ltr'><strong>ut</strong></span> 
     </span>
     <span class='ocr_line' id='line_1_59' title="bbox 87 5415 1724 5490; baseline -0.002 -15"><span class='ocrx_word' id='word_1_690' title='bbox 87 5420 177 5489; x_wconf 66' lang='lat' dir='ltr'><strong>plocio</strong></span> <span class='ocrx_word' id='word_1_691' title='bbox 191 5420 343 5488; x_wconf 73' lang='lat' dir='ltr'><strong>maiestatis</strong></span> <span class='ocrx_word' id='word_1_692' title='bbox 368 5420 438 5488; x_wconf 67' lang='lat' dir='ltr'><strong>ejus.</strong></span> <span class='ocrx_word' id='word_1_693' title='bbox 463 5418 535 5484; x_wconf 82' lang='lat' dir='ltr'><strong>Quia</strong></span> <span class='ocrx_word' id='word_1_694' title='bbox 555 5420 642 5473; x_wconf 85' lang='lat' dir='ltr'><strong>emiet</strong></span> <span class='ocrx_word' id='word_1_695' title='bbox 667 5432 727 5471; x_wconf 84' lang='lat' dir='ltr'><strong>oum</strong></span> <span class='ocrx_word' id='word_1_696' title='bbox 745 5419 821 5486; x_wconf 82' lang='lat' dir='ltr'><strong>pote·</strong></span> <span class='ocrx_word' id='word_1_697' title='bbox 877 5418 1001 5480; x_wconf 82' lang='lat' dir='ltr'><strong>Balaam.</strong></span> <span class='ocrx_word' id='word_1_698' title='bbox 1029 5422 1058 5472; x_wconf 92' lang='lat' dir='ltr'><strong>et</strong></span> <span class='ocrx_word' id='word_1_699' title='bbox 1081 5418 1170 5473; x_wconf 89' lang='lat' dir='ltr'><strong>divini</strong></span> <span class='ocrx_word' id='word_1_700' title='bbox 1199 5418 1328 5490; x_wconf 85' lang='lat' dir='ltr'><strong>quinque</strong></span> <span class='ocrx_word' id='word_1_701' title='bbox 1355 5416 1471 5472; x_wconf 89' lang='lat' dir='ltr'><strong>urbium</strong></span> <span class='ocrx_word' id='word_1_702' title='bbox 1496 5415 1724 5483; x_wconf 74' lang='lat' dir='ltr'><strong>Palestinorum,</strong></span> 
     </span>
     <span class='ocr_line' id='line_1_60' title="bbox 75 5504 1726 5578; baseline -0.001 -15"><span class='ocrx_word' id='word_1_703' title='bbox 75 5523 176 5577; x_wconf 71' lang='lat' dir='ltr'><strong>moeno</strong></span> <span class='ocrx_word' id='word_1_704' title='bbox 188 5513 213 5563; x_wconf 92' lang='lat' dir='ltr'><strong>et</strong></span> <span class='ocrx_word' id='word_1_705' title='bbox 231 5508 383 5578; x_wconf 77' lang='lat' dir='ltr'><strong>majestate.</strong></span> <span class='ocrx_word' id='word_1_706' title='bbox 876 5520 999 5577; x_wconf 86' lang='lat' dir='ltr'><strong>quorum</strong></span> <span class='ocrx_word' id='word_1_707' title='bbox 1011 5505 1130 5561; x_wconf 89' lang='lat' dir='ltr'><strong>consilio</strong></span> <span class='ocrx_word' id='word_1_708' title='bbox 1151 5522 1217 5561; x_wconf 89' lang='lat' dir='ltr'><strong>area</strong></span> <span class='ocrx_word' id='word_1_709' title='bbox 1238 5504 1351 5561; x_wconf 91' lang='lat' dir='ltr'><strong>Domini</strong></span> <span class='ocrx_word' id='word_1_710' title='bbox 1367 5504 1487 5560; x_wconf 89' lang='lat' dir='ltr'><strong>remissa</strong></span> <span class='ocrx_word' id='word_1_711' title='bbox 1509 5510 1561 5572; x_wconf 87' lang='lat' dir='ltr'><strong>est,</strong></span> <span class='ocrx_word' id='word_1_712' title='bbox 1576 5505 1657 5576; x_wconf 85' lang='lat' dir='ltr'><strong>qnasi</strong></span> <span class='ocrx_word' id='word_1_713' title='bbox 1679 5505 1726 5561; x_wconf 84' lang='lat' dir='ltr'><strong>‹li-</strong></span> 
     </span>
    </p>
   </div>
   <div class='ocr_carea' id='block_1_6' title="bbox 0 0 1950 6101">
    <p class='ocr_par' dir='ltr' id='par_1_17' title="bbox 0 0 1950 6101">
     <span class='ocr_line' id='line_1_61' title="bbox 0 0 1950 6101; baseline 0 0"><span class='ocrx_word' id='word_1_714' title='bbox 0 0 1950 6101; x_wconf 95' lang='lat' dir='ltr'><strong> </strong></span> 
     </span>
    </p>
   </div>
  </div>
 </body>
</html>
