3892 6104
63 211 133 266 ttae
514 208 641 265 atussa
660 209 862 265 ottutttttttta.
884 239 918 248 -
934 210 1109 268 cituttctttt
1135 211 1372 269 courtcottttlt.
1750 215 1819 271 tito
1858 223 1861 229 ’

58 330 354 401 ‹stridenssponsutn
379 328 414 384 ad
438 328 532 400 ipsum
560 330 709 400 loquitor:
731 331 841 400 Tangat
863 345 908 384 me
924 332 948 385 Α
967 347 1054 402 quern
1070 333 1169 388 venire
1189 333 1340 388 desiderat.
1367 331 1521 388 luodorem
1548 338 1755 403 unquentorum.
1784 336 1817 391 ln

58 419 211 475 dulcedine
231 418 469 491 praesentiusue
500 435 614 490 quama
638 419 786 491 prophetis
809 419 912 488 sapius
967 421 1426 476 considerationemiraculorum.
1448 422 1731 490 Introduxitmerec,
1763 428 1815 480 etc.

58 506 352 577 promissamaudivi,
369 513 398 561 et
417 507 494 561 velut
513 507 643 561 osculum
665 508 797 575 offerens,
824 507 910 561 etiam
967 508 1075 579 Sponsa
1104 509 1133 563 in
1156 509 1303 581 penetrale
1332 508 1430 580 sponsi
1454 509 1583 580 ingressa
1612 511 1816 567 revertiturad

57 597 116 652 mei
130 598 187 651 oris
199 601 337 651 attactum
361 595 513 667 suscipiat3
543 596 573 651 id
602 601 654 663 est,
682 597 911 667 interrogantem
962 597 1142 666 juvenculas,
1169 602 1197 652 et
1222 598 1429 653 nuntiatillis:
1452 599 1676 656 introducitur.
1692 600 1741 654 Vel
1765 616 1817 672 per

59 702 105 740 me
120 687 155 740 de
167 685 213 740 via
227 684 327 738 salutis
341 684 448 748 audiat,
467 689 496 739 et
518 687 641 756 utraque
673 700 763 739 unum
792 685 909 755 faciens,
965 686 1092 754 spemin
1120 690 1258 740 uternam
1280 685 1489 741 beatitudinem
1502 686 1626 752 induxit,
1654 688 1815 760 pluraliter,

57 774 189 828 osculum
200 773 278 843 pacis
291 772 400 827 alferat.
423 773 551 829 Osculeri
574 790 626 844 pro
654 773 799 846 pacificari
823 774 910 846 poni·
965 788 1017 842 pro
1033 774 1200 828 omnimoda
1224 775 1365 829 honorum
1385 775 1476 845 copia,
1504 776 1584 847 quasi
1597 775 1659 846 jam
1686 777 1815 833 dulcedi-

57 861 910 934 tur,adsimilitndinemillorumquipropterdiscordiam
964 877 1032 915 netu
1056 863 1137 930 regni
1164 864 1286 918 coelestis
1319 864 1466 935 praelibavi
1488 880 1553 936 quie
1581 864 1652 919 mihi
1681 865 1711 920 in
1737 867 1815 921 coelts

57 950 214 1006 adontinis
231 949 716 1012 snisrecesset·uat,sedredeuutes
741 951 909 1006 seinvicem
963 954 1064 1021 parata
1090 957 1165 1019 suut,
1192 951 1253 1023 ipso
1278 951 1422 1006 revelante
1452 952 1598 1023 cognovi:
1624 969 1748 1024 moxque
1776 956 1812 1011 ad

58 1042 233 1106 osculantur,
262 1044 290 1094 et
319 1039 443 1109 perfecte
471 1037 669 1110 pacificantur,
698 1040 737 1094 sie
758 1040 910 1111 synagoge
963 1055 1028 1093 eum
1045 1055 1189 1108 conversa,
1206 1040 1323 1111 quisibi
1341 1040 1523 1108 hocrerclat,
1551 1040 1657 1111 gratias
1676 1042 1737 1112 agit
1758 1059 1812 1114 pro

58 1143 149 1199 genus
176 1128 338 1182 hamanum
368 1143 385 1180 a
412 1128 469 1182 [leo
497 1143 550 1197 per
577 1132 725 1198 peccatum
753 1135 906 1195 remotum,
963 1128 1119 1183 beneficiis.
1135 1129 1262 1193 Quattuor
1289 1133 1356 1183 sunt
1381 1129 1537 1184 indomo:
1559 1135 1653 1200 porta,
1677 1146 1812 1186 ascensus

57 1222 139 1286 optat
151 1216 329 1270 reconciliari
344 1231 396 1285 per
410 1216 636 1270 incarnationem
655 1215 729 1270 Filii.
745 1215 819 1281 Quot
832 1232 907 1286 prae·
962 1216 1131 1282 triclinium,
1147 1216 1320 1272 cubiculum.
1337 1217 1391 1271 Per
1405 1222 1529 1288 portam,
1547 1216 1633 1271 fidem
1651 1233 1658 1272 ε
1681 1234 1733 1289 per
1765 1235 1812 1274 as-

57 1308 141 1373 cepta
155 1319 188 1356 ex
206 1303 268 1373 ejus
283 1302 488 1373 proeaicatione
505 1303 659 1374 cognoscit,
677 1303 759 1375 quasi
778 1309 820 1358 tot
849 1303 908 1357 oris
961 1320 1090 1373 censum,
1107 1320 1278 1379 spem:per
1290 1305 1447 1360 triclinium
1461 1305 1652 1360 charitatem:
1683 1322 1736 1378 per
1759 1324 1811 1362 cu·

58 1391 231 1462 ejusoscula
254 1391 381 1461 suscipit.
401 1391 540 1462 Loquitur
563 1406 659 1445 umore
682 1391 815 1456 amantis,
843 1407 906 1462 quta
960 1392 1099 1459 biculutu,
1116 1394 1431 1462 ipsambeatiludiuem
1449 1395 1649 1464 intelligimus.
1677 1396 1812 1450 Faculta-

57 1496 118 1552 prae
141 1479 253 1534 fervore
278 1479 438 1534 dilectionis
452 1480 582 1534 ordinem
607 1480 745 1551 loquendi
761 1495 819 1534 nott
833 1480 908 1534 valet
962 1483 1081 1536 bimuset
1095 1483 1257 1537 tutabimur.
1277 1483 1362 1547 Quasi
1377 1484 1506 1537 diceret:
1536 1484 1598 1537 Nttn
1618 1484 1653 1538 de
1669 1484 1812 1555 perceptis

58 1568 218 1622 observare.
235 1568 314 1623 Sicut
325 1568 402 1622 enini
415 1568 445 1622 in
468 1568 550 1622 oculo
565 1568 621 1622 duo
644 1584 766 1638 corpora
794 1567 942 1656 diversaB
962 1570 1129 1624 muneribus
1140 1569 1192 1640 ipsi
1213 1587 1264 1624 nos
1279 1570 1451 1636 extollimus,
1464 1571 1511 1624 sed
1526 1575 1553 1625 te
1569 1588 1575 1626 :
1595 1587 1737 1626 memores
1760 1588 1812 1643 per

54 1657 230 1728 junguntur,
247 1657 288 1710 sic
302 1657 332 1710 in
348 1657 546 1710 incarnatione
571 1656 633 1711 Filii
648 1657 711 1711 dua
739 1656 906 1711 substantias
964 1658 1052 1711 onnia
1066 1663 1173 1728 quanta
1192 1658 1300 1726 pietate
1320 1660 1517 1714 austeritatem
1539 1659 1620 1730 legis,
1638 1661 1730 1730 gratia
1744 1661 1812 1715 fidei

57 1745 218 1799 divinitatis
233 1750 263 1798 et
281 1745 469 1799 humanitatis
489 1744 604 1816 penitus
619 1744 738 1798 diversae
762 1745 908 1815 insepara·
963 1747 1135 1815 evangelicae
1151 1747 1283 1817 mitigare
1304 1746 1437 1818 dignatus
1452 1765 1481 1800 es
1497 1765 1503 1802 :
1521 1748 1585 1802 ideo
1601 1765 1659 1803 uon
1674 1751 1703 1803 in
1716 1749 1810 1818 nohis,

58 1832 110 1887 bili
151 1833 354 1903 conjunctione
392 1833 542 1887 uniuntur.
568 1835 682 1888 Meliora
715 1839 786 1888 suut.
816 1835 909 1889 Ubera
963 1835 1010 1888 sed
1026 1834 1058 1887 in
1072 1839 1099 1888 te
1115 1833 1332 1904 exsultabimus,
1347 1835 1416 1907 quia
1431 1836 1500 1890 recti
1516 1853 1617 1891 omues
1630 1837 1753 1908 diligunt
1768 1827 1809 1905 te,

56 1922 156 1991 sponsi
173 1922 431 1987 Christiuomiuat,
450 1922 526 1993 quod
545 1922 685 1976 muliebre
713 1927 764 1989 est,
781 1923 818 1976 'ut
845 1922 907 1992 ipso
962 1925 989 1976 et
1018 1937 1105 1991 saper
1133 1922 1230 1976 omnia
1252 1923 1616 1993 diligendumdidicerunt.
1641 1926 1750 1981 Rursus
1779 1927 1810 1982 in

57 2010 193 2063 carminis
208 2009 441 2079 initio.ftgurate
474 2024 503 2064 sc
532 2010 613 2081 loqui
642 2009 813 2064 manifestet.
841 2010 907 2064 ldeo
962 2011 1108 2081 penetrale
1121 2026 1226 2080 sponsa
1241 2010 1378 2080 ingressa,
1394 2013 1624 2080 adolescentula,
1639 2014 1709 2069 dum
1732 2014 1810 2071 illius

57 2097 189 2153 desidero
209 2098 339 2162 osculun,
368 2097 444 2168 quod
462 2102 504 2151 est
529 2098 616 2151 etiam
635 2098 795 2168 redemptio
824 2113 907 2165 mea;
962 2098 1421 2169 praestolanturadrentum,laete
1440 2101 1596 2155 concinunt
1621 2118 1674 2173 pro
1697 2118 1809 2173 sponsas

57 2187 127 2258 quia
150 2187 354 2241 instructiones
381 2191 448 2250 tuae,
464 2202 528 2257 quae
543 2194 610 2240 sunt
626 2187 667 2240 lac
689 2191 718 2241 et
732 2187 908 2241 nutrimenta
961 2186 1145 2257 perfectione.
1164 2188 1292 2241 Memores
1306 2189 1427 2242 uberum.
1450 2190 1483 2243 Et
1509 2192 1583 2245 ilectt
1603 2190 1736 2260 diligunt,
1771 2192 1807 2247 ad

57 2291 226 2346 puerorum,
243 2281 311 2330 sunt
334 2277 467 2331 meliores
496 2275 559 2329 aliis
583 2275 730 2343 doctrinis,
760 2291 825 2347 qoae
848 2290 931 2329 non·
962 2291 1074 2346 sponsae
1093 2275 1373 2329 commendationem
1393 2276 1526 2349 refertur„
1542 2279 1670 2333 firmares
1698 2278 1810 2335 uberum

56 2363 166 2431 forent,
180 2364 229 2418 sed
244 2361 378 2419 occidunt
394 2365 561 2436 simplices:
589 2363 663 2418 sicut
682 2362 780 2418 riuum
808 2368 908 2419 enecat
963 2369 1015 2418 etc.
1034 2364 1084 2418 llla
1100 2363 1176 2435 (quae
1190 2365 1284 2433 major
1297 2364 1348 2435 est)
1370 2365 1563 2434 jamtuorum
1592 2367 1664 2420 lacte
1686 2367 1808 2422 uberum

57 2452 204 2522 parvulos.
217 2453 435 2524 Unguentorum
450 2452 586 2508 odoribus
601 2451 699 2522 opinio
714 2453 785 2507 solet
800 2451 907 2521 signari
962 2451 1127 2522 perfruitur.
1145 2452 1202 2506 Nos
1217 2467 1333 2523 quoque
1359 2469 1416 2507 non
1434 2453 1549 2523 quidem
1573 2453 1730 2524 diligimus,
1761 2457 1809 2511 sed

56 2541 207 2595 virtutum.
962 2540 1129 2612 diligemus.
1152 2540 1260 2596 Deinde
1284 2542 1441 2612 loquuntur
1454 2541 1488 2595 ad
1504 2558 1654 2613 sponsum,
1671 2543 1749 2597 Recti
1764 2543 1808 2597 dt'-

93 2630 179 2684 veas.
210 2631 237 2683 2.
266 2659 300 2669 —
326 2629 419 2686 Oleum
454 2628 568 2698 effusum
604 2644 699 2684 nomeu
727 2632 811 2684 tuum.
841 2630 907 2684 ldeo
961 2628 1098 2696 liguutte.
1129 2630 1218 2696 flecti,
1246 2646 1347 2684 omnes
1374 2631 1424 2701 qui
1444 2635 1510 2684 suut
1525 2630 1594 2685 recti
1609 2629 1695 2684 corde
1722 2646 1810 2701 super

56 2717 147 2772 etiam
173 2716 303 2772 desidero
331 2718 473 2782 osculum,
510 2717 577 2789 quia
614 2733 721 2772 nomeu
754 2721 836 2773 tuum
865 2723 908 2772 est
960 2718 1248 2788 omniatediliguut,
1267 2734 1319 2772 uec
1340 2717 1609 2789 rectisuntquituo
1640 2718 1731 2772 amori
1755 2718 1809 2774 ali·

56 2806 166 2873 oleam,
181 2810 238 2860 etc.
253 2805 406 2876 Sponsusa
421 2811 501 2876 patre
511 2806 545 2861 ad
557 2822 690 2878 sponsant
701 2805 778 2860 venit
793 2810 904 2875 unctus,
960 2808 1030 2880 quid
1054 2811 1237 2879 praeponunt,
1260 2821 1347 2878 aquo
1365 2806 1426 2860 solo
1440 2805 1547 2860 habent
1576 2805 1717 2878 quidquid
1738 2806 1809 2861 honi

57 2898 433 2966 ntetsponsamungat.d
454 2894 724 2962 chrismachristus,
753 2894 846 2958 idest,
871 2894 905 2949 ab
960 2897 1076 2951 hahent.
1093 2895 1173 2950 Rectt'
1198 2894 1326 2962 diliguat.
1345 2895 1460 2949 Frustra
1486 2910 1516 2948 se
1544 2894 1721 2949 conditorem
1745 2894 1810 2950 dili·

56 2982 321 3047 unctioneanctu's3
349 2982 426 3054 quod
437 2999 541 3038 nomen
557 2998 608 3054 per
634 2983 755 3052 gratiam
783 2981 906 3054 Spiritus
959 3001 1026 3057 gere
1046 2984 1176 3050 creduut,
1202 2983 1252 3054 qui
1277 2982 1338 3052 ejus
1367 2984 1478 3038 monita
1499 2987 1698 3038 contemnunt.
1735 2985 1806 3039 Vere

57 3071 149 3126 sancti
175 3071 207 3125 in
249 3070 422 3142 baptismate
448 3071 578 3126 funditur
600 3071 630 3125 in
654 3075 771 3125 cunctos
796 3070 904 3125 fideles.
957 3073 1036 3144 justi,
1066 3088 1119 3128 nec
1151 3075 1226 3139 actu,
1263 3087 1316 3126 nec
1345 3071 1481 3143 cogitatu,
1512 3087 1564 3127 nec
1600 3072 1675 3128 dicto
1714 3073 1806 3128 Deum

57 3159 190 3214 Nondum
206 3175 323 3230 possum
337 3159 461 3231 teipsum
477 3158 621 3229 amplecti,
638 3173 742 3213 nomen
757 3162 839 3212 tuum
860 3157 905 3211 iu·
960 3162 1078 3217 violant.

56 3255 136 3303 terea
151 3264 186 3301 ex
210 3247 352 3303 desiderio
367 3247 409 3321 tui
444 3263 557 3302 mecum
582 3246 770 3317 pernoctabit.
797 3247 906 3301 Nomen
996 3251 1075 3305 Vens.
1092 3251 1117 3303 5.
1137 3249 1349 3318 -Nigrusum
1370 3249 1526 3319 Postquam
1549 3247 1670 3304 Ecclesia
1693 3249 1723 3304 io
1747 3248 1807 3304 cel-

55 3337 123 3392 leso
143 3337 221 3391 venit
235 3336 265 3390 in
281 3335 434 3405 mundum,
449 3340 477 3389 et
496 3335 591 3390 statim
606 3335 785 3406 praedicatur.
814 3335 907 3388 Oleum
960 3340 1031 3396 laria
1042 3345 1086 3395 est
1109 3338 1257 3411 perdocta,
1284 3353 1336 3409 per
1354 3337 1550 3409 cognitionem
1578 3338 1683 3393 scilicet
1710 3344 1739 3394 et
1756 3353 1808 3410 per

56 3424 183 3493 effictum,
212 3424 242 3478 id
270 3429 324 3489 ccl·
357 3423 386 3479 ic
410 3424 543 3478 universa
568 3427 644 3478 icccc
667 3423 772 3478 Christi
800 3439 906 3477 nomen
960 3425 1620 3501 spemfuturorumbonorum,postquamenm
1637 3425 1808 3481 rectocorde

57 3513 246 3585 preadicatur}
262 3528 340 3567 nunc
355 3513 442 3583 lloysi
456 3528 560 3566 nornen
574 3510 691 3566 auditur
706 3511 736 3565 in
761 3511 905 3583 gentibus,
960 3516 1091 3587 diligere,
1117 3520 1146 3569 et
1169 3513 1199 3568 in
1225 3513 1287 3585 ejus
1309 3514 1402 3584 gratia
1440 3513 1566 3583 gaudere
1590 3512 1700 3581 didicit,
1722 3518 1810 3569 restat

56 3602 135 3673 quod
162 3601 243 3671 prius
272 3601 378 3656 Judaae
401 3604 512 3655 tantum
539 3599 725 3655 claudebatur
756 3599 905 3670 augustiis·
961 3607 1121 3674 ostendere,
1135 3603 1211 3675 quod
1232 3619 1284 3674 pro
1303 3619 1400 3657 amore
1414 3602 1493 3657 illius
1508 3607 1537 3657 et
1551 3618 1604 3674 pro
1619 3602 1808 3674 acquisitione

56 3691 119 3746 ltleo
145 3690 348 3745 adolescentula
368 3689 523 3744 dilacerant
548 3694 581 3744 te.
606 3689 667 3742 llaec
699 3687 807 3754 dicens,
835 3687 906 3743 ado·
960 3693 1114 3759 honorum,
1139 3707 1203 3763 quse
1227 3690 1361 3762 gustarit,
1384 3693 1529 3744 certamen
1548 3689 1658 3758 subeat,
1686 3695 1714 3745 et
1740 3676 1808 3762 qnid

55 3779 229 3834 leecentulcs
240 3777 389 3849 conspicit,
403 3793 467 3847 qua
482 3778 551 3831 dum
563 3777 643 3849 ptius
658 3777 834 3847 loqueretur,
849 3791 907 3831 non
961 3780 1124 3836 afflictionis
1148 3780 1260 3840 toleret,
1284 3779 1380 3846 Niara.
1416 3776 1503 3841 Quasi
1526 3776 1601 3831 dieat
1618 3779 1810 3848 :promittitis

54 3866 188 3933 aderant,
214 3867 307 3920 sedin
335 3866 466 3936 precihus
492 3865 596 3920 mediis
621 3864 781 3935 ingreditur
796 3864 908 3918 adoles·
961 3887 1011 3924 vos
1027 3883 1139 3923 mecum
1161 3866 1262 3932 ituras,
1275 3870 1303 3919 el
1319 3869 1413 3937 potest
1424 3881 1474 3919 vos
1487 3864 1635 3919 tribulatio
1666 3866 1809 3921 deterrere

54 3955 238 4010 centularum
271 3955 374 4009 chorus
401 3959 430 4009 et
469 3970 582 4025 sponsas
616 3953 748 4007 laudatur
776 3952 906 4023 eloquiis.
962 3953 1439 4034 qtiampatior:sedneaftlictio,
1457 3953 1811 4010 necinfatniarosdeter·

55 4043 204 4099 Universae
216 4043 358 4108 Ecclesiae,
379 4059 444 4114 quae
465 4058 554 4097 unam
569 4040 737 4096 catholicam
755 4041 908 4095 Ecclesiam
963 4050 1055 4112 reant,
1070 4043 1137 4116 quia
1152 4045 1213 4098 haec
1227 4042 1364 4096 virtutum
1379 4041 1587 4097 formositatem
1601 4041 1760 4107 conferent,
1781 4046 1811 4097 et

56 4132 177 4198 faciunt,
194 4132 413 4186 adolescentula
441 4136 600 4186 sunt:uon
627 4135 745 4185 vetusta
768 4144 820 4201 per
848 4129 908 4183 cul·
924 4127 945 4182 D
963 4139 1030 4207 post
1067 4147 1194 4187 amorem
1222 4135 1312 4185 restat
1351 4128 1490 4202 patientia
1516 4129 1552 4185 ed
1581 4130 1809 4201 experimentum

56 4235 139 4292 pam,
151 4219 200 4275 sed
216 4220 337 4275 novellae
353 4237 404 4289 per
432 4212 564 4290 gratiam,
594 4234 653 4273 non
679 4217 760 4273 senio
787 4218 906 4285 steriles,

57 4309 107 4363 sed
124 4310 207 4362 aetate
223 4307 325 4363 mentis
339 4307 376 4362 ad
397 4309 575 4378 spiritualem
591 4323 726 4378 congruas
748 4305 908 4362 fecundita-

58 4403 130 4452 tem.
148 4397 182 4450 ut
195 4396 263 4467 quia
277 4397 341 4451 oleo
354 4402 411 4451 tute
424 4400 525 4465 grattae
551 4411 653 4450 omnes
672 4396 784 4451 dolores
812 4394 908 4450 crimi-

57 4501 130 4541 num
147 4484 299 4549 evacuasti,
313 4483 600 4545 ldeoodolcsceutulae,
618 4488 672 4538 etc.
785 4470 788 4475 ’

94 4574 177 4627 Vsus.
193 4575 219 4627 3.
236 4572 373 4626 -Froite
394 4587 436 4626 ute
449 4576 554 4641 postte.
583 4570 769 4642 Respondent
797 4570 908 4625 adoles·

58 4661 184 4717 centula
201 4679 207 4714 :
227 4662 363 4715 Troltcme
374 4661 436 4730 post
451 4665 483 4714 tc.
506 4659 617 4731 Sponsa
630 4675 687 4713 non
697 4663 762 4730 post
794 4663 909 4730 tergum

57 4749 199 4820 sequitur,
212 4748 364 4819 sedsponsi
374 4746 573 4818 junctalateri,
585 4747 700 4802 famulas
713 4751 778 4819 post
789 4762 852 4802 earn
864 4747 910 4800 in·

58 4838 242 4909 gradiuntur.
273 4839 411 4892 uateme
423 4842 485 4907 post
500 4841 535 4893 te.
553 4837 705 4907 Hucusque
728 4851 783 4889 vox
808 4850 910 4907 exspe-

57 4925 200 4979 ctantium
219 4921 447 4979 incarnationem
472 4923 634 4989 salvatoris,
661 4928 689 4977 et
716 4922 791 4977 dona
819 4922 910 4994 ipsius

55 5012 344 5068 commendantium:
363 5012 430 5067 hinc
445 5013 623 5068 subinfertur
636 5025 691 5067 vox
704 5011 830 5076 illorum,
856 5011 906 5082 qui

56 5105 124 5172 post
139 5104 271 5173 tempora
289 5101 496 5155 incarnationis
511 5102 544 5155 ad
574 5101 660 5155 tidem
677 5105 828 5154 venerunt.
860 5099 911 5153 llla

57 5193 92 5245 ut
105 5191 227 5256 veniret,
242 5195 271 5244 et
286 5190 416 5244 osculum
433 5189 547 5243 offerret
560 5187 697 5258 rogabat,
715 5188 776 5242 haec
802 5201 861 5240 non
876 5185 911 5239 ad

57 5295 89 5333 se
113 5279 188 5332 ultra
213 5294 278 5332 oum
309 5277 480 5332 descendere
501 5276 597 5331 taliter
625 5274 747 5346 flagitat,
776 5275 823 5329 sed
849 5274 911 5345 ipsa

57 5368 157 5439 potius
171 5366 207 5421 ad
219 5368 305 5446 culos
328 5365 411 5438 sequi
433 5365 575 5420 desiderat
590 5379 597 5419 t
614 5364 691 5436 quod
715 5363 783 5436 quia
810 5378 912 5434 perse

58 5472 121 5511 non
132 5471 217 5527 posse
234 5455 298 5510 fieri
322 5453 471 5527 conspicit,
482 5455 544 5526 ejus
558 5455 693 5510 ducatum
705 5451 852 5524 implorat,
875 5452 912 5508 ad

219 5562 355 5627 Parnoi..
383 5561 489 5627 CXlll.

963 4221 1079 4279 amoris.
1096 4222 1195 4290 Nigra.
1210 4208 1319 4274 Rursus
1334 4217 1554 4273 adolescentulis
1574 4235 1677 4289 sponsa
1691 4235 1810 4291 respon·

962 4308 1168 4379 det,etagitur
1192 4307 1226 4363 de
1242 4306 1392 4361 manifesta
1420 4306 1588 4362 tentatione.
1617 4308 1715 4374 Nigro.
1744 4308 1812 4362 Vilis

962 4398 1078 4469 quidem
1093 4397 1123 4451 in
1143 4394 1476 4466 oculispersequentinm
1507 4410 1642 4466 appareo,
1671 4395 1720 4449 sed
1746 4400 1811 4451 ante

963 4488 1054 4542 Deum
1068 4484 1195 4539 veritatis
1218 4482 1395 4537 confessione
1423 4482 1548 4553 gloriosa
1572 4483 1710 4554 refulgeo.
1736 4483 1813 4540 Sicut

963 4573 1138 4630 tabernaculo
1154 4571 1247 4629 cedor.
1264 4570 1314 4624 Hic
1331 4572 1402 4625 sicut
1423 4569 1541 4641 ponitur
1569 4586 1627 4625 nou
1655 4586 1707 4642 pro
1736 4571 1811 4625 reri·

963 4665 1032 4727 tate,
1060 4659 1108 4714 sed
1123 4674 1176 4730 pro
1214 4657 1407 4712 aestimatione
1434 4655 1646 4728 insipientium,
1672 4657 1722 4728 qui
1748 4673 1812 4711 eam

963 4745 1226 4819 putantvitiorum‚
1256 4745 1299 4799 vel
1330 4745 1492 4799 daemonum
1519 4744 1718 4813 mansionem
1743 4749 1814 4800 sicut

961 4836 1045 4906 pelles
1079 4834 1232 4888 Solomonis
1262 4831 1309 4886 hic
1338 4831 1456 4902 ponitur
1496 4846 1550 4901 pro
1573 4832 1701 4887 raritate.
1726 4833 1814 4890 Cedor

965 4920 1094 4975 ismaelis
1108 4920 1185 4974 tilius
1207 4916 1271 4985 fuit,
1300 4918 1382 4988 cujus
1397 4932 1499 4971 manus
1522 4922 1621 4972 contra
1645 4934 1755 4986 omues,
1785 4923 1815 4975 ct

964 5008 1206 5064 utanusomnium
1223 5012 1323 5060 contra
1351 5020 1429 5073 earn,
1451 5005 1563 5060 nullum
1590 5005 1665 5060 inter
1683 5005 1814 5063 homines

965 5098 1073 5154 habens
1099 5097 1204 5163 locum,
1227 5094 1275 5149 sed
1300 5095 1330 5149 in
1354 5094 1547 5149 tabernaculis
1562 5112 1615 5166 pro
1629 5093 1770 5166 nequitia,
1786 5100 1815 5150 et

965 5186 1008 5240 ira
1035 5201 1149 5254 semper
1162 5182 1308 5238 habitans.
1337 5182 1383 5237 Sic
1406 5188 1435 5238 et
1458 5184 1529 5254 justi
1555 5182 1729 5254 promeritis
1756 5184 1815 5238 suis

966 5273 1123 5329 creduntur
1137 5272 1239 5344 expelli
1254 5276 1283 5326 et
1304 5270 1403 5342 afiligi,
1429 5276 1457 5325 et
1471 5272 1552 5342 quasi
1563 5271 1659 5326 hostes
1682 5271 1813 5326 omuintu

963 5361 1131 5433 judicantur
1145 5379 1154 5415 r
1166 5360 1243 5416 unde
1257 5359 1372 5428 dicitur,
1395 5360 1487 5415 Eritis
1502 5359 1563 5415 odt'o
1578 5360 1701 5416 omuibus
1727 5361 1814 5416 totui-

965 5450 1046 5506 nibus
1063 5455 1176 5520 propter
1199 5464 1292 5514 uomet
1318 5465 1405 5505 meum
1420 5448 1528 5519 [natta.
1557 5447 1596 5520 x).
1622 5449 1698 5506 Sicut
1721 5449 1812 5519 podes.

1558 5560 1599 5620 36
