3892 6106
65 259 116 309 iiiii

645 261 772 320 GLOSSA
790 264 990 322 ottulrttlttrt.
1010 295 1044 305 -
1064 267 1127 323 trs.
1148 268 1229 324 GEN.
1766 278 1814 331 i70

95 376 182 431 Vsus.
206 379 278 433 74¹.
299 398 365 431 -s
399 380 464 435 Post
486 381 593 437 multos
615 382 712 454 itaque
731 384 792 440 dies
816 385 915 457 injecit
932 387 1033 444 idem
1057 405 1109 460 per
1132 389 1337 446 exhibitionem
1358 393 1570 464 praeteritorum
1597 411 1627 452 se
1657 396 1753 454 intulit
1785 400 1814 455 in

63 488 72 513 ι
89 464 222 533 domina,
239 486 254 517 s
268 471 321 523 etc.
337 469 436 540 (Gara.
450 469 498 525 lib.
510 486 561 526 xxx
575 473 683 541 ilorci,
700 489 762 546 cap.
791 472 845 545 ru.)
861 474 915 541 oui
970 493 1049 548 spem
1063 477 1239 535 futurorum.

59 554 165 609 mundi
192 556 368 612 successibus
394 557 528 626 sisinius,
563 565 630 630 etc,
670 576 755 632 usque
781 563 819 617 od
847 562 915 635 quia

59 643 140 698 enim
168 644 301 718 voluptas
328 660 364 701 ex
390 648 580 720 prosperitate
617 651 754 719 nascitur,
786 653 913 724 ejusdem

58 734 297 791 consideratione
312 735 441 792 ieriatur.

1004 567 1086 623 Vens.
1105 570 1198 624 tr-ar.
1214 600 1247 609 -
1265 592 1277 620 ι
1298 570 1436 626 Putabam
1450 571 1506 627 'me
1529 577 1614 642 stare,
1633 595 1644 624 ι
1664 579 1717 631 etc.
1743 576 1816 650 Sep-

968 659 1026 710 tem
1042 655 1121 722 anni,
1134 657 1185 729 qui
1195 663 1304 730 septem
1318 659 1403 732 spicis
1426 660 1530 731 plenis,
1553 665 1596 719 rei
1620 669 1729 735 septem
1752 683 1816 720 vac·

967 744 1007 799 cis
1021 745 1178 816 pinguibus
1192 747 1392 810 ostenduntur,
1416 749 1576 820 spiritualia
1600 751 1674 808 dona
1703 754 1815 824 signiti-

93 822 232 894 «injecit
268 823 386 880 domina
412 841 502 893 sua,»
533 830 586 882 etc.
612 829 702 899 (lero.)
732 829 800 885 ilaec
822 829 915 902 ligura
967 833 1162 905 cent,quibus
1187 835 1300 890 ubertas
1324 836 1391 891 tidei
1415 837 1494 909 larga
1517 840 1623 910 pietate
1661 841 1812 897 redundat.

58 915 99 965 est
114 911 289 984 synagoge,
312 916 378 980 eta,
401 929 485 986 usque
508 915 546 970 od
571 916 621 972 ubi
644 918 723 972 enim
750 918 837 976 veluti
858 935 914 990 pu·

57 1000 186 1055 niendns
201 1000 397 1069 descenderat,
410 1002 476 1058 inde
490 1004 562 1059 aiios
575 1005 716 1062 liberarit.

91 1089 179 1144 vass.
198 1092 291 1146 ta-ts.
306 1120 341 1133 -
366 1091 457 1158 «Oai,
477 1093 576 1149 relicto
604 1093 635 1150 in
662 1111 748 1150 mauu
765 1097 828 1168 ejus
851 1096 912 1169 pal·

59 1197 72 1229 ι
89 1178 143 1246 iio,
159 1199 176 1228 ιι
193 1183 248 1235 etc.
262 1179 307 1235 Sic
318 1195 369 1235 nos
384 1183 496 1236 tentant
509 1183 602 1237 carnis
612 1183 764 1251 illecebrae,
781 1188 914 1241 etsuecu·

58 1266 257 1323 tinnivestem
272 1284 404 1324 carneam
421 1286 428 1324 ι
445 1270 494 1326 sed
509 1270 553 1326 vir
571 1277 665 1327 castus
685 1274 793 1329 mavult
815 1274 912 1328 omnia

57 1354 173 1410 vincula
186 1355 365 1428 dirumpere,
385 1373 472 1429 quarn
494 1374 525 1414 sc
548 1359 721 1432 turpitudini
745 1360 910 1432 subJugare.

92 1466 106 1493 a
120 1443 180 1509 oui
194 1443 306 1513 relicto,
319 1466 333 1496 a
359 1449 412 1502 etc.
440 1447 561 1520 (Geso.)
578 1448 740 1518 Aiteqortse.
755 1449 828 1514 Ouia
841 1449 910 1505 dam

55 1531 214 1605 Synagoga
226 1533 370 1590 Christum
386 1550 492 1607 purum
506 1535 655 1593 hominem
679 1538 806 1604 eredens,
827 1539 910 1593 adut-

56 1621 152 1676 terino
174 1623 330 1694 complexa
353 1624 547 1697 constringere
569 1625 670 1693 voluit,
701 1626 762 1699 ipse
795 1632 910 1698 tegmen

55 1709 159 1765 littere
175 1710 268 1766 oculis
286 1712 349 1784 ejus
369 1713 485 1785 objecit,
509 1719 539 1770 et
556 1715 592 1770 sd
615 1715 841 1787 cognoscendam
863 1716 911 1771 di-

55 1797 184 1854 vinitatis
199 1801 360 1872 potentiam
375 1803 561 1874 conspicuum
577 1820 606 1860 se
620 1803 757 1876 gentibus
774 1805 908 1876 prebuit.

57 1887 134 1943 linds
146 1903 247 1962 usqne
260 1888 347 1945 hodie
369 1890 439 1946 dum
453 1892 569 1965 'legitur
590 1894 691 1959 lioses,
712 1893 843 1949 velamen
867 1897 911 1948 est

55 1991 140 2047 super
159 1977 265 2032 oculos
286 1977 381 2033 sordis
404 1995 515 2045 eorum,
543 1981 612 2051 quia
639 1980 746 2036 scilicet
781 1981 911 2037 adultera

57 2063 174 2134 pallium
215 2064 346 2136 rehnait,
374 2071 404 2123 et
430 2066 530 2140 quem,¹
549 2069 623 2125 maie
654 2069 770 2125 tenebat
799 2068 909 2125 nudum

59 2152 158 2208 amisit.

392 2296 505 2354 CAPUT
519 2299 574 2355 tlt.

88 2421 171 2476 tras.
191 2423 252 2476 t·8.
273 2451 307 2461 -
338 2421 417 2477 allis
442 2422 483 2477 ite
508 2423 605 2495 gestis,
630 2423 731 2480 accidit
759 2429 790 2481 ut
812 2443 909 2498 perca·

58 2514 149 2565 «rent
161 2509 225 2565 duo
245 2511 381 2580 eunuchi,
395 2532 409 2560 n
434 2515 488 2567 etc.
514 2512 603 2582 (lero,
628 2515 658 2568 ιἰι
673 2513 749 2581 tien,
765 2519 835 2570 tom.
862 2515 908 2587 v.)

56 2597 163 2655 invenit
177 2598 286 2670 loseph
299 2598 373 2654 dnos
385 2601 532 2656 eunuchos
544 2601 574 2656 in
589 2617 712 2673 carcere,
736 2607 802 2673 etc.,
823 2618 908 2674 usque

59 2688 89 2743 sd
99 2687 330 2760 trangressionis
340 2685 419 2761 tigno
434 2690 628 2762 suspenditur.

85 2796 98 2829 ι
114 2777 262 2834 Pineerna
276 2777 353 2848 regis
371 2779 495 2851 AEgypti,
508 2784 537 2835 et
551 2779 651 2851 pistor,
667 2779 785 2836 domino
811 2795 874 2848 suo,
891 2803 905 2829 »

965 921 1080 993 Septem
1107 939 1175 978 vero
1204 924 1312 981 steriles
1338 930 1366 980 et
1386 926 1490 997 jejuni,
1507 928 1633 984 veritatis
1647 934 1676 984 et
1692 929 1813 1001 justitia

966 1011 1072 1067 lamam
1087 1011 1117 1066 in
1131 1013 1286 1068 novissimo
1299 1019 1441 1086 tempore.

1002 1120 1083 1174 vrrs.
1100 1121 1144 1175 3³.
1164 1149 1199 1160 —
1215 1143 1227 1168 a
1250 1121 1329 1176 Nunc
1343 1137 1421 1192 ergo,
1437 1145 1451 1171 a
1468 1127 1520 1178 etc.
1538 1123 1597 1180 lloc
1613 1129 1741 1197 tempore
1752 1142 1817 1198 gra·
1922 1119 1928 1130 “

966 1207 1013 1262 tias
1041 1208 1170 1264 videmus
1197 1208 1373 1280 impletura:
1399 1210 1469 1283 quia
1490 1212 1651 1269 abundante
1681 1214 1814 1271 doctrine

965 1296 1132 1368 apostolica,
1147 1297 1308 1369 septiformi
1319 1298 1427 1370 Spiritu
1440 1299 1611 1368 ministrata,
1635 1303 1732 1358 divina
1757 1303 1814 1360 dis·

965 1385 1106 1456 positione
1134 1402 1187 1458 per
1213 1386 1340 1458 singulas
1358 1389 1443 1443 urbes
1470 1388 1595 1462 episcopi
1622 1394 1651 1445 et
1683 1393 1813 1448 doctores

965 1473 1090 1530 ordinati
1104 1479 1181 1546 sunt,
1196 1474 1247 1548 qui
1259 1476 1432 1532 abundantia
1446 1476 1584 1534 doctrines
1602 1478 1738 1535 divinitus
1752 1481 1808 1536 sibi

965 1563 1076 1618 collatae
1090 1563 1177 1619 libros
1191 1569 1301 1620 sanctos
1325 1565 1507 1637 scripserunt,
1526 1567 1631 1639 quibus
1651 1569 1815 1625 abundante

926 1673 946 1729 g
966 1652 1040 1707 lame
1055 1652 1143 1720 verbi,
1159 1658 1188 1709 et
1206 1653 1404 1710 deficientibus
1427 1655 1598 1724 doctoribus,
1625 1656 1814 1729 indigentiam

966 1745 1093 1797 nostram
1108 1743 1299 1798 reticeremus.

1001 1848 1081 1903 vras.
1098 1850 1191 1904 3t-37.
1203 1879 1237 1890 -
1255 1870 1265 1898 ι
1284 1850 1317 1905 Et
1336 1849 1467 1922 quintam
1489 1854 1600 1922 partem
1625 1852 1812 1922 fructuum»

965 1941 1018 1993 ets.
1031 1936 1194 1993 Notandum
1213 1938 1325 2010 AEgypti
1342 1938 1418 2010 quod
1430 1939 1561 2012 quintam
1573 1947 1683 2011 partem
1695 1940 1813 2012 frugum

965 2024 994 2079 in
1008 2025 1114 2081 horrea
1137 2026 1212 2097 regis
1232 2032 1428 2099 congregant:
1452 2028 1520 2101 quia
1543 2029 1596 2085 iiiii
1617 2030 1810 2098 tenebrarum,

964 2113 1092 2186 quinqua
1108 2115 1237 2170 sensibus
1261 2115 1361 2187 dediti,
1385 2117 1509 2173 erelestia
1530 2133 1589 2173 non
1613 2123 1736 2174 curent:
1762 2121 1811 2174 sed

963 2201 1023 2257 reri
1037 2203 1173 2259 israelitae
1187 2203 1312 2259 decimas
1324 2204 1403 2273 dant,
1424 2205 1493 2277 quia
1513 2207 1656 2262 eoelestcm
1677 2207 1811 2279 patriam,
1886 2205 1888 2209 ’

963 2290 1043 2362 eujus
1057 2290 1243 2364 deaimapars
1257 2294 1374 2363 corruit,
1387 2294 1546 2350 reformare
1561 2295 1703 2352 laborant.

997 2396 1088 2469 (isra.)
1102 2396 1291 2471 congregarit
1309 2400 1414 2471 loseph
1428 2416 1481 2472 per
1502 2405 1610 2474 septem
1634 2417 1724 2458 annos
1748 2419 1811 2458 om·

963 2501 1030 2540 nem
1054 2485 1172 2558 frugum
1195 2487 1423 2544 abundantiam:
1452 2489 1551 2557 idest,
1574 2490 1718 2545 tramenta
1741 2491 1808 2546 ildei

962 2576 1126 2626 sanctorum
1140 2571 1251 2628 horreis
1265 2574 1402 2641 condens,
1423 2590 1474 2646 par
1488 2579 1598 2645 septem
1622 2574 1807 2644 charismata,

961 2658 1043 2729 quasi
1058 2675 1110 2730 per
1131 2664 1240 2730 septem
1265 2677 1365 2725 annos,
1388 2667 1421 2717 ut
1448 2678 1512 2717 cum
1541 2668 1648 2734 septem
1671 2664 1740 2718 anui
1766 2665 1830 2744 ιιι-ἱ

961 2747 1034 2819 opioe
1048 2747 1197 2820 coeperint,
1213 2749 1242 2804 id
1257 2754 1310 2818 est,
1322 2766 1388 2805 cum
1412 2751 1548 2823 iniquitas
1569 2751 1726 2806 occurrerit
1745 2767 1808 2822 sep·

961 2841 1019 2891 tem
1040 2837 1207 2908 capitalium
1229 2839 1382 2893 criminum
1406 2839 1458 2894 sub
1481 2839 1667 2906 Antichristo,
1691 2840 1806 2910 quenda

963 2924 1053 2979 tames
1064 2924 1133 2980 tidei
1146 2924 1234 2981 inerit
1247 2931 1275 2981 et
1289 2926 1398 2992 saiutis,
1412 2931 1483 2982 tunc
1496 2927 1585 2982 sancti
1610 2927 1734 2983 babeant
1756 2943 1806 2983 co·

963 3011 1074 3083 piosam
1085 3012 1205 3084 justitias
1218 3013 1340 3085 tragem,
1356 3030 1392 3070 ne
1407 3015 1479 3071 rues
1503 3031 1603 3071 eorum
1627 3016 1726 3087 inopia
1748 3031 1806 3070 ser·

963 3101 1056 3157 monis
1071 3101 1194 3158 deficiat.

55 2870 100 2921 etc
118 2867 273 2936 (naseos.)
298 2865 351 2922 Ubi
373 2883 426 2923 nos
446 2867 597 2940 posuimus
617 2869 806 2942 «principem
825 2869 904 2925 vina·

56 2953 157 3009 riorum
177 2974 189 3003 ι
208 2953 242 3008 in
261 2952 383 3009 liebraeo
405 2954 527 3011 habetur
548 2957 679 3026 masqueh
700 2957 805 3046 ripum,
835 2957 941 3027 illudc

56 3043 169 3098 terbum
191 3041 274 3114 quod
297 3041 329 3096 in
347 3041 464 3098 nomine
483 3043 556 3098 servi
579 3043 700 3099 Abrahae
725 3043 834 3101 dudum
864 3046 906 3102 ie·

56 3128 155 3200 gimus,
172 3145 263 3202 quem
278 3144 494 3202 nospoesnmns
514 3147 593 3187 more
614 3131 693 3201 voigi
717 3147 817 3187 vocare
838 3135 905 3204 pin·

55 3235 166 3287 maone,
185 3224 217 3274 et
232 3234 323 3290 usqae
338 3217 423 3275 hodie
446 3219 522 3292 epnd
545 3219 681 3275 barbaros
700 3219 833 3277 maximae
855 3221 902 3278 di·
996 3209 1079 3261 Vffl·
1105 3207 1198 3262 3⁸4⁰·
1225 3236 1259 3246 “
1275 3230 1288 3256 t
1314 3207 1368 3273 Qui
1391 3207 1512 3280 sPiritus
1534 3208 1583 3264 Dei
1604 3210 1705 3282 Ρῑθῦῑ18
1730 3210 1774 3276 ὓῑῑ·
1792 3234 1804 3257 ”

57 3308 169 3378 gnitatis
184 3310 242 3377 est,
256 3307 320 3378 regi
335 3308 471 3379 poculum
485 3307 655 3381 porrexisse,
960 3300 1013 3352 stc.
1031 3295 1112 3364 (buo,
1128 3296 1161 3363 Q.
1179 3297 1209 3350 in
1224 3296 1310 3368 Gen.)
1323 3296 1431 3366 lertio,
1452 3297 1507 3352 nisi
1525 3298 1620 3366 fallor,
1646 3298 1807 3354 insinuatur

85 3398 265 3453 νωμᾶ
282 3396 611 3453 -.uidebameomm
626 3412 672 3453 me
690 3397 818 3466 vitem„
849 3403 903 3455 εις,
960 3384 1150 3441 nobisinhoe
1175 3384 1248 3439 libro
1274 3384 1396 3456 Spiritus
1420 3390 1543 3441 sanctus.
1568 3386 1663 3442 Primo
1689 3388 1739 3443 ubi
1760 3389 1806 3444 di·

59 3485 189 3557 tilrmox.)
220 3504 235 3537 e
251 3485 286 3541 Et
312 3501 377 3541 ecce
404 3487 469 3542 vitis
493 3487 524 3542 in
546 3491 698 3559 conspecta
725 3504 798 3554 meo,
823 3493 852 3544 et
875 3490 904 3544 in
959 3479 1037 3530 Pium
1052 3477 1096 3530 ⁹³²
1108 3476 1274 3545 ⁵¹¹Pffisfflil·
1293 3476 1313 3543 r)
1329 3474 1493 3546 ²“SPilstiss
1505 3474 1553 3530 ⁰⁰5
1565 3475 1807 3548 ferebatur·‘³¹¹iier

59 3550 104 3631 rite
115 3573 286 3650 tresiundi,
300 3576 400 3647 etipsa
412 3576 578 3648 germinans
592 3581 651 3632 tres
665 3575 814 3632 fundos„
839 3576 904 3633 ij.
959 3562 1623 3635 aquaemseeundoubidicitlieussupra(eop.
1641 3567 1680 3635 ιι)
1699 3582 1706 3621 :
1726 3567 1806 3621 «Non
1880 3563 1881 3567 ’

60 3662 449 3736 11230112‚2102mm03‚,iv0
473 3664 658 3738 propagim,
678 3666 816 3721 Hermen,
841 3682 904 3722 ser.
959 3650 1139 3724 permanebit
1151 3650 1273 3723 Spiritus
1288 3666 1369 3705 meus
1383 3649 1414 3705 iu
1434 3650 1600 3707 hominibus
1623 3651 1723 3716 istis,s
1749 3659 1803 3709 etc.

958 3740 1052 3795 Tertio
1073 3755 1138 3794 cum
1161 3739 1231 3795 dicit
1254 3739 1364 3794 Pharao
1392 3738 1423 3793 in
1446 3740 1552 3811 loseph
1583 3755 1645 3794 esse
1667 3741 1806 3812 Spiritum

959 3828 1008 3884 Dei
1025 3845 1031 3884 :
1048 3828 1176 3884 nondum
1192 3833 1288 3883 tamen
1303 3826 1426 3899 legimus
1440 3827 1579 3900 Spiritum
1594 3833 1733 3885 sanctum.

993 3933 1075 3988 Vens.
1107 3934 1151 3988 tr.
1182 3963 1216 3972 -
1239 3932 1402 4005 «Dixitque
1435 3947 1533 3987 rursus
1566 3934 1717 4000 Pharao,s
1751 3939 1802 3989 otc.

959 4021 1045 4092 tlsrn.)
1065 4021 1225 4093 Alteporioe.
1253 4020 1367 4092 loseph,
1394 4019 1445 4092 qui
1472 4023 1573 4092 typum
1596 4020 1701 4077 Christi
1724 4037 1804 4093 gorc-

957 4110 1015 4176 bat,
1032 4125 1148 4165 currum
1165 4108 1280 4177 meruit,
1291 4114 1320 4164 et
1332 4124 1426 4180 praeeo
1441 4109 1615 4182 praeconavit
1639 4113 1705 4165 ante
1727 4124 1803 4172 eam,

957 4204 984 4254 et
997 4197 1145 4253 constituit
1158 4213 1225 4252 eum
1247 4198 1356 4255 Pharao
1385 4212 1472 4269 snper
1499 4196 1660 4252 universam
1699 4203 1804 4253 terram

59 3767 96 3807 ruo
109 3751 271 3825 significat,
287 3768 353 3825 quas
367 3751 401 3808 ab
415 3752 473 3808 iliis
486 3758 625 3811 vocantur
636 3755 759 3822 Soriptm
782 3756 901 3817 nititur.

84 3843 167 3898 tras.
185 3844 285 3898 lli-tii,
301 3872 335 3882 -
353 3863 365 3894 ι
381 3842 447 3898 Tria
462 3843 595 3898 canistra.
611 3865 626 3894 ιι
650 3846 721 3899 Auo.
748 3845 848 3911 Quest.
873 3846 903 3900 ta

57 3930 127 4003 deta)
155 3930 212 3986 Ubi
234 3929 272 3985 'in
301 3928 406 3985 Latinis
429 3931 572 3987 codicibus
601 3952 616 3983 a
632 3931 687 3988 tria
714 3932 837 3988 canistra
861 3932 901 3987 ia·

57 4016 119 4074 rinae
137 4039 150 4070 ι
168 4018 376 4091 scriptumest,
393 4024 459 4089 etc,
481 4035 566 4091 usque
587 4020 625 4076 od
645 4026 674 4077 et
694 4036 728 4076 ex
752 4019 833 4076 omni
852 4037 901 4092 ge·

10 4176 12 4183 Ι
57 4122 116 4161 uere
145 4107 265 4179 pistorii
288 4107 383 4180 operis
407 4107 437 4163 in
460 4108 563 4165 eodem
583 4109 692 4165 seilicet
713 4110 836 4165 canistro
858 4125 902 4164 sa·

56 4195 176 4266 pen'ors.

84 4285 171 4340 tras.
188 4284 289 4341 20-23.
315 4314 350 4327 -
374 4285 553 4342 «Natalitius
572 4286 767 4343 Pharaonis.»
791 4264 939 4342 PharaoD
958 4287 1095 4360 AEgypti:
1122 4291 1151 4343 et
1176 4286 1314 4342 Dominus
1340 4291 1449 4354 noster,
1473 4291 1624 4360 postquam
1654 4286 1805 4342 distractus

55 4379 78 4427 et
91 4373 221 4429 llerodss
233 4371 324 4447 {diem
358 4375 516 4431 nativitatis
538 4376 764 4444 celebraverunt,
789 4376 857 4449 quia
872 4391 903 4430 ex

54 4460 119 4517 hura
132 4461 292 4518 nativitatis
306 4478 336 4518 se
350 4478 432 4536 reges
445 4463 532 4520 tuisse
542 4470 723 4536 putaverunt.

377 4605 491 4661 CAPUT
508 4606 574 4661 ΧΗ.

87 4729 171 4783 i’ras.
191 4732 214 4783 t.
231 4757 262 4771 -
279 4748 290 4777 ι
310 4729 375 4785 Post
389 4728 461 4784 duos
486 4745 577 4785 annos
600 4729 671 4785 vidit
694 4732 802 4786 Pharao
828 4747 903 4786 som·

55 4818 174 4872 «nium.
193 4816 313 4874 Putabat
337 4835 367 4873 se
391 4821 506 4888 stare»
532 4823 583 4874 etc.
607 4820 689 4888 (buo.
714 4821 745 4892 Q.
772 4821 801 4875 ia
826 4819 903 4888 (tea,

56 4908 120 4961 tom.
137 4904 204 4974 ill.)
223 4904 301 4962 Sicut
315 4922 413 4962 servus
427 4906 549 4963 Abrahae
573 4906 655 4978 dixit,
673 4912 746 4977 etc.,
763 4923 849 4978 usquc
868 4908 906 4963 ud

58 4992 100 5046 sbi
113 4993 248 5050 habitent
265 4997 380 5049 terrena
394 4995 537 5052 animalia.

88 5082 168 5139 teas.
192 5085 254 5139 2-8.
282 5111 318 5124 -
345 5084 384 5139 lio
416 5099 473 5156 quo
499 5083 691 5141 ascendebant
720 5090 831 5157 septem
856 5087 905 5141 bo-

61 5189 70 5215 ·
84 5185 140 5239 res,
157 5193 171 5220 »ι
191 5176 245 5226 etc.
262 5171 394 5241 (flrraors.
410 5173 442 5239 Q.
460 5172 552 5246 liebr.)
572 5175 641 5230 dece
656 5173 691 5229 de
711 5174 798 5229 tiuvio
810 5190 903 5231 ascen·

61 5257 160 5314 debant
178 5264 290 5332 septem
322 5260 411 5316 bores
437 5261 574 5332 speciosae
602 5263 816 5333 adridendum,
839 5268 904 5331 etc,

63 5361 141 5418 usque
151 5349 190 5404 od
203 5368 225 5420 χ
238 5349 367 5405 Graecam
380 5345 609 5420 copulaverunt,

90 5435 173 5493 iisne.
196 5440 273 5494 946.
298 5467 332 5479 -
361 5459 375 5487 a
390 5437 469 5493 Tunc
491 5437 608 5495 demum
631 5439 820 5495 reminiscens
843 5440 905 5511 pin-

63 5539 231 5582 ecernarum
247 5526 397 5598 mafflster,
410 5545 424 5577 ιι
436 5532 489 5583 etc.
503 5527 576 5595 Quia
584 5527 700 5601 gentiiis
709 5529 834 5602 populus
846 5533 905 5583 tan·

207 5599 350 5667 Psrson.
376 5597 485 5666 cxlii.

957 4382 1032 4431 esta
1054 4376 1135 4444 tuda,
1162 4376 1235 4432 sicut
1250 4376 1356 4447 loseph
1379 4392 1396 4430 a
1424 4375 1559 4430 iratribus
1580 4381 1607 4431 et
1637 4375 1673 4431 da
1700 4375 1805 4432 inferni

957 4481 1068 4523 carcere
1094 4464 1226 4533 surrexit,
1262 4464 1389 4520 aseendit
1415 4479 1531 4519 currum
1560 4464 1681 4519 coeiestis
1712 4464 1804 4535 regni,

957 4556 993 4611 de
1008 4570 1065 4628 qno
1084 4555 1188 4612 dicitur
1212 4551 1323 4626 psalmo
1352 4569 1445 4608 mvn:
1474 4553 1610 4609 «Currus
1634 4551 1685 4608 Dei
1707 4550 1804 4607 decem

958 4644 1084 4701 millibus
1098 4643 1248 4716 multiplex
1266 4659 1272 4699 :
1287 4665 1301 4693 a
1323 4646 1352 4697 et
1375 4642 1482 4713 accepit
1505 4645 1677 4713 potestatem
1700 4640 1804 4712 praedi·

957 4733 1041 4788 candi
1056 4731 1243 4805 etjudieandi
1263 4747 1280 4786 a
1303 4732 1395 4787 Patre.
1421 4731 1499 4785 liade
1524 4728 1596 4785 Phil.
1620 4744 1639 4783 ιι
1657 4748 1663 4783 :
1691 4727 1806 4783 «Dedit

957 4821 989 4876 eiv
1003 4836 1109 4876 nomen
1124 4819 1199 4893 quod
1214 4822 1256 4874 est
1270 4834 1357 4890 super
1371 4833 1456 4873 omne
1472 4832 1587 4882 nomen,
1604 4835 1618 4865 ιι
1642 4820 1695 4870 etc.
1720 4817 1804 4871 ricce-

957 4909 1000 4980 pit
1014 4924 1131 4981 quoque
1144 4908 1294 4976 annulum,
1312 4908 1339 4963 id
1356 4911 1409 4972 est,
1426 4906 1626 4977 pontilicatum
1645 4904 1722 4972 iidri,
1747 4921 1804 4976 quo

957 4997 1135 5053 credentium
1169 4997 1272 5052 animae
1293 4996 1391 5051 salutis
1412 4995 1496 5065 signo
1518 4994 1678 5065 signantur,
1704 4995 1806 5050 tronti·

958 5088 1068 5159 busque
1080 5090 1109 5142 et
1123 5085 1256 5141 cordibus
1275 5084 1378 5141 nostris
1393 5098 1444 5155 per
1458 5082 1573 5152 signum
1596 5084 1688 5137 crucis
1712 5082 1805 5155 ligura

958 5174 1057 5231 eterni
1072 5173 1148 5244 regis
1162 5171 1350 5245 imprimitur.
1377 5168 1507 5225 induitur
1530 5169 1602 5224 stola
1626 5169 1751 5241 byssina.
1776 5171 1805 5225 id

958 5269 1010 5328 est,
1033 5277 1117 5316 carne
1145 5265 1242 5316 sancta
1257 5261 1339 5330 bysso
1360 5256 1566 5329 splendidiore,
1595 5262 1624 5311 et
1657 5259 1730 5313 stola
1757 5259 1806 5312 mi-

958 5348 1148 5407 mortaiitatis.
1176 5348 1291 5419 Accepit
1314 5362 1430 5418 quoque
1458 5350 1590 5417 torquem
1623 5359 1750 5409 auream,
1776 5344 1805 5401 id

958 5443 1011 5504 est,
1026 5437 1200 5491 intellectum
1213 5436 1332 5490 honum.
1349 5434 1445 5488 Praeco
1460 5431 1602 5487 antecedit
1617 5446 1694 5500 eum,
1709 5432 1737 5488 id
1752 5437 1804 5496 est,

957 5529 1080 5583 loannes
1095 5524 1230 5598 Baptista,
1246 5523 1297 5597 qui
1320 5521 1360 5580 ait
1386 5523 1485 5579 ilalth.
1503 5537 1553 5576 m:
1578 5544 1588 5569 ι
1608 5522 1706 5577 Parate
1730 5520 1805 5577 viam
