3892 6106
48 245 107 301 709
595 244 724 300 GLOSSh
743 245 946 303 ortolanum.
966 277 1000 287 -
1021 247 1084 302 ile.
1105 247 1116 303 1
1137 245 1270 301 ESDRAE.
1759 251 1811 304 tto

89 366 259 422 Vsas.15.·
300 365 680 438 ΰοπρνεραυίααιεηι.(Βει>1,
697 366 778 438 seio.)
794 367 944 422 Nomenti
963 367 1126 421 societatem
1154 368 1309 421 electorum
1343 373 1372 422 et
1397 383 1491 421 arcem
1528 368 1594 422 vitae
1629 370 1811 440 perfectionis

48 454 108 508 boc
118 454 175 509 loci
190 471 248 509 non
263 454 332 509 alibi
343 471 388 509 me
404 456 506 527 legisse
523 455 652 523 memini,
666 459 729 518 etc..
757 471 842 526 usqae
869 456 907 510 ad
962 457 1044 527 quasi
1072 473 1138 511 vasa
1170 461 1266 511 sancta
1295 455 1330 510 ad
1362 458 1504 528 templum
1531 457 1647 512 Domini
1671 458 1812 513 efficacius
1900 438 1910 477 ³

49 543 239 614 copiamsibi
267 543 465 598 ministrorum
496 544 600 598 domus
626 543 677 597 Dei
704 545 832 615 providit
854 561 908 615 per
960 545 1180 601 transferamus.

50 648 130 703 qnos
158 633 365 703 lerosolymam
389 632 508 688 venicus
524 648 589 703 quae
605 632 635 687 in
658 633 758 703 templi
773 649 841 688 usus
854 649 906 687 ue·
995 636 1076 688 Vsus.
1101 637 1144 690 32.
1163 664 1199 676 —
1217 635 1424 695 Etmaaslmaa,
1449 635 1511 704 (ln,
1548 634 1631 701 ibid.)
1659 637 1727 691 Tres
1751 635 1812 690 dies

50 718 180 774 cessaria
195 723 262 774 sunt
276 719 435 790 perficeret.
961 727 1095 777 manetur
1109 722 1139 777 in
1153 723 1320 785 Jerusalem,
1337 727 1402 787 etc,
1417 737 1502 791 usqae
1516 723 1554 776 ad
1568 724 1651 793 qnasi
1661 730 1727 795 post
1740 741 1812 796 gau-

87 807 173 861 Vnus.
188 811 231 861 ll.
246 837 281 846 -
297 810 332 863 et
346 809 410 877 misi
423 822 466 862 eos
481 807 518 862 ad
533 806 620 862 Eddo.
651 807 718 876 (la,
732 808 813 879 ibid.)
834 809 907 863 blare
961 811 1040 865 diurn
1056 810 1198 867 triduanae
1214 810 1371 864 mansionis
1382 808 1411 863 in
1426 809 1583 864 Jerusalem
1599 810 1634 864 ob
1651 811 1770 866 donaria
1785 816 1814 866 et

51 896 192 967 Caspium
207 896 364 950 secuudum
386 895 531 963 Orosium,
548 901 614 961 etc.,
628 911 714 966 usaue
732 897 769 951 ad
796 898 908 968 quibus
963 915 1028 953 vasa
1042 900 1168 970 pretiosa
1182 915 1246 970 qnae
1271 899 1447 964 obtulerunt,
1474 898 1597 968 amplius
1621 898 1811 954 honorantur.

52 984 201 1054 adjunctis
216 985 317 1040 Esdras
331 984 362 1039 iu
383 985 508 1039 exercitu
536 1001 587 1039 sno
604 985 683 1039 mille
710 984 907 1056 septingento-
998 990 1080 1042 Vens.
1102 989 1146 1043 ³4.
1175 1016 1207 1027 -
1237 989 1470 1056 Descriptumoue.
1500 984 1563 1055 (lu,
1586 985 1668 1057 ibid.)
1694 988 1752 1041 Hoc
1778 987 1813 1041 lit

54 1090 122 1129 rum
133 1090 226 1145 prope
247 1072 680 1129 virorumsummambabuisse
695 1074 851 1144 reperitur.
963 1093 1028 1132 cnm
1050 1077 1181 1131 doctores
1219 1074 1346 1131 studiose
1375 1073 1462 1128 vitam
1495 1072 1662 1128 examinant
1687 1074 1813 1130 subdito·

94 1163 176 1217 Vens.
202 1165 247 1217 ul.
272 1193 306 1201 -
333 1165 369 1218 Et
392 1163 545 1232 manicavi
571 1162 612 1216 ibi
635 1162 783 1232 jejuniam.
809 1163 908 1233 (Bane,
965 1182 1040 1232 rum,
1071 1172 1137 1235 etc,
1153 1180 1238 1234 usque
1255 1164 1292 1218 ad
1307 1168 1336 1218 nt
1351 1163 1439 1234 digua
1453 1163 1483 1217 iu
1497 1163 1576 1216 caelis
1590 1162 1712 1218 donetur
1726 1165 1811 1219 retri-

56 1253 154 1307 Mmil.
191 1251 228 1321 8.)
259 1253 349 1307 Datur
379 1251 461 1306 nobis
497 1250 662 1322 exemplum
699 1249 852 1320 jejunandi
882 1255 910 1305 et
968 1253 1096 1310 butiana.
1447 1316 1453 1323 ¹

56 1341 172 1407 orandi,
198 1345 264 1403 etc,
291 1354 375 1409 usqae
400 1340 438 1394 od
464 1344 493 1394 et
524 1339 565 1393 sic
591 1343 663 1404 oret,
693 1354 746 1393 uec
773 1354 910 1410 prospere
999 1344 1081 1397 Vens.
1100 1344 1144 1398 35.
1162 1372 1196 1380 -
1220 1341 1314 1398 Sedet
1330 1343 1530 1410 uolnerarent.
1546 1340 1608 1412 (lu.)
1632 1341 1734 1411 hlagna
1761 1342 1811 1397 de-

57 1440 200 1486 ercntnra
217 1446 281 1501 ques
296 1430 432 1501 postulat,
448 1428 571 1485 dubitet.
964 1431 1041 1486 vatio
1070 1435 1099 1485 et
1123 1428 1225 1499 religio
1253 1429 1423 1494 ostenditur,
1453 1445 1519 1482 cum
1551 1429 1750 1499 pervenientes
1775 1429 1811 1484 ad

93 1517 178 1572 Vens.
195 1520 238 1572 25.
258 1547 292 1558 —
317 1516 497 1588 Appendioae
515 1518 552 1570 eis
574 1521 727 1585 oracutum,
749 1520 775 1570 et
801 1529 909 1582 auram,
966 1519 1107 1591 templum
1133 1518 1226 1589 primo
1255 1517 1386 1571 omniurn
1408 1516 1572 1571 holocausta
1589 1517 1723 1585 ollernnt,
1752 1533 1812 1573 non

56 1611 83 1660 et
96 1620 168 1660 vaso
182 1609 346 1659 consecratu.
364 1604 416 1673 (iu.
435 1605 464 1657 r'u
482 1602 612 1670 Esdram,
632 1607 703 1657 tom·
721 1601 769 1671 li)
786 1601 839 1654 Pur
864 1617 909 1654 rr·
930 1646 952 1702 Β
966 1613 1078 1664 tantum
1092 1623 1143 1679 pro
1153 1605 1265 1677 seipsis,
1279 1605 1327 1660 sed
1343 1605 1429 1660 etiam
1441 1622 1492 1677 pro
1509 1605 1589 1660 omni
1603 1607 1698 1677 lsrael,
1713 1605 1742 1661 id
1758 1611 1811 1672 est,

58 1697 192 1763 gentum,
208 1697 236 1746 et
250 1706 364 1759 eurum,
381 1695 410 1744 et
423 1706 490 1744 rasa
507 1705 573 1760 quoe
599 1689 634 1744 dr
658 1687 802 1759 Babylone
828 1689 911 1742 lero·
966 1713 1019 1768 pro
1034 1696 1075 1750 eis
1094 1695 1144 1766 qui
1155 1695 1217 1766 jain
1242 1695 1362 1750 domum
1381 1694 1487 1750 reversi
1512 1696 1634 1761 luerent,
1651 1704 1679 1750 ct
1703 1695 1815 1765 praeis

57 1781 202 1852 solymam
216 1779 380 1845 mittuntur,
397 1784 462 1841 etc„
476 1793 561 1848 usque
576 1777 613 1832 ad
625 1782 653 1831 et
672 1792 724 1848 per
738 1791 912 1831 successores
966 1785 1017 1858 qui
1028 1785 1121 1839 adhuc
1132 1783 1310 1838 exsulabant,

57 1886 162 1926 eurum
182 1886 273 1941 usqne
287 1869 323 1923 ad
337 1870 427 1923 tinem
441 1867 611 1923 edificanda
625 1871 677 1921 est.
1004 1873 1116 1945 llystice
1130 1879 1228 1927 autem
1243 1873 1286 1928 illi
1296 1873 1463 1928 veracitater
1478 1878 1506 1929 et
1526 1873 1651 1946 perfecte
1664 1873 1815 1945 captivita-

92 1957 253 2029 (lu.,ibid.l
271 1957 361 2012 Distat
376 1957 451 2011 inter
464 1957 526 2011 brec
551 1971 699 2028 rasaque
716 1955 819 2011 Esdrea
846 1970 911 2010 eum
965 1968 1025 2017 tem
1038 1961 1154 2029 diaboli,
1174 1961 1244 2033 quia
1262 1963 1407 2032 peccando
1430 1964 1616 2032 tenebantur,
1650 1962 1816 2033 poenitendo

57 2046 257 2102 sacerdotibus
270 2045 478 2115 lerosolymam
495 2044 586 2111 offert,
598 2047 626 2098 el
645 2059 678 2097 ee
697 2060 762 2114 quae
786 2043 913 2098 Zorobr-
966 2054 1126 2113 evaserunt,
1139 2051 1189 2121 qui
1204 2066 1233 2104 se
1247 2051 1304 2104 lixa
1315 2050 1474 2106 intentione
1490 2051 1586 2106 divino
1613 2051 1729 2106 servitio
1752 2051 1817 2106 sub-

57 2138 103 2193 bel
131 2140 161 2190 et
173 2136 256 2191 lesus
270 2133 407 2190 obtulisse
421 2134 603 2189 referuntur:
620 2132 689 2203 qnia
703 2133 754 2187 illa
779 2133 814 2188 de
834 2137 912 2186 tcm—
967 2141 1050 2206 dunt,
1067 2137 1117 2209 qui
1131 2142 1206 2192 totos
1216 2153 1246 2191 se
1257 2137 1293 2191 ab
1308 2137 1417 2192 inlinris
1431 2139 1598 2207 abstractos,
1615 2138 1734 2193 llamma
1761 2154 1817 2193 coe·

57 2227 107 2299 plo
118 2223 237 2279 Domini
255 2223 393 2278 transiri&
416 2226 483 2277 ³11¹st
507 2221 538 2276 in
566 2221 749 2292 Babylonem,
767 2225 796 2275 ri
819 2225 913 2275 iram·
966 2227 1044 2283 lestis
1057 2225 1191 2281 desiderii
1211 2224 1381 2281 accendunt.
1397 2228 1454 2280 lluc
1469 2232 1512 2281 est
1539 2227 1616 2281 enim
1639 2226 1816 2294 holocausta,

58 2314 203 2370 istasunt
226 2312 257 2367 iu
281 2312 459 2367 Jerusalem:
500 2310 562 2365 hmo
589 2309 619 2364 in
647 2309 802 2380 Babylonia
828 2308 910 2372 fecie,
967 2317 1062 2382 idest,
1090 2321 1149 2370 toln
1168 2314 1285 2369 incensa
1300 2314 1437 2369 sacrillcia
1456 2315 1576 2370 Domino
1602 2315 1717 2383 offerre,
1743 2315 1817 2370 nibil

59 2404 111 2458 sed
133 2399 294 2457 devotionis
307 2399 400 2471 gretie
420 2399 626 2470 lerosolymam
653 2397 738 2452 mirra
752 2413 770 2450 a
784 2413 854 2468 rege
868 2396 912 2451 rel
968 2405 1024 2461 nisi
1039 2404 1101 2475 ejas
1115 2403 1288 2458 voluntalem
1306 2403 1335 2457 in
1350 2403 1486 2458 omnibns
1501 2405 1628 2474 cogitare
1644 2405 1688 2459 rel
1709 2404 1815 2459 lacere.

59 2489 241 2563 principibus
266 2489 429 2555 Persarum,
455 2489 497 2542 vel
520 2487 607 2542 etiem
634 2503 651 2540 u
674 2486 783 2557 populo
814 2485 912 2553 lsrael,
1004 2493 1164 2548 Obtulcrulti
1186 2492 1414 2546 holocaustomata
1439 2494 1500 2557 Deo,
1526 2496 1580 2546 alc.
1615 2492 1817 2547 Non'taatum

60 2578 156 2651 quiin
172 2579 229 2634 iliis
243 2576 373 2648 pertibus
387 2577 562 2633 morabatur.
580 2576 632 2629 lile
658 2590 727 2645 ergo
743 2590 807 2628 vasa
823 2573 913 2645 signi·
968 2596 1073 2652 prosa,
1090 2579 1226 2635 perfectae
1239 2579 1562 2647 montisindiciumost‚
1578 2597 1644 2636 aum
1671 2580 1737 2652 quis
1765 2596 1819 2651 pro
1865 2634 1868 2638 ¹

61 2664 518 2736 licanteosquipostacceptam
542 2662 676 2718 notitiam
693 2666 915 2717 etsacramenta
969 2666 1302 2733 omnilsraelimmolat‚
1331 2666 1361 2720 id
1381 2673 1432 2734 cst,
1453 2684 1505 2738 pro
1534 2668 1661 2739 generali
1687 2666 1818 2722 lidelium

62 2755 142 2818 lidei,
158 2761 225 2826 post
236 2754 370 2809 inchoata
382 2754 521 2807 virtutum
534 2768 631 2824 opera,
643 2750 755 2819 decepti
768 2767 784 2804 e
799 2749 914 2804 diabolo
970 2756 1114 2826 sospitate,
1133 2755 1215 2826 quasi
1238 2755 1356 2810 unitatis
1384 2761 1413 2810 et
1428 2756 1615 2812 fraternitatis
1634 2773 1746 2812 memor
1768 2774 1819 2813 su·

63 2845 219 2917 rapiuntur
233 2843 263 2898 in
278 2843 475 2898 confusionem
499 2856 610 2909 eorum,
627 2840 675 2894 sed
689 2838 794 2895 Christi
822 2839 915 2910 gratie
969 2860 1068 2915 pernae
1082 2844 1184 2914 pietati
1196 2844 1349 2916 supplicat.

63 2931 284 2989 revocanturad
311 2932 454 2996 salntem;
480 2930 541 2984 haec
564 2934 662 2983 antem
688 2928 754 2982 illos
777 2927 828 2999 qui
849 2932 950 2988 cumC
1008 2932 1086 2986 lens.
1112 2933 1155 2986 36.
1173 2934 1257 2987 -Et
1293 2932 1465 2986 eleuaaeruot
1485 2933 1625 3003 populum.
1654 2933 1747 3004 (Aua.)
1766 2933 1818 2989 or-

63 3028 181 3094 peccato
202 3020 304 3092 primae
333 3017 569 3090 transgressionis
590 3017 660 3083 nati,
690 3032 744 3087 per
769 3017 914 3070 lavacrum
969 3019 1065 3074 nando
1081 3019 1316 3088 rariisdonariis,
1333 3036 1398 3092 quae
1413 3037 1463 3076 rex
1477 3026 1505 3076 el
1519 3021 1676 3077 consiliarii
1694 3027 1723 3076 et
1737 3022 1820 3094 prin-

63 3109 293 3182 regeneratiouis
316 3107 495 3163 sacerdotnm
505 3104 667 3160 ministerio
692 3104 809 3177 expiati,
834 3104 913 3158 Eccl·
969 3107 1046 3178 cipes
1071 3108 1133 3179 ejus
1148 3108 1296 3176 miserant,
1317 3108 1465 3164 ministros
1480 3124 1594 3180 quiaque
1608 3114 1636 3163 el
1656 3110 1819 3165 sacerdotes

64 3200 112 3254 siae
127 3199 197 3254 tiliis
208 3201 413 3270 aggregantur.
969 3196 1047 3251 illius
1061 3197 1097 3251 ab
1112 3196 1246 3251 omnibns
1261 3196 1402 3268 angustiis
1416 3197 1573 3252 liberando.

100 3288 182 3343 Vsus.
198 3289 244 3342 28.
259 3286 466 3343 -Vorsaucls'
482 3285 591 3340 mmihi
605 3285 678 3339 estu.
711 3283 832 3354 Oportet
862 3282 914 3338 do·
1006 3283 1128 3356 llystice.
1140 3287 1267 3356 Populus
1281 3291 1310 3339 et
1324 3285 1465 3357 templum
1481 3285 1531 3341 [lei
1545 3301 1632 3341 unam
1646 3284 1675 3340 e't
1687 3286 1819 3343 eamdem

63 3383 157 3433 etores
172 3374 303 3431 Ecclesia
318 3371 829 3445 nunquamobliriscisanctimoniae,
846 3370 916 3442 quia
970 3373 1100 3430 Ecclesia
1116 3374 1239 3446 liguram
1252 3377 1361 3441 tenerit,
1383 3390 1470 3445 quam
1486 3374 1560 3429 leret
1588 3374 1690 3430 Esdras
1716 3375 1820 3431 attilii

65 3465 220 3522 allomino
247 3468 314 3519 sunt
339 3462 561 3532 consecratiper
583 3459 721 3530 Spiritum
736 3463 868 3513 sanctam
882 3458 916 3514 in
969 3461 1232 3534 transmigrationis
1258 3461 1361 3517 ablatis
1383 3462 1419 3517 de
1449 3462 1591 3534 Babylone
1619 3462 1706 3517 sacris
1732 3464 1818 3531 vasis,

67 3555 112 3611 die
140 3552 360 3625 redemptionis,
378 3553 415 3607 ad
438 3567 525 3622 quarn
540 3549 750 3618 suscipiendam
763 3547 850 3603 etiam
864 3564 915 3602 au·
970 3567 1036 3606 cerm
1065 3550 1267 3622 predicatores
1288 3555 1477 3622 aggregantes
1501 3550 1529 3604 ei
1554 3551 1674 3621 J'uvaule
1695 3552 1820 3607 Domino

67 3644 173 3699 ditorm
184 3642 344 3709 instituant,
359 3646 392 3696 ut
406 3640 456 3712 qui
468 3641 528 3711 jam
545 3639 666 3693 Domino
681 3637 770 3692 oblati
783 3642 851 3692 sunt
864 3652 917 3705 per
972 3637 1248 3694 noroscredeulinm
1264 3637 1397 3708 populos,
1411 3637 1610 3693 honorabilem
1632 3656 1695 3694 eam
1723 3641 1819 3696 omni·

68 3732 234 3788 rudimenta
250 3729 495 3799 fidei,etiamper
512 3726 676 3798 eoremqui
697 3726 729 3780 in
759 3725 815 3780 lide
839 3741 915 3797 pree-
970 3727 1024 3782 bns
1034 3732 1063 3781 et
1076 3726 1235 3780 terribilem
1248 3725 1397 3781 exhibent.
1417 3726 1489 3780 ltem
1503 3741 1568 3780 cum
1583 3742 1631 3781 eos
1644 3744 1819 3798 quosexem-

67 3825 213 3876 cesserunt
227 3820 356 3890 exempla
370 3823 399 3872 ct
414 3816 524 3871 monita
547 3814 638 3886 magis
654 3814 872 3881 confirmentur,
888 3817 917 3869 et
971 3816 1025 3887 plis
1035 3815 1065 3869 iu
1076 3814 1152 3869 bona
1167 3813 1382 3868 conversatione
1398 3813 1550 3868 instituere
1564 3815 1608 3868 rel
1620 3816 1713 3887 vergis
1728 3833 1819 3886 usqne

67 3925 202 3982 supernae
221 3908 342 3963 ciuitatis
354 3905 475 3961 introitu
489 3904 569 3972 digni
584 3902 753 3958 alliciantur.
970 3904 1006 3958 ad
1023 3902 1180 3958 caelestium
1195 3901 1409 3974 perceptionem
1430 3901 1617 3974 premiorum
1636 3912 1816 3974 promovent,

101 4005 182 4054 veae.
199 3999 244 4052 29.
260 4028 294 4038 -
313 3997 432 4064 Vigilate
456 3998 482 4048 et
510 3992 651 4049 custodite.
675 3990 860 4062 vigilandum
874 3995 917 4046 est
971 3993 1015 4047 vel
1030 3991 1207 4063 provehunt:
1223 3991 1648 4062 lerantpopnlnmindomum
1673 3992 1733 4062 Dei,
1750 3995 1819 4064 qnia

66 4086 271 4153 sacerdotibus,
287 4102 323 4140 ne
347 4083 456 4157 quade
480 4082 534 4137 sibi
562 4080 678 4136 creditis
697 4080 860 4148 animabus,
886 4078 916 4134 id
971 4082 1149 4150 magnumst
1163 4079 1344 4133 manentibus
1360 4077 1390 4132 iu
1412 4094 1538 4149 superna
1560 4080 1664 4151 patria,
1688 4085 1717 4135 et
1730 4097 1816 4152 pere·

68 4182 115 4242 est,
147 4177 222 4231 vasis
243 4173 488 4245 Dominipereat:
516 4171 566 4226 sed
589 4170 701 4241 integro
730 4184 851 4224 numero
882 4168 917 4224 ad
971 4165 1152 4238 griuantibus
1166 4165 1259 4221 adbuc
1280 4165 1311 4220 in
1329 4170 1402 4219 terra
1417 4167 1514 4221 electis
1528 4167 1667 4238 gaudium
1693 4169 1814 4226 iaciunt.

68 4261 429 4321 sanctaerirtutisaeditlcia
443 4260 648 4333 perducantur,
928 4277 951 4331 ῃ
1006 4257 1093 4326 (Baua
1110 4258 1141 4310 iu
1163 4255 1290 4323 Esdram,
1312 4253 1362 4309 lib.
1386 4271 1416 4323 n,
1435 4260 1505 4311 tour.
1536 4256 1590 4328 ll.)
1624 4258 1690 4312 Hac
1721 4262 1818 4313 autem

103 4359 192 4412 Donec
208 4352 383 4425 appendatis.
412 4350 468 4405 Eos
490 4349 607 4415 scilicet,
628 4363 701 4420 quos
715 4361 840 4417 superna
856 4345 918 4401 dis-
971 4346 1160 4416 transgressio
1175 4345 1205 4400 in
1228 4343 1517 4414 ldaluchiaprophete
1543 4345 1694 4402 manifeste
1712 4346 1819 4403 descri-

68 4445 174 4517 positio
188 4443 270 4498 robis
283 4440 438 4507 commisit,
455 4439 527 4495 tales
547 4435 716 4492 instruendo
739 4440 767 4491 et
789 4434 918 4490 docendo
970 4440 1031 4506 pla,
1045 4439 1111 4496 etc„
1122 4449 1206 4503 usqne
1219 4434 1257 4488 uel
1272 4432 1402 4488 releruut
1413 4448 1527 4487 causam
1542 4433 1576 4488 ad
1592 4434 1762 4507 principem,
1788 4436 1817 4492 id

70 4533 237 4600 exhibeatis,
254 4532 305 4604 qni
323 4526 589 4602 irreprehensibiles
603 4525 798 4590 inveniantur,
815 4526 844 4578 et
858 4524 918 4594 apti
971 4528 1024 4589 est,
1048 4523 1306 4593 archiepiscopum,
1332 4522 1415 4594 cajus
1436 4521 1605 4578 auctoritate
1619 4524 1751 4597 expietur
1765 4525 1817 4581 lla·

70 4627 204 4682 thesauro
227 4622 301 4677 auiae
323 4619 453 4686 cmlestis,
469 4617 565 4685 idest,
582 4613 696 4669 sedibus
711 4619 827 4668 aeternae
841 4612 919 4683 pacis
971 4612 1088 4684 gitium.

71 4719 98 4769 et
111 4712 194 4778 lucis,
223 4714 252 4765 et
275 4709 330 4765 boc
351 4723 411 4763 uon
433 4704 544 4778 jndicio
560 4700 756 4775 quorumlibet
783 4699 834 4772 qui
858 4699 918 4754 lulli
1007 4699 1120 4771 ldystice
1135 4702 1231 4754 autem
1245 4715 1350 4754 uxores
1369 4699 1549 4771 alienigena,
1576 4700 1699 4757 hareses
1718 4707 1747 4758 et
1769 4719 1817 4758 su·

70 4803 203 4870 possunt,
220 4796 271 4852 sed
285 4794 480 4867 apostolorum
492 4797 521 4848 et
535 4805 636 4847 eorum
653 4788 703 4860 qni
717 4803 783 4842 cum
797 4785 918 4841 llomiuo
971 4778 1818 4863 perstitiosasphilosophorumsectassignilicant,quoecum

71 4886 313 4960 suntjudicaturi.
330 4884 365 4939 lii
392 4882 471 4938 enim
486 4880 589 4936 merito
607 4882 675 4934 sunt
702 4876 846 4948 principes
875 4890 919 4928 sa·
971 4877 1002 4933 in
1018 4877 1169 4933 Ecclesiam
1194 4878 1307 4933 incaute
1334 4877 1534 4941 admittuntur,
1561 4894 1659 4933 semen
1689 4885 1818 4935 muctam

73 4976 224 5032 cerdotnm
237 4979 267 5030 at
285 4971 449 5028 heritarum
464 4974 493 5025 et
519 4968 604 5024 duces
620 4965 796 5020 familiarum
820 4962 917 5031 lsrael,
972 4967 1119 5021 catholicas
1133 4967 1260 5021 veritatis
1274 4972 1302 5021 el
1323 4982 1403 5037 pura
1425 4965 1546 5020 actionis
1564 4983 1659 5023 errore
1679 4969 1819 5024 contami·

70 5066 166 5131 idest,
182 5064 312 5119 virorum
331 5063 376 5117 rel
399 5060 563 5115 animarum
578 5059 669 5113 Deum
692 5052 852 5108 ridentium
867 5051 916 5106 iu·
972 5060 1051 5110 naut.
1068 5057 1185 5111 Peccata
1200 5070 1314 5126 quoque
1331 5053 1428 5109 omnia
1444 5054 1548 5126 quibus
1564 5056 1670 5111 ethnici
1683 5059 1818 5130 polluun-

71 5156 251 5226 telliguntur,
271 5150 429 5223 dequibus
458 5148 581 5204 dicitur:
603 5146 811 5202 Coastilaeseos
836 5144 918 5212 prta·
972 5149 1030 5211 tur,
1048 5144 1118 5198 dnm
1142 5142 1295 5199 Christiani
1319 5158 1378 5197 non
1398 5143 1571 5198 erubescunt
1590 5143 1708 5210 imitari,
1734 5148 1817 5219 quasi
1905 5206 1909 5213 ,

71 5248 140 5314 cipes
168 5258 251 5312 saper
280 5255 384 5296 omnem
415 5243 517 5294 terram
539 5236 624 5308 (Psoi.
652 5232 749 5304 xciv);
774 5236 802 5287 et
830 5230 917 5286 alibi:
973 5229 1819 5305 perurorssalienigenasdegeneranlassminererbiosi,

71 5332 316 5402 Nooaainporlo
334 5328 461 5398 oet-ejas,
974 5322 1159 5393 quofnerant
1182 5318 1322 5390 generati,
1350 5319 1508 5374 secundnm
1540 5320 1630 5376 illud:
1662 5323 1821 5378 Voluntaria

103 5423 301 5478 Promooimus.
315 5419 413 5488 (Baua,
428 5413 511 5487 ibid.)
538 5411 640 5488 Omnia
668 5415 736 5466 sunt
753 5410 840 5481 plena
855 5424 918 5479 my·
973 5411 1064 5477 amuel
1076 5423 1123 5463 aas
1146 5406 1233 5473 uerba
1261 5411 1312 5461 etc.
1328 5408 1403 5478 (Jac.
1420 5408 1497 5479 1),et
1518 5408 1600 5479 quasi
1616 5409 1765 5480 profanam
1785 5409 1820 5466 de
1886 5478 1892 5487 ἱ

71 5512 175 5581 storiis,
189 5514 257 5578 eta,
277 5523 362 5580 usque
374 5507 413 5563 ad
426 5521 484 5578 qua
498 5503 590 5575 adiuti
604 5501 716 5558 animas
729 5498 860 5556 lidelium
881 5497 918 5553 ad
972 5495 1085 5552 filiabus
1099 5499 1264 5552 exterorum
1276 5494 1403 5551 sobolem
1411 5501 1574 5568 procreant,
1588 5498 1658 5553 dum
1672 5499 1821 5555 illecebras
