3892 6106
139 256 187 310 851
452 252 651 307 wattl'ntltl
671 249 794 306 Sl'ltanl
814 252 912 307 FULD.
935 251 1016 306 ΜΘΝ.
1038 247 1117 303 ΟΡΡ.
1136 247 1223 302 valis
1242 247 1263 301 l.
1279 273 1311 284 -
1331 243 1560 300 Tlltotoolon.

1845 239 1898 293 est

138 370 234 441 xxvrl:
252 375 392 427 »ettunc
409 386 467 426 non
493 371 713 443 permanebunt,
751 371 804 427 etsi
827 368 1271 426 misericor-Aaedificaverunt.
1294 364 1364 420 [licit
1391 381 1459 436 ergo
1479 365 1577 419 hieu
1604 364 1723 434 Sana,»
1753 379 1790 419 no
1814 363 1853 418 ibi
1866 363 1901 416 sit

140 459 216 515 diam
232 460 293 530 ejus
303 460 469 515 habuerint.

176 550 261 603 Vens.
290 552 315 604 6.
340 567 404 599 -c
429 549 525 620 Neque
548 550 761 619 permanebunt
781 549 889 621 injusti.
906 570 918 602 a
936 549 990 616 Q'ni

141 638 217 692 mala
243 637 360 692 faciunt.
391 637 460 691 Nam
484 635 568 692 odisti
593 639 643 709 qui
665 643 833 708 operantur,
856 655 914 693 non
940 639 990 710 qai

141 726 250 796 operati
264 729 341 780 sunt.

176 815 256 869 Vens.
274 818 301 869 7.
316 835 380 863 -ι
410 813 515 869 Perdes
539 815 704 886 omnesqui
725 815 884 887 loquuntur
909 831 989 870 men·

141 903 265 958 dacium.
285 923 296 950 ι
313 901 402 973 (boo.)
419 903 490 967 Quia
514 903 569 958 hoc
597 910 641 959 εει
666 904 777 958 veritati
803 904 987 959 contrarium.

141 991 250 1046 Veritas
261 997 303 1046 est
312 991 346 1046 de
360 1007 394 1045 oo
409 991 487 1062 quod
512 996 563 1045 est.
594 991 770 1048 Mendacium
783 1008 841 1047 non
866 998 909 1046 est
924 993 990 1046 sub·

141 1081 244 1135 stantia
264 1081 307 1134 vel
321 1085 433 1140 natura,
457 1080 508 1134 sed
530 1080 564 1134 de
588 1097 621 1134 eo
645 1080 721 1152 quod
737 1096 795 1134 non
820 1087 874 1148 est,
891 1086 919 1136 et
934 1097 991 1135 mc·

140 1168 197 1224 rito
216 1168 356 1239 perditur,
383 1168 458 1238 quod
488 1168 611 1222 declinat
643 1168 678 1223 ab
694 1184 727 1222 co
752 1170 828 1240 quod
850 1172 941 1224 estad
961 1169 990 1224 id

1044 475 1125 531 opus,
1140 459 1215 513 uude
1231 457 1345 512 subdit:
1364 477 1375 506 v
1398 457 1544 512 lliserere.
1564 477 1574 504 ε

1081 549 1161 603 Vens.
1177 552 1202 602 3.
1227 569 1286 594 -ι
1307 545 1479 600 lufivmus.»
1508 544 1604 614 (buo.)
1619 545 1715 600 naam
1740 543 1901 598 infirmatur

1043 637 1149 700 anima,
1163 652 1246 706 aquo
1268 651 1348 707 saue,
1370 633 1439 705 quia
1454 648 1527 701 ossa,
1555 632 1652 700 idest,
1684 648 1769 686 mens
1785 637 1900 686 coutur-

1043 725 1127 780 batnr
1141 724 1176 779 ad
1202 722 1393 793 praesentiam,
1418 727 1447 776 et
1461 722 1567 786 anima,
1585 721 1612 775 il
1637 725 1692 781 est,
1709 720 1899 774 sensualitas:

1043 829 1121 883 evgo,
1138 828 1288 882 usquequo
1307 811 1415 874 differs,
1431 809 1512 881 qnasi
1523 809 1617 864 dicat:
1635 808 1711 874 Quid
1729 813 1822 862 restat
1835 809 1900 880 quin

1044 901 1170 955 sauesla
1188 901 1351 970 Usquequo.
1371 921 1382 946 ›
1400 897 1597 968 (Auelluuuit
1609 914 1639 952 se
1657 897 1710 953 diu
1724 897 1829 951 luctari
1840 914 1900 952 cum

1044 988 1129 1043 vitiis.
1151 990 1214 1042 Non
1240 992 1282 1042 est
1303 991 1400 1042 autem
1423 986 1575 1042 crudelitas
1595 986 1697 1041 dilatio
1727 986 1793 1054 Dei,
1810 986 1856 1041 sed
1870 993 1899 1041 ut

1043 1077 1214 1148 persuadeat
1244 1077 1357 1142 enimae,
1387 1075 1417 1130 in
1442 1092 1506 1147 quae
1529 1075 1603 1131 mala
1637 1091 1668 1130 se
1698 1074 1896 1146 praecipitavit.

1046 1167 1179 1220 Nondum
1206 1164 1283 1220 enim
1312 1169 1371 1218 tam
1401 1163 1525 1234 perfecte
1549 1168 1621 1228 orat,
1653 1169 1686 1217 nt
1720 1163 1750 1217 ei
1776 1165 1896 1217 dicatur:

141 1257 218 1327 quod
240 1273 297 1310 non
316 1260 368 1311 est.
387 1255 488 1325 (Idtd.)
515 1256 628 1311 Mentiri
657 1262 699 1310 est
718 1256 796 1328 loqui
823 1264 922 1312 contra
936 1259 991 1312 hoo
1047 1253 1174 1308 «Adbuc
1189 1260 1216 1308 le
1230 1253 1365 1324 loquente
1386 1252 1488 1319 dicam,
1505 1267 1569 1307 ecce
1585 1251 1688 1306 adsum
1710 1253 1784 1323 (Iso.
1800 1254 1896 1323 mvl.»

142 1344 219 1416 quod
242 1344 338 1399 animo
368 1344 499 1399 sentitur.
524 1344 621 1415 (loia.)
646 1344 718 1400 Sunt
737 1346 886 1401 mendacia
911 1363 989 1418 qum·
1044 1342 1079 1397 Ut
1091 1359 1124 1397 ex
1139 1342 1306 1397 difficultate
1331 1341 1488 1396 sanationis
1513 1341 1580 1396 inde
1598 1341 1692 1412 magis
1722 1340 1895 1407 caveatsibi,

141 1433 207 1487 dnm
219 1448 271 1504 pro
284 1433 384 1498 salute,
404 1437 469 1500 etc,
491 1449 575 1505 usque
604 1434 641 1487 od
661 1449 718 1487 uon
748 1435 870 1504 cogitavi
894 1436 991 1491 turen·
1044 1436 1073 1486 et
1100 1437 1130 1484 ut
1156 1433 1323 1486 ostendatur
1349 1446 1414 1502 qum
1439 1445 1524 1499 poena
1552 1429 1589 1484 sit
1619 1445 1680 1484 nou
1697 1430 1854 1496 conversis,
1877 1429 1897 1485 si

141 1524 292 1591 temposse
308 1526 445 1590 repetere.
1044 1523 1125 1572 tanta
1162 1519 1314 1574 diflieultas
1341 1518 1377 1573 sit
1404 1517 1557 1586 conversis,
1588 1517 1689 1574 unde:
1717 1539 1731 1567 ι
1767 1518 1796 1574 si
1812 1518 1898 1590 justus

179 1610 259 1665 Vens,
276 1611 352 1664 8,-
373 1610 455 1680 «Ego
478 1614 614 1665 amem.-
642 1609 732 1681 (Auel
756 1611 861 1679 Tertio,
878 1611 947 1667 dicit
960 1629 990 1667 sa
1048 1606 1092 1660 via
1107 1607 1272 1676 salvabitur,
1297 1605 1404 1676 impius
1423 1605 1471 1660 ubi
1497 1604 1673 1677 apparebit?
1692 1627 1702 1654 ι
1723 1604 1753 1678 (l
1767 1607 1840 1661 Patr.
1856 1606 1897 1676 n.)
1940 1648 1942 1655 .

142 1697 269 1752 futuram
292 1697 411 1752 domum
432 1696 492 1765 Dei,
514 1702 542 1751 et
564 1713 640 1752 nuuc
663 1698 826 1769 proximare
847 1701 878 1754 in
890 1701 992 1756 timore
1085 1697 1165 1751 Vens.
1190 1701 1215 1752 5.
1244 1718 1306 1746 -ι
1334 1696 1515 1752 Convertere.
1538 1714 1551 1747 v
1571 1694 1672 1768 (mss.)
1701 1695 1761 1760 0¹¹1
1786 1713 1895 1751 &Versu-t

142 1791 208 1840 ente
224 1785 514 1854 consummationem,
529 1802 594 1856 quae
609 1786 726 1857 expellit
742 1788 885 1842 timorem.

181 1895 192 1920 ι
224 1873 362 1928 introibo.
379 1872 484 1945 (Cass.)
519 1876 572 1928 Per
599 1874 654 1929 boc
669 1875 806 1942 introibo,
842 1876 993 1948 quiaado-

144 1961 226 2014 rabo.
260 1960 350 2030 (leid.)
368 1961 441 2014 Petit
464 1966 562 2016 contra
589 1977 623 2016 ea
649 1977 714 2034 quae
738 1964 842 2019 aemula
868 1965 992 2036 ingerit:

144 2048 221 2103 uude
235 2048 296 2118 ipsa
310 2047 424 2118 peribit.

180 2138 260 2191 Vens.
278 2139 304 2191 9.
324 2155 389 2188 -c
420 2136 549 2203 Domine,
584 2138 721 2196 deduc.»
750 2141 844 2212 (buo.)
875 2141 993 2208 Quarto,

144 2226 298 2298 proficiens
321 2226 397 2280 inter
424 2226 630 2297 impedimenta
657 2236 720 2284 orat
742 2231 837 2301 juvari
852 2232 940 2298 intus,
958 2249 993 2286 uo

144 2314 250 2384 linguis
261 2314 367 2369 dolosis
382 2321 536 2372 avertatur.
559 2336 573 2367 c
590 2317 622 2371 ln
646 2319 759 2390 justitia
777 2324 862 2376 tua.»
892 2320 993 2391 (Cass.)

144 2403 216 2467 Quia
239 2402 411 2473 prenitentes
439 2408 468 2457 et
493 2405 635 2475 supplices
655 2408 768 2477 recipis.
782 2428 796 2457 «
813 2409 844 2462 ln
873 2425 990 2479 conspe·

143 2496 202 2546 ctu.
219 2510 233 2543 a
250 2490 404 2562 (Auo.)Ubi
430 2491 517 2546 bomo
536 2509 593 2547 uon
616 2493 701 2562 videt,
727 2495 773 2550 cui
795 2496 923 2551 laudanti
950 2497 993 2552 vel

144 2579 317 2650 vituperanti
331 2595 391 2632 nou
412 2587 454 2633 est
480 2580 674 2636 credendum:
692 2583 761 2653 qaia
787 2600 846 2638 non
874 2584 993 2656 videtin

144 2667 328 2732 conscientia,
349 2667 378 2719 in
410 2684 467 2738 qua
490 2669 545 2723 iter
570 2670 605 2724 ad
633 2671 723 2725 lleum
751 2671 895 2742 dirigitur.
925 2673 993 2728 ldeo

145 2754 257 2809 subdit:
276 2755 448 2821 «Quoniam
465 2761 579 2811 nonest
600 2758 630 2812 ia
656 2774 705 2813 ore
731 2776 832 2814 eorum
847 2761 960 2816 veritas.
977 2783 991 2811 »ε

180 2842 260 2897 Vens.
276 2846 318 2896 lo.
334 2867 392 2893 -ι
413 2845 554 2909 Quoniam
581 2851 705 2915 nonest,
723 2854 779 2903 etc.
800 2871 813 2897 »
831 2850 892 2904 Non
908 2850 993 2904 modo

1047 1800 1120 1853 eras,
1135 1785 1179 1839 vol
1194 1801 1211 1838 a
1225 1785 1359 1840 vindicta.
1379 1783 1498 1855 «Eripe,
1520 1804 1530 1831 ›
1547 1783 1583 1838 ab
1600 1783 1781 1839 imminente
1805 1790 1895 1840 morte.
1940 1854 1942 1859 Ι

1049 1872 1097 1926 Vel
1131 1872 1209 1942 eripe
1235 1872 1362 1926 animam
1387 1875 1508 1942 peccatis
1531 1872 1660 1944 ligatam.
1681 1895 1692 1922 ι
1715 1873 1834 1928 Salsum
1859 1890 1896 1928 me

1048 1960 1100 2022 fac,
1117 1965 1181 2027 etc,
1199 1983 1209 2009 ι
1226 1960 1320 2015 dando
1336 1960 1463 2015 virtutes.

1085 2048 1208 2103 Varisd.
1241 2070 1303 2097 -ι
1333 2048 1474 2114 Quoniam
1502 2064 1561 2103 non
1592 2055 1676 2102 est.»
1711 2048 1815 2118 (Cass.)
1842 2050 1896 2105 ldeo

1048 2134 1094 2189 hic
1108 2134 1213 2189 festino
1237 2135 1356 2202 dimitti,
1371 2135 1439 2207 qnia
1466 2140 1531 2208 post
1550 2143 1676 2191 inertem
1690 2144 1723 2191 et
1737 2139 1771 2192 in
1796 2139 1896 2193 inferno

1047 2239 1107 2277 non
1136 2223 1274 2296 accipitur
1301 2223 1474 2278 confessio«
1503 2223 1534 2278 ln
1550 2223 1675 2294 inferno.
1691 2246 1706 2274 ι»
1721 2224 1819 2297 (Aeo.)
1840 2226 1896 2281 Con

1047 2311 1137 2366 fessus
1152 2319 1196 2368 est
1211 2312 1299 2379 dives,
1315 2311 1365 2383 qui
1381 2313 1521 2378 Lazarum,
1531 2312 1609 2382 vidit,
1626 2313 1680 2368 etsi
1697 2314 1737 2368 do
1753 2315 1897 2384 profundo,

1047 2401 1128 2472 cujus
1151 2401 1363 2472 comparatione
1391 2409 1505 2456 coaetus
1531 2407 1573 2456 est
1592 2402 1728 2457 coviliteri
1756 2404 1899 2473 melaena,

1049 2506 1138 2558 usque
1153 2489 1235 2556 adeo,
1251 2494 1285 2543 ut
1296 2494 1325 2544 et
1339 2490 1442 2544 fratres
1468 2494 1549 2561 roget
1575 2491 1611 2545 ab
1626 2490 1672 2544 bis
1705 2494 1895 2563 praemoneri:

1048 2578 1096 2632 sed
1115 2583 1180 2648 post
1198 2577 1339 2647 judicium
1353 2577 1381 2631 in
1396 2578 1631 2648 profundioribus
1653 2581 1786 2636 tenebris
1799 2581 1898 2636 nullam

1048 2665 1140 2719 lucem
1164 2665 1214 2719 Dei
1240 2664 1387 2732 videbunt,
1414 2665 1460 2720 cui
1488 2666 1690 2723 confiteantur.
1714 2659 1899 2724 velmortem

1048 2754 1116 2808 dicit
1128 2758 1275 2823 peccatum
1304 2753 1410 2824 inquo
1438 2754 1593 2809 immemor
1607 2761 1650 2810 est
1676 2756 1730 2810 Dei
1755 2757 1807 2830 qui
1823 2774 1899 2812 mau-

1048 2843 1114 2897 data
1124 2843 1185 2912 ejus
1200 2843 1367 2897 contemnit.

144 2948 201 2987 non
231 2937 274 2986 est
296 2932 398 2987 veritas
423 2934 453 2987 in
481 2949 541 2999 ore,
571 2935 620 2988 sed
639 2936 826 3006 sepulcrum:
856 2938 1031 3009 quiete-C
1085 2937 1163 2991 Vane.
1180 2941 1283 2991 7.-‹
1309 2937 1453 2993 Laboravi.
1476 2961 1487 2988 v
1507 2938 1604 3010 (Cass.)
1632 2941 1741 2997 Narrat
1761 2959 1900 2999 rervrmnes

145 3021 203 3074 tide
216 3027 354 3092 promunt
367 3021 402 3074 ad
418 3021 672 3092 corrumpendum,
693 3024 797 3095 quibus
818 3026 841 3079 si
855 3042 912 3080 non
927 3043 995 3098 pro·

144 3108 253 3176 ficiunt,
272 3109 369 3164 dolose
384 3116 484 3181 agunt,
505 3111 534 3164 id
550 3117 601 3179 est,
632 3129 689 3166 non
716 3114 800 3168 modo
821 3115 993 3184 virolinntur,

145 3198 196 3252 sed
207 3197 344 3254 efficiunt.

1049 3023 1154 3094 quibus
1166 3025 1337 3096 prenitentes
1362 3027 1518 3095 avertitur,
1535 3028 1626 3098 gemit
1644 3031 1717 3084 dnm
1744 3031 1824 3087 videt
1839 3033 1900 3104 quid

1049 3112 1117 3182 egit,
1134 3118 1163 3167 et
1177 3129 1241 3184 qnae
1255 3130 1339 3185 poena
1351 3114 1458 3170 fotura.
1478 3137 1489 3164 ι
1507 3117 1632 3171 Lectum.
1653 3118 1897 3188 »Conscientiam

1049 3216 1113 3271 quae
1150 3202 1322 3272 quibusdam
1360 3202 1451 3274 quies,
1491 3204 1665 3276 quibusdam
1712 3212 1897 3264 tormentum.

181 3286 261 3341 Vens.
291 3289 333 3350 ll,
353 3288 395 3340 lt.
424 3304 487 3336 -a
514 3286 613 3341 ludica
641 3287 705 3341 illos
722 3290 804 3345 Dens.
829 3290 997 3348 Decidenta
1048 3288 1183 3356 Stratum,
1208 3291 1440 3358 sensualitatem,
1469 3292 1592 3346 fertilem
1614 3293 1732 3362 faciam,
1760 3305 1896 3368 quareret

149 3395 160 3422 ι
175 3372 400 3443 cogitationibus
419 3373 487 3429 suis.
509 3393 522 3425 v
545 3375 604 3429 Non
618 3381 707 3446 optat,
721 3377 769 3430 sed
783 3379 994 3448 quodiulurum

147 3464 190 3514 est
203 3459 343 3530 praedicit.
357 3459 467 3515 Decidit
481 3460 531 3531 qui
548 3478 598 3531 spa
612 3463 686 3518 bona
711 3466 874 3522 frustratur.

184 3570 196 3596 a
213 3548 247 3601 Et
266 3548 408 3602 laetentur.
424 3568 439 3597 a
466 3548 565 3620 (Cass.)
594 3552 662 3606 Post
687 3553 891 3609 retributiones
907 3556 996 3612 nlalo·

148 3651 212 3689 rum
223 3635 317 3690 subdit
332 3637 450 3706 praemia
475 3637 630 3705 bonorum,
656 3643 686 3693 ut
709 3640 781 3696 sicut
795 3658 879 3713 poenu
898 3648 994 3713 terret,

149 3726 268 3795 praemia
282 3723 409 3779 incitent.

1048 3376 1137 3430 arida.
1155 3377 1316 3448 Vel,leolus
1340 3379 1490 3436 delectatio
1517 3382 1656 3453 corporis,
1684 3383 1791 3456 inqua
1818 3388 1896 3442 bomo

1050 3465 1208 3522 resolvitur.
1221 3467 1342 3531 Stratus,
1358 3470 1490 3522 cumulus
1509 3476 1692 3541 peccatorum
1714 3477 1748 3527 ut
1768 3476 1896 3541 vestium,

1050 3570 1106 3624 quo
1119 3556 1251 3620 resoluto,
1267 3555 1358 3610 imbro
1374 3557 1575 3629 lacrymarum,
1598 3576 1670 3614 nova
1695 3563 1800 3616 messis
1815 3563 1895 3619 virtu·

1050 3647 1110 3697 tum
1127 3649 1243 3699 crescat.
1591 3707 1592 3710 ,

1086 3732 1165 3787 Vens.
1183 3736 1322 3788 8.-an
1349 3734 1486 3789 furore.»
1516 3735 1608 3807 (Auo.)
1627 3735 1666 3791 ‚lb
1691 3738 1746 3806 ira,
1778 3741 1823 3794 vel
1845 3739 1896 3800 liei,

185 3814 264 3866 Vens.
282 3815 324 3868 13.
341 3832 400 3865 —v
419 3814 452 3868 Ut
467 3820 557 3870 scuto.
572 3815 678 3886 (Cass.)
696 3819 755 3873 Uno
777 3820 863 3874 verbo
888 3820 996 3875 indicat
1050 3836 1114 3892 quse
1142 3821 1172 3874 in
1197 3821 1316 3891 judicio,
1341 3824 1557 3894 etc.,usqueod
1574 3841 1610 3878 ne
1637 3827 1703 3897 quis
1727 3828 1897 3900 desperatio

148 3897 286 3954 beneficia
314 3898 363 3953 [lei
396 3901 529 3970 gratuita.
571 3902 707 3958 Voluntas
736 3922 800 3976 qnae
842 3912 919 3961 vocat
955 3914 996 3963 est
1050 3909 1188 3980 gravitate
1223 3915 1415 3980 peccatorum,
1444 3912 1565 3967 subdit:
1597 3934 1611 3964 c
1639 3914 1794 3985 Discedite,
1825 3925 1895 3973 etos

148 3985 275 4040 defensio
303 3992 401 4040 eontra
428 3988 535 4056 omnia,
552 3993 579 4044 et
597 4005 712 4057 corona,
743 3998 771 4046 et
790 3994 914 4065 clypeus.
944 3996 995 4050 Ca·
1050 3995 1150 4067 (Cass.)
1165 3998 1320 4069 Correptio,
1339 4007 1372 4054 ut
1397 4006 1544 4070 separetur
1559 4002 1594 4057 ab
1617 4002 1686 4070 illis,
1702 4021 1831 4076 quoram
1845 4007 1897 4069 cole

148 4074 200 4145 pili
210 4079 321 4146 aptatus
332 4091 438 4130 corona
452 4083 503 4144 est,
517 4078 597 4132 cordi
612 4080 749 4137 defensio.
1010 4148 1012 4155 Ι
1049 4085 1123 4156 legio
1138 4087 1272 4157 peccavit,
1299 4093 1327 4142 et
1352 4088 1466 4144 insistat
1496 4091 1639 4145 mandatis
1677 4093 1772 4147 ilai«
1806 4093 1896 4149 lnimi·

483 4218 640 4276 PSALMUS
678 4222 710 4276 Vl
1049 4191 1131 4242 cos,v
1148 4175 1244 4245 (Auo.)
1267 4176 1364 4244 idest,
1392 4177 1469 4241 vitia,
1498 4179 1541 4232 vel
1571 4179 1663 4233 melos
1687 4179 1895 4254 homiues,qui

1010 4280 1030 4334 p
1050 4278 1115 4317 vere
1126 4269 1194 4316 sunt
1205 4263 1317 4318 inimici
1334 4266 1368 4319 ad
1385 4268 1475 4322 Deum
1491 4281 1521 4320 se
1549 4269 1792 4338 convertentium,
1809 4287 1828 4325 a
1840 4271 1895 4342 qui·

185 4337 262 4391 Vens.
282 4342 393 4392 l.-«
423 4340 553 4395 Octava·
581 4347 623 4397 est
645 4343 784 4399 adventus
815 4347 940 4416 Domini,
966 4348 996 4404 in
1050 4348 1104 4403 bus
1128 4358 1276 4422 separatur
1298 4353 1391 4406 omnis
1404 4354 1508 4423 bonus,
1534 4370 1592 4408 uon
1622 4355 1695 4428 loco,
1722 4357 1774 4412 sed
1797 4359 1893 4414 annuo.

149 4439 205 4495 qua
215 4431 347 4495 peccator
377 4427 458 4482 timet
486 4429 579 4500 argui,
606 4434 635 4484 et
661 4431 726 4485 ideo
757 4434 886 4504 poenitet.
904 4437 996 4508 (Aac.)
1050 4437 1276 4501 Quiaveronon
1294 4446 1336 4495 est
1357 4441 1451 4495 inanis
1481 4446 1576 4496 tantus
1607 4441 1689 4509 labor
1715 4446 1894 4515 poenitenda,

149 4512 283 4567 Octavum
303 4515 401 4569 dicunt
416 4516 504 4587 aliqui
519 4517 673 4573 adventum
689 4521 814 4588 Domini,
833 4528 898 4592 ete,
913 4540 996 4596 usque
1050 4528 1216 4582 exauditum
1227 4545 1256 4582 so
1270 4531 1443 4599 significans,
1458 4531 1569 4585 subdit:
1588 4555 1598 4580 ι
1616 4531 1769 4588 Discedile.
1790 4558 1801 4584 ι

148 4600 186 4654 ad
195 4600 271 4655 uude
286 4601 390 4657 timens
403 4604 525 4660 Ecclesia
536 4606 581 4660 hic
591 4613 662 4662 orat.
1086 4617 1168 4671 Vens.
1186 4620 1211 4684 a,
1230 4620 1267 4672 to.
1287 4648 1321 4658 -
1338 4641 1349 4668 ι
1369 4619 1546 4674 Dominus.»
1573 4620 1627 4674 Tcr
1654 4622 1808 4687 Dominus,
1836 4623 1895 4695 quia

185 4688 267 4743 Vens.
295 4693 322 4744 2.
353 4715 416 4740 —v
448 4693 578 4761 Domine,
604 4711 640 4748 ne
657 4695 693 4749 in
717 4695 855 4752 furore.»
883 4699 995 4771 (Rasin.)
1050 4704 1219 4761 Trinitatem
1233 4706 1347 4762 alloisse
1374 4708 1506 4778 precibus
1533 4708 1682 4763 ostendit:
1714 4713 1887 4784 lncepitala

149 4775 292 4832 Confessio
320 4783 362 4832 est
389 4779 578 4849 deprecativa,
600 4799 664 4854 quae
693 4785 768 4855 apud
794 4787 882 4842 [teum
909 4790 994 4845 valet.
1050 4792 1164 4862 crymis,
1191 4794 1341 4848 exauditus
1367 4797 1528 4851 exsultat«
1552 4795 1703 4852 Exaudivit
1727 4799 1895 4855 Dominus·

148 4864 244 4918 Primo
260 4871 302 4919 est
326 4868 487 4937 exordium,
502 4870 532 4924 in
558 4888 615 4942 qvio
645 4879 740 4942 captat
754 4874 994 4947 benevolentiam,
1049 4881 1136 4949 (cas.)
1152 4882 1206 4935 Dat
1219 4883 1383 4953 exemplum
1399 4884 1531 4949 fideliter,
1547 4892 1660 4939 orantes
1673 4886 1783 4944 audiri.

148 4959 380 5024 perpotestatom
391 4956 507 5025 judicis,
538 4975 588 5030 per
615 4960 812 5016 infirmitatem
828 4981 921 5033 suam,
945 4983 997 5038 per
1098 4969 1178 5024 Vane.
1219 4974 1259 5025 ll.
1291 4995 1358 5021 -a
1392 4973 1564 5028 Erubescaut
1592 4978 1620 5027 et
1648 4975 1892 5031 conturbentur.-

148 5043 385 5098 consuetudinem
404 5047 556 5115 parcendi:
580 5048 648 5119 quia
673 5066 731 5104 non
756 5053 995 5124 vultomortuis,
1026 5049 1149 5131 ¹(Cass.)
1175 5059 1260 5123 Quasi
1284 5059 1314 5113 in
1342 5061 1534 5129 conclusione,
1561 5063 1624 5133 jam
1646 5052 1753 5119 libere
1773 5064 1897 5137 pereatis.

148 5127 428 5202 sedavivisrogevi.
447 5156 456 5182 ι
474 5138 623 5206 Argnas.»
653 5138 745 5208 (Auo.)
768 5141 858 5212 Argni
881 5142 996 5212 gravius
1049 5146 1202 5213 exsultans,
1231 5163 1284 5217 pro
1314 5148 1448 5218 inimicis,
1476 5154 1507 5204 ut
1533 5155 1750 5221 convertantur,
1777 5161 1851 5218 orat,
1872 5159 1897 5206 ut

148 5222 191 5270 est
204 5232 290 5288 quam
305 5221 440 5286 accusari,
469 5224 544 5279 unde
570 5226 715 5281 damuatio
741 5228 866 5283 linietur.
886 5230 996 5301 Corripi
1050 5232 1207 5305 sicutipse,
1231 5235 1354 5290 habeant
1382 5237 1506 5293 veniam.
1532 5237 1656 5309 (Auo.)‹
1687 5240 1894 5300 Erubescant.›

148 5303 257 5373 mitius,
284 5307 313 5361 id
325 5313 377 5371 est,
400 5311 545 5366 emendari
571 5315 615 5368 vel
630 5314 746 5370 erudiri.
772 5319 939 5387 Arguuntur
965 5320 995 5375 in
1050 5322 1110 5376 lloc
1134 5338 1193 5376 non
1216 5323 1262 5378 bie
1291 5324 1350 5396 (ubi
1387 5326 1483 5396 potius
1511 5327 1633 5381 irridens
1645 5343 1695 5383 eos
1728 5333 1782 5403 qui
1810 5330 1894 5387 omnia

146 5391 263 5462 iudicio,
285 5395 334 5465 qui
363 5396 424 5453 siue
452 5399 648 5458 fundamento.
679 5405 884 5472 Emendantur,
900 5406 992 5473 idest,
1049 5408 1223 5480 relinquunt,
1252 5416 1283 5467 ut
1310 5411 1439 5468 infirmos
1467 5416 1634 5470 erubescere
1661 5418 1794 5490 faciunt).
1812 5419 1895 5476 sedin

149 5487 319 5552 purgentur,
333 5484 383 5556 qui
396 5502 482 5558 supra
496 5489 567 5544 illud
586 5490 708 5567 lignum,
735 5493 846 5568 fenum,
861 5493 995 5566 stipulam
1045 5496 1165 5568 iudicio.
