3892 6106
97 251 148 305 1171
276 248 279 253 ’
405 248 603 305 wibertum
622 250 745 307 stessi
765 252 864 308 FULD.
884 253 970 311 tlon.
993 254 1071 313 OPP.
1091 254 1179 312 PARS
1198 254 1220 311 1.
1240 282 1275 295 -
1293 251 1522 311 inminutus.
1797 259 1848 315 iil!

99 366 195 438 turpia
209 366 285 421 iacta
299 382 364 438 quae
376 367 537 438 persuadet,
560 368 592 422 in
607 369 697 425 oculis
717 369 867 428 hominum
894 389 942 430 re·
956 376 979 431 d
1035 376 1143 446 (Gaea.)
1155 376 1236 449 sepe
1250 392 1296 431 res
1309 375 1446 448 quaelibet
1459 391 1511 446 per
1524 375 1675 433 historiam
1690 377 1783 434 rirtiu
1795 387 1846 450 est,

99 456 184 510 velat.
202 455 250 510 liis
264 470 378 510 neccsse
392 459 436 511 est
448 455 568 511 sedeant
592 459 621 511 iu
646 458 759 514 iericho
773 460 864 516 donec
888 478 946 517 cre·
1001 481 1054 536 per
1071 465 1313 536 significationem
1339 466 1438 536 culpa;
1454 465 1527 519 sicut
1541 465 1696 536 aliquando
1711 468 1798 539 culpa
1819 470 1848 524 in

98 555 158 605 scat
172 551 271 621 barba,
285 568 321 606 ne
336 551 392 607 siut
411 553 585 623 opprobium
599 554 722 610 aliorum
744 561 772 611 et
793 559 947 614 anathema
1002 555 1086 618 iacto,
1109 553 1256 624 inscripto
1285 553 1445 624 prophetiae
1459 553 1557 609 virtus.
1588 554 1658 620 Quis
1684 555 1764 611 enim
1792 573 1847 613 non

103 639 246 705 omnium,
266 639 297 694 id
323 644 375 704 est,
403 641 494 695 donec
508 641 685 698 incramenta
708 645 845 701 vinetum
857 647 888 702 in
905 648 946 703 eis
1001 643 1242 714 detesteturqnod
1259 643 1346 698 Dauid
1361 643 1391 697 in
1405 643 1508 698 solario
1531 643 1721 698 deambulans
1737 645 1848 700 Bethsa-

100 730 262 791 nascautur,
280 732 308 782 et
323 726 404 797 digni
424 728 583 783 habeantur
611 732 777 799 praesentari
795 749 846 788 sno
873 735 944 806 regi.
1000 733 1053 790 bee
1067 733 1141 789 Uriae
1157 733 1321 803 concupivit
1336 748 1466 797 uxorem,
1480 748 1567 804 quem
1581 737 1719 789 tamem
1749 733 1848 804 praelio

102 813 191 869 liavid
215 820 313 869 antem
328 819 427 871 noster
449 814 555 871 milites
578 832 644 872 suos
667 817 774 875 inultos
798 837 859 876 asse
887 837 945 877 non
1000 827 1189 879 revertentem
1203 823 1245 877 ire
1268 822 1387 877 domam
1410 826 1519 887 mouet,
1535 820 1624 892 pedes
1650 820 1769 877 lavaret
1796 821 1848 886 oui

101 901 218 973 patitur,
236 903 286 957 ssd
310 903 435 959 exercitu
461 912 635 976 congregato
664 923 781 963 suorum
808 910 946 981 iniuriam
999 914 1131 984 protinus
1158 910 1431 983 responditdiceus:
1457 912 1529 965 Arca
1553 910 1604 966 liei
1631 911 1685 965 sub
1712 911 1846 981 pellibus,

98 994 232 1063 vindicat,
257 1011 311 1051 uec
325 996 420 1053 solum
434 998 611 1054 adversarios
626 1016 678 1072 per
701 1006 863 1058 sanctornm
876 1021 944 1060 suo·
1000 1005 1095 1072 elego
1112 1000 1141 1055 iu
1164 999 1251 1055 domo
1266 1015 1331 1054 mea
1359 996 1560 1069 requiescam?
1583 997 1675 1062 Quem
1703 997 1797 1053 David
1814 999 1848 1053 ad

100 1097 165 1136 rum
180 1082 330 1139 victoriam
344 1085 505 1152 confundit,
520 1087 569 1141 sed
589 1087 675 1142 etiem
690 1088 720 1142 iu
749 1094 877 1146 extremo
895 1092 943 1163 iu·
999 1105 1128 1145 mensam
1150 1088 1298 1159 propriam
1323 1087 1447 1157 suscepit
1469 1086 1554 1157 eique
1573 1087 1672 1157 epulas
1698 1102 1752 1159 per
1777 1102 1848 1158 quas

99 1169 174 1224 dicio
188 1172 335 1243 perpetuis
350 1172 466 1244 ignibus
479 1173 575 1229 tradit.
999 1176 1073 1232 mori
1087 1175 1188 1232 debeat
1199 1173 1296 1230 tradit.
1311 1174 1400 1227 Tenet
1412 1187 1480 1243 ergo
1497 1171 1585 1227 David
1597 1171 1722 1243 liguram
1737 1172 1801 1242 eins
1813 1172 1848 1228 de

435 1263 547 1318 CAPUT
562 1264 607 1319 xi.
999 1261 1209 1332 quoseriptum
1225 1264 1290 1315 est:
1306 1261 1513 1330 insoleposuit
1536 1260 1741 1315 intentantium
1769 1275 1849 1317 simis

135 1347 215 1403 Vsus.
246 1352 321 1404 1.-
347 1352 460 1407 Factum
486 1358 526 1407 est
551 1358 782 1410 comperiente
808 1370 889 1420 anno,
914 1373 943 1413 eo
998 1348 1436 1421 (Pscl.xv1u).0uiBetbsabee
1461 1348 1496 1404 sd
1520 1347 1645 1419 sajubet
1660 1349 1795 1418 educere,
1816 1349 1846 1406 id

97 1440 214 1507 tempore
229 1452 291 1505 quo,
308 1442 360 1493 etc.
374 1440 470 1509 (lisa,
484 1456 517 1495 ex
531 1441 657 1510 Hieron.)
683 1443 714 1498 {d
739 1448 790 1510 est,
807 1445 838 1499 in
865 1461 941 1512 vere,
998 1443 1042 1493 est
1055 1439 1149 1509 legem
1175 1437 1277 1492 litteras
1291 1436 1399 1491 carnali
1427 1436 1533 1508 populo
1548 1437 1732 1508 coniunctam
1761 1438 1847 1509 spiri·

96 1524 212 1596 quaudo
232 1526 315 1595 pulsa
329 1526 443 1599 frigoris
460 1530 612 1599 asperitate
629 1531 735 1601 pabula
756 1532 944 1602 reperiuntur
997 1527 1068 1583 tuali
1082 1526 1136 1580 sibi
1150 1526 1296 1580 intellectu
1324 1525 1443 1580 sociare.
1472 1523 1627 1579 bethsabea
1645 1525 1726 1581 euim
1749 1530 1847 1596 putem

31 1661 33 1664 ,
93 1613 303 1684 jumentorum,
319 1621 386 1684 etc,
402 1632 489 1687 usque
498 1618 536 1673 ud
545 1619 594 1674 sed
605 1619 707 1674 devicti
722 1625 798 1676 sunt.
957 1653 978 1708 B
997 1619 1096 1684 septem
1110 1613 1224 1681 dicitnr,
1238 1614 1307 1685 quia
1321 1629 1374 1685 per
1387 1612 1588 1684 cognationem
1602 1612 1676 1684 legis
1699 1613 1847 1671 infusione

132 1702 213 1758 Vsus.
228 1705 302 1758 1.-
316 1707 386 1760 Dum
407 1706 472 1762 taee.
503 1706 597 1779 (Rip.)
615 1707 702 1763 navid
727 1709 852 1780 graviter
873 1726 942 1781 pec·
999 1701 1129 1773 specialis
1143 1702 1243 1774 gratia
1258 1701 1384 1772 perlecta
1399 1699 1482 1756 uobis
1496 1700 1635 1771 sapientia
1653 1701 1846 1758 ministratur.

95 1790 179 1858 curit,
196 1796 261 1861 eto,
278 1807 363 1864 usque
376 1794 413 1849 od
438 1795 488 1866 qui
504 1799 563 1851 tem
584 1811 670 1867 greve
695 1799 797 1853 vulnus
825 1795 944 1871 pemati,
1000 1789 1081 1844 Urias
1095 1805 1163 1844 vero
1177 1789 1328 1846 ludoicum
1346 1789 1486 1860 populum
1501 1788 1653 1860 significat,
1680 1789 1732 1860 qui
1756 1789 1846 1844 inter·

96 1877 266 1934 humilitatis
285 1881 464 1937 confessione
477 1885 598 1939 sanavit,
998 1878 1187 1948 pretatnrlun
1203 1893 1262 1932 mea
1277 1878 1353 1932 Dei:
1381 1875 1517 1932 iudaicus
1536 1875 1612 1930 enim
1642 1875 1767 1946 populns
1797 1867 1847 1946 qui

131 1967 291 2025 Betlsabee.
330 1969 417 2042 (ino.)
455 1973 560 2028 Pulsus
591 1973 736 2043 satietatis,
772 1975 815 2030 vot
839 1980 943 2048 puteus
999 1967 1034 2024 ds
1056 1972 1172 2037 accepta
1193 1966 1265 2037 legis
1288 1965 1408 2021 scientia
1429 1964 1583 2032 extollitur,
1602 1963 1685 2035 quasi
1707 1962 1760 2018 nsi
1783 1963 1845 2016 luce

95 2056 243 2126 septimus.
262 2058 384 2113 Ecclesia
396 2076 463 2114 rero
495 2063 612 2115 vocatur
626 2066 731 2132 puteus
753 2078 836 2135 aquae
861 2064 943 2133 uvae,
998 2054 1146 2128 8101111111·
1174 2053 1229 2110 Sed
1249 2053 1318 2109 111111
1338 2052 1423 2108 David
1447 2051 1705 2107 1101111111111111
1732 2050 1846 2122 1111111110

95 2149 125 2199 et
139 2144 206 2199 hnic
227 2151 315 2216 puteo
331 2147 487 2219 septenarii
501 2163 606 2204 nomen
631 2150 745 2205 numeri
767 2152 797 2206 iu
821 2152 944 2223 Spiritus
997 2146 1158 2216 conjtfflnt,
1176 2142 1245 2215 quis
1271 2157 1360 2197 manu
1387 2141 1469 2197 roris
1490 2140 1665 2209 Redemptor
1689 2154 1843 2210 apparens,

96 2232 186 2287 sancti
202 2233 413 2304 significatione
434 2236 628 2308 conjungitur,
655 2243 772 2312 propter
802 2241 943 2296 rationem
997 2233 1065 2289 1111111
1081 2233 1117 2287 111
1127 2248 1156 2287 ³⁰
1171 2230 1356 2302 spiritualiier
1375 2231 1467 2301 1181111
1482 2229 1563 2301 loqui
1573 2227 1709 2294 immittit·
1725 2243 1778 2300 1111
1792 2228 1845 2284 101

95 2321 285 2391 pentecostes,
307 2338 364 2394 quo
380 2323 425 2378 die
445 2324 480 2378 de
502 2326 572 2380 caelo
584 2326 706 2396 Spiritus
734 2333 847 2384 sanctus
873 2330 942 2385 mis·
997 2322 1073 2393 (111011
1091 2322 1175 2393 iuxta
1195 2319 1320 2374 liiissl'am
1334 2319 1514 2385 11111θῦ1111
1530 2317 1634 2373 hini&
1656 2316 1844 2388 11111111110110·

95 2424 144 2463 sus
157 2413 206 2463 est.
220 2409 261 2464 Ad
276 2411 587 2484 quadragintanovem,
599 2414 629 2469 id
642 2419 694 2482 ost,
706 2417 810 2487 septies
832 2423 942 2488 septem
995 2410 1064 2482 puio
1089 2416 1251 2464 extraneum
1279 2406 1493 2469 demonstravit,
1518 2406 1577 2481 sibi,
1592 2405 1750 2476 conjunxit,
1777 2404 1844 2477 qnia

95 2512 185 2551 nuum
201 2497 325 2568 additur,
337 2500 472 2571 qnoniam
488 2502 581 2555 unitas
592 2504 818 2560 commendatur.
836 2506 916 2561 Unde
933 2522 940 2561 :
996 2515 1026 2554 ⁵0
1040 2515 1092 2571 per
1104 2498 1185 2552 illam
1207 2495 1395 2568 praedifflium
1409 2494 1572 2550 1111111111·
1587 2493 1843 2550 1111111111111111111

94 2585 211 2641 Solliciti
231 2602 342 2643 seruare
366 2591 498 2645 unitatem
515 2593 632 2660 spiritus
656 2593 686 2646 in
718 2595 825 2650 vincins
862 2595 941 2664 panis
996 2588 1115 2641 domum
1129 2589 1228 2640 monet
1242 2585 1294 2653 ire,
1310 2588 1339 2640 et
1362 2583 1568 2655 pedeslavare,
1588 2582 1657 2654 quia
1677 2582 1843 2637 incarnatus

95 2673 178 2744 (apt.
197 2679 243 2745 rvi.
261 2676 341 2730 Dono
356 2677 454 2748 itaque
480 2678 614 2749 spiritali,
638 2680 668 2735 id
692 2685 745 2746 est,
773 2682 937 2752 septenario
994 2675 1101 2731 ludaeis
1127 2673 1266 2747 precipit,
1282 2678 1314 2728 ut
1335 2674 1372 2728 ad
1407 2671 1612 2728 conscientiam
1640 2670 1770 2740 redeant,
1815 2674 1843 2725 at

94 2761 167 2816 lacta
188 2768 231 2816 est
259 2764 380 2818 Ecclesia
395 2770 499 2836 puteus
515 2767 665 2834 satietatis,
687 2768 755 2839 quia
779 2768 871 2823 iactus
898 2774 940 2826 est
995 2764 1092 2818 sordes
1106 2778 1227 2832 0111111111
1243 2762 1358 2817 fletibus
1372 2765 1500 2832 teremit
1525 2758 1731 2831 111111111111111·
1756 2774 1842 2814 1111111·
1865 2826 1867 2830 Α

93 2849 124 2904 iu
140 2867 173 2905 es
186 2852 248 2919 tous
262 2854 476 2923 aqsesattentis
490 2857 520 2909 in
535 2857 621 2910 uitam
644 2862 772 2912 eteniam
786 2873 869 2927 quom
892 2861 941 2928 qut
996 2853 1063 2908 date
1079 2851 1332 2922 legisintelligant,
1349 2855 1377 2905 et
1397 2854 1461 2922 post
1480 2852 1589 2903 tantm
1613 2846 1748 2904 duritiam
1764 2863 1843 2919 prse-

94 2939 191 2994 tiberit
205 2943 379 2996 nonsitietiu
397 2947 525 2997 aternum
541 2944 629 3013 (loun.
644 2944 690 3016 rr).
955 2957 976 3012 (2
995 2946 1153 3013 ceptorum,
1181 2940 1291 2994 iontem
1319 2938 1455 3010 baptismi
1479 2937 1665 3004 invenientes,
1680 2936 1717 2991 sd
1735 2952 1842 3008 aquarn

130 3028 238 3101 (Grac.)
254 3029 353 3085 Adbuc
369 3031 462 3086 caruis
484 3032 678 3104 corruptibilis
693 3034 819 3104 pondere
833 3034 942 3103 gravati
995 3035 1060 3103 post
1069 3030 1195 3084 laborem
1210 3032 1336 3082 currant.
1353 3027 1408 3083 Sed
1433 3026 1522 3095 Urias,
1539 3027 1589 3096 qui
1609 3040 1703 3080 arcam
1728 3025 1843 3080 Domini

93 3132 154 3171 nou
170 3118 297 3172 valemus
318 3118 357 3172 sic
379 3118 483 3185 virere,
512 3124 543 3174 nt
567 3121 713 3175 uullanos
736 3121 824 3191 possit
850 3122 942 3193 culpae
995 3136 1056 3174 essa
1071 3119 1122 3173 sub
1143 3117 1267 3188 pellibus
1281 3114 1421 3181 meminit,
1449 3115 1611 3186 respondet,
1626 3114 1694 3185 quie
1721 3113 1842 3169 domum

94 3203 244 3260 delectatio
270 3205 393 3276 pulsare.
410 3207 465 3262 Sed
479 3206 558 3261 aliud
578 3212 620 3262 est
633 3208 778 3263 nolentem
799 3209 888 3280 tangi,
913 3214 942 3264 et
994 3224 1075 3263 suam
1089 3207 1196 3261 intrare
1214 3221 1271 3261 non
1286 3203 1386 3277 possit
1418 3202 1498 3269 Quod
1513 3202 1583 3258 dicit
1597 3218 1604 3257 :
1619 3203 1679 3273 Ego
1706 3203 1843 3258 mandata

92 3292 169 3348 aliud
196 3293 433 3348 consentientem.
460 3294 555 3349 Sancti
587 3301 684 3350 autem
714 3296 768 3350 viri
794 3301 874 3351 tauto
900 3297 940 3351 ri·
995 3296 1045 3352 liei
1073 3297 1103 3350 iu
1128 3294 1262 3350 sacrificis
1276 3293 1438 3349 carnalibus
1450 3291 1542 3358 rideo,
1567 3295 1596 3345 et
1609 3291 1702 3345 redire
1717 3290 1753 3345 ad
1769 3304 1842 3345 con*

91 3379 235 3454 gilantiori
276 3395 306 3435 se
343 3380 597 3452 circumspectione
627 3383 801 3450 custodiunt,
830 3389 938 3456 quanto
994 3384 1139 3439 scientiam
1153 3400 1205 3455 per
1219 3381 1397 3453 spiritualem
1408 3379 1629 3451 intelligentiam
1642 3395 1700 3434 non
1712 3380 1839 3452 requiro.

93 3484 123 3524 se
151 3467 259 3539 pulsari
284 3467 406 3523 sinistris
431 3471 557 3526 motibus
583 3472 629 3526 vel
657 3472 821 3528 transitorie
857 3473 941 3529 dedi·
993 3472 1079 3537 Qiresi
1093 3472 1169 3527 enim
1193 3486 1288 3526 ercam
1309 3468 1358 3526 Dei
1378 3485 1438 3523 esse
1452 3469 1505 3523 sub
1530 3467 1653 3539 pellibus
1667 3467 1748 3534 dicit,
1774 3467 1842 3540 qnia

94 3562 230 3630 guantur,
266 3561 296 3611 ut
324 3557 347 3612 si
370 3557 440 3629 quid
466 3560 538 3614 torte
566 3575 616 3614 cor
639 3560 773 3616 illicilum
806 3563 941 3633 coucupi-
993 3565 1137 3634 praecepta
1153 3560 1204 3614 Dei
1219 3576 1278 3614 uon
1301 3557 1356 3613 uisi
1379 3556 1539 3613 exhibendo
1568 3556 1763 3611 ministerium
1785 3572 1841 3611 can

94 3649 195 3711 sceret,
216 3660 332 3716 pressus
353 3661 406 3717 per
432 3645 592 3718 disciplina
617 3648 813 3718 magisterium
842 3653 940 3706 oculus
993 3651 1066 3705 natis
1080 3648 1211 3704 sacrificii
1225 3647 1370 3718 intelligit.
1385 3647 1465 3700 iliius
1488 3650 1586 3700 tamen
1612 3643 1706 3699 redire
1720 3643 1840 3700 domurn

91 3734 189 3789 videre
228 3738 389 3789 recusaret:
419 3733 493 3791 sicut
519 3734 597 3790 enim
632 3753 708 3807 saepe
741 3739 860 3793 tentatio
888 3755 941 3810 per
992 3740 1138 3795 nolentem
1159 3737 1247 3793 David
1263 3736 1297 3791 ad
1322 3750 1451 3790 mensam
1471 3739 1560 3800 vocat,
1577 3733 1645 3804 qnia
1668 3733 1840 3790 cumludaei

92 3823 190 3877 ocirlos
209 3821 342 3889 trabitur,
373 3821 413 3876 sic
435 3837 645 3895 nonnunquam
674 3831 812 3897 concepta
834 3827 938 3881 intriu-
978 3827 1029 3883 'sd
1054 3827 1258 3883 conscientiam
1286 3824 1390 3880 reverti
1418 3825 1613 3889 contemnant,
1640 3820 1768 3876 Christus
1800 3824 1840 3874 ta·

92 3926 172 3966 secus
197 3909 345 3981 compellit
373 3910 428 3965 sibi
461 3911 637 3967 extrinsecus
665 3914 764 3968 oculos
786 3913 938 3973 deservire.
993 3932 1060 3971 mon
1092 3911 1529 3986 spiritualiapraedicatdicens:
1545 3911 1579 3966 Si
1593 3910 1737 3966 cremetis
1758 3910 1839 3975 ilosi,

92 3996 265 4069 Plerumque
287 3998 364 4053 enirn
407 4000 556 4070 quaelibet,
584 4016 629 4055 res
664 4001 809 4058 innocenti
844 4008 940 4059 mente
993 4004 1138 4060 crederetis
1159 4005 1317 4071 sorsitunet
1340 4002 1420 4067 mibi,
1436 4000 1469 4056 de
1493 4014 1535 4055 me
1556 4001 1627 4054 enim
1653 3999 1700 4054 illo
1727 4000 1841 4068 scripsit

92 4084 254 4154 respicitur,
291 4087 339 4142 sed
371 4086 402 4143 in
429 4088 491 4160 ipso
516 4094 669 4161 conspectu
694 4091 807 4147 suimus
833 4107 938 4146 conen·
993 4093 1082 4161 (Joou.
1104 4091 1144 4161 v).
1160 4092 1265 4159 Legem
1288 4086 1364 4143 euim
1379 4087 1495 4143 iudaeus
1513 4091 1603 4152 tenet,
1617 4101 1682 4159 quas
1711 4086 1774 4157 eius
1799 4084 1841 4140 di-

91 4173 238 4244 pisceutiae
251 4175 347 4246 gladio
372 4176 566 4232 contunditur.
583 4179 645 4234 Non
659 4179 736 4233 euim
763 4179 849 4236 David
865 4181 942 4237 Uriae
995 4179 1141 4234 trinitatem
1157 4177 1292 4249 loquitur,
1309 4176 1355 4232 cui
1378 4176 1493 4231 credere
1508 4174 1691 4246 dedignatur.
1706 4174 1788 4230 Unde
1811 4177 1840 4229 st

93 4263 244 4334 conjugem
260 4263 386 4320 studiose
402 4266 536 4336 respexit,
565 4266 634 4338 quia
655 4267 865 4339 concupiverat,
891 4271 939 4325 sed
955 4268 976 4322 n
994 4269 1076 4325 Urias
1088 4269 1124 4323 ad
1136 4267 1207 4322 Joab
1222 4281 1289 4321 cum
1304 4264 1434 4336 epistolis
1448 4279 1482 4319 ex
1496 4264 1601 4336 quibus
1615 4261 1707 4319 occidi
1725 4262 1837 4331 debeat,

92 4352 186 4422 potins
200 4352 371 4425 concupivit,
390 4354 459 4424 quis
482 4353 595 4408 incante
609 4356 752 4426 respexit.
777 4359 856 4412 lusto
874 4374 939 4414 vero
993 4356 1127 4423 mittitur,
1150 4354 1219 4426 qnia
1236 4353 1351 4409 ludens
1373 4353 1468 4422 legem
1493 4355 1598 4423 portat,
1631 4367 1688 4422 qus
1716 4350 1839 4431 convin-

93 4439 290 4495 retributionis
308 4440 439 4496 examine
466 4441 515 4512 qui
531 4441 666 4497 exteriori
683 4443 861 4516 negligenter
881 4445 939 4501 nti-
993 4452 1074 4501 cents
1098 4443 1247 4499 moriatur.
1275 4443 1345 4499 Cum
1361 4441 1438 4496 euim
1464 4440 1600 4496 mandata
1613 4439 1685 4510 legis
1711 4439 1840 4494 retinens

91 4533 148 4595 tur,
164 4529 293 4585 interiori
308 4531 392 4586 oculo
407 4536 541 4585 caecatur.
557 4530 639 4601 Saepc
654 4536 751 4588 autem
763 4534 822 4603 jem
834 4533 938 4588 intriu-
993 4535 1113 4605 implere
1126 4533 1238 4599 nititur,
1249 4531 1310 4602 ipse
1321 4530 1413 4586 defert
1424 4529 1565 4601 judicium
1580 4527 1656 4583 uude
1671 4529 1838 4584 damnetur.

93 4632 174 4671 secus
189 4617 420 4689 coucupiscentia
440 4618 615 4686 dominatur,
640 4624 669 4675 et
681 4620 861 4676 illecebratus
873 4623 938 4677 ani·
992 4623 1066 4690 Quid
1082 4638 1150 4693 ergo
1170 4637 1222 4692 per
1245 4620 1351 4675 iactum
1367 4618 1444 4673 istud
1474 4618 1561 4673 [levid
1584 4617 1750 4673 scelestius?
1763 4614 1840 4682 Qnid

93 4721 158 4759 rnus
173 4706 207 4761 ed
227 4722 295 4761 nsns
319 4723 385 4762 snos
406 4722 506 4762 sensus
518 4723 670 4779 corporeos
697 4708 831 4764 temulari
860 4726 939 4766 more
994 4712 1059 4768 Uria
1075 4708 1228 4765 mundius?
1240 4708 1294 4764 Sed
1309 4707 1346 4763 ad
1362 4706 1531 4779 mysterium
1549 4721 1556 4760 :
1573 4705 1642 4777 qnid
1661 4704 1751 4760 David
1776 4719 1840 4759 san·

93 4795 251 4863 tyrannidis
273 4796 371 4866 exigit,
404 4796 520 4867 suisque
543 4797 738 4868 voluptatibus
762 4799 859 4853 oculos
882 4815 939 4855 sori-
992 4800 1084 4855 ctius‘t
1102 4797 1174 4863 Quid
1205 4797 1271 4855 Uria
1284 4795 1447 4851 infidelius?
1460 4795 1533 4860 Quia
1551 4793 1600 4848 ills
1624 4791 1753 4866 parvitas
1781 4793 1840 4848 cul·

90 4882 149 4936 rire
164 4885 320 4957 compellit,
334 4889 362 4940 et
385 4885 524 4940 fenestras
549 4885 667 4941 luminis
682 4886 774 4957 aperit
796 4888 831 4943 ad
856 4892 937 4943 taus·
992 4905 1058 4960 pom
1080 4885 1238 4958 propbetiae
1259 4884 1355 4956 signat
1372 4882 1565 4938 innocentiam
1578 4901 1586 4948 ;
1599 4890 1628 4936 et
1648 4881 1711 4936 istae
1728 4897 1781 4952 per
1795 4881 1838 4936 vi·

91 4969 155 5025 bras
172 4974 315 5030 caecitatis.
333 4974 412 5030 Unda
427 4974 517 5029 sancti
543 4975 596 5029 riri
620 4991 685 5030 curn
714 4974 828 5030 sinistra
857 4976 935 5031 dale·
992 4982 1029 5032 tae
1052 4973 1245 5029 innocentiam
1261 4973 1291 5027 iu
1306 4971 1457 5044 prophetie
1470 4970 1604 5041 exprimit
1623 4969 1748 5040 culpam.
1772 4969 1838 5027 Vir·

92 5060 215 5114 ctatiouc
229 5062 337 5132 pulsari
352 5079 381 5118 se
395 5062 533 5132 sentiunt,
546 5063 670 5136 ipseper
684 5080 749 5136 quae
763 5063 862 5119 lormse
876 5079 938 5133 spe-
991 5069 1037 5121 tus
1053 5063 1131 5119 enirn
1145 5062 1218 5117 sacri
1234 5060 1342 5132 eloquii
1357 5061 1397 5114 sic
1426 5063 1566 5114 transacta
1587 5062 1695 5128 narrat,
1711 5061 1743 5113 ut
1768 5072 1838 5114 ran·

92 5147 150 5200 cies
174 5149 210 5203 ad
238 5155 362 5204 mentem
385 5151 555 5223 ingreditur,
587 5152 745 5224 discipline
770 5151 937 5225 magisterio
992 5158 1058 5208 ture
1077 5151 1239 5223 exprimat:
1267 5150 1308 5204 sic
1333 5149 1453 5204 infacto
1481 5164 1543 5202 rem
1571 5147 1722 5220 approbat,
1751 5150 1784 5202 nt
1809 5146 1838 5202 in

92 5236 405 5308 luminarestriuguut,
425 5255 461 5294 ue
476 5257 571 5312 pravas
591 5241 758 5313 cogitationi
771 5241 842 5296 risio
860 5241 939 5295 leun·
993 5241 1128 5311 mysterio
1153 5236 1335 5292 contradicat.
1376 5236 1422 5293 Sic
1442 5240 1521 5307 gesta
1550 5235 1679 5300 damnat,
1718 5238 1752 5290 ut
1777 5235 1838 5291 hac

92 5324 187 5379 cinata
204 5324 380 5381 famuletur:
401 5342 466 5398 quas
490 5329 514 5383 si
533 5345 661 5401 tanqum
676 5329 818 5386 subtiliter
843 5333 936 5384 custo·
993 5329 1111 5402 mystice
1126 5327 1254 5398 gerenda
1267 5325 1394 5389 suadeat.

92 5411 147 5468 diri
163 5412 328 5487 negligitur,
344 5413 523 5489 cogitationis
537 5416 721 5474 immunditia
738 5417 775 5473 ad
795 5414 935 5490 operatio
1030 5418 1110 5473 Vaas.
1128 5421 1159 5472 15
1180 5417 1322 5472 -Ponite
1344 5416 1447 5475 Urium.
1472 5416 1525 5468 etc.
1551 5413 1661 5483 (Grac,
1680 5411 1732 5468 lib.
1752 5427 1837 5468 xxxin

93 5517 160 5558 nem
175 5501 287 5560 transit.
991 5507 1101 5575 Horat,
1116 5521 1178 5577 cap.
1196 5504 1249 5575 10.)
1265 5502 1307 5559 Ad
1325 5504 1379 5560 hoc
1402 5502 1434 5558 iu
1447 5502 1591 5574 Scriptura
1619 5499 1709 5558 David
1736 5506 1767 5558 et
1793 5502 1853 5556 Po·-
