<?xml version="1.0" encoding="UTF-8"?>
<!DOCTYPE html PUBLIC "-//W3C//DTD XHTML 1.0 Transitional//EN"
    "http://www.w3.org/TR/xhtml1/DTD/xhtml1-transitional.dtd">
<html xmlns="http://www.w3.org/1999/xhtml" xml:lang="en" lang="en">
 <head>
  <title>
</title>
<meta http-equiv="Content-Type" content="text/html;charset=utf-8" />
  <meta name='ocr-system' content='tesseract 3.04.00' />
  <meta name='ocr-capabilities' content='ocr_page ocr_carea ocr_par ocr_line ocrx_word'/>
</head>
<body>
  <div class='ocr_page' id='page_1' title='image "./patrologiaecurs04migngoog_0210.png"; bbox 0 0 3892 6106; ppageno 0'>
   <div class='ocr_carea' id='block_1_1' title="bbox 87 270 1850 333">
    <p class='ocr_par' dir='ltr' id='par_1_1' title="bbox 87 270 1850 333">
     <span class='ocr_line' id='line_1_1' title="bbox 87 270 1850 333; baseline 0.001 -4"><span class='ocrx_word' id='word_1_1' title='bbox 87 271 148 329; x_wconf 73' lang='lat' dir='ltr'><strong>too</strong></span> <span class='ocrx_word' id='word_1_2' title='bbox 683 273 809 332; x_wconf 71' lang='lat' dir='ltr'><strong>atussa</strong></span> <span class='ocrx_word' id='word_1_3' title='bbox 828 273 1030 333; x_wconf 75' lang='lat' dir='ltr'><strong>enemente.</strong></span> <span class='ocrx_word' id='word_1_4' title='bbox 1051 304 1086 315; x_wconf 93' lang='lat'><em>-</em></span> <span class='ocrx_word' id='word_1_5' title='bbox 1107 274 1174 331; x_wconf 67' lang='grc' dir='ltr'><strong>1,Ιῦ.</strong></span> <span class='ocrx_word' id='word_1_6' title='bbox 1194 270 1280 331; x_wconf 73' lang='grc' dir='ltr'>ΝΗΙ.</span> <span class='ocrx_word' id='word_1_7' title='bbox 1797 271 1850 331; x_wconf 71' lang='lat' dir='ltr'><strong>llo</strong></span> 
     </span>
    </p>
   </div>
   <div class='ocr_carea' id='block_1_2' title="bbox 87 391 1901 4276">
    <p class='ocr_par' dir='ltr' id='par_1_2' title="bbox 87 391 1901 4276">
     <span class='ocr_line' id='line_1_2' title="bbox 87 391 1848 469; baseline -0.002 -18"><span class='ocrx_word' id='word_1_8' title='bbox 87 395 190 462; x_wconf 78' lang='lat' dir='ltr'><strong>Num.)</strong></span> <span class='ocrx_word' id='word_1_9' title='bbox 224 394 422 466; x_wconf 82' lang='lat' dir='ltr'><strong>Primogenita</strong></span> <span class='ocrx_word' id='word_1_10' title='bbox 454 394 561 464; x_wconf 87' lang='lat' dir='ltr'><strong>omnia,</strong></span> <span class='ocrx_word' id='word_1_11' title='bbox 596 401 664 466; x_wconf 78' lang='lat' dir='ltr'><strong>etc,</strong></span> <span class='ocrx_word' id='word_1_12' title='bbox 698 412 782 467; x_wconf 77' lang='lat' dir='ltr'><strong>usque</strong></span> <span class='ocrx_word' id='word_1_13' title='bbox 810 398 848 452; x_wconf 87' lang='lat' dir='ltr'><strong>od</strong></span> <span class='ocrx_word' id='word_1_14' title='bbox 877 401 978 469; x_wconf 76' lang='lat' dir='ltr'><strong>quei</strong></span> <span class='ocrx_word' id='word_1_15' title='bbox 998 401 1166 467; x_wconf 87' lang='lat' dir='ltr'><strong>mactamus,</strong></span> <span class='ocrx_word' id='word_1_16' title='bbox 1181 411 1247 452; x_wconf 91' lang='lat' dir='ltr'><strong>cum</strong></span> <span class='ocrx_word' id='word_1_17' title='bbox 1263 410 1379 451; x_wconf 85' lang='lat' dir='ltr'><strong>earnem</strong></span> <span class='ocrx_word' id='word_1_18' title='bbox 1394 411 1411 453; x_wconf 88' lang='lat' dir='ltr'><strong>a</strong></span> <span class='ocrx_word' id='word_1_19' title='bbox 1429 393 1545 452; x_wconf 81' lang='lat' dir='ltr'><strong>lascivia</strong></span> <span class='ocrx_word' id='word_1_20' title='bbox 1569 391 1724 465; x_wconf 78' lang='lat' dir='ltr'><strong>voluptatis</strong></span> <span class='ocrx_word' id='word_1_21' title='bbox 1743 392 1848 449; x_wconf 74' lang='lat' dir='ltr'><strong>motin</strong></span> 
     </span>
     <span class='ocr_line' id='line_1_3' title="bbox 88 481 1847 558; baseline -0.002 -18"><span class='ocrx_word' id='word_1_22' title='bbox 88 483 229 557; x_wconf 87' lang='lat' dir='ltr'><strong>primitus</strong></span> <span class='ocrx_word' id='word_1_23' title='bbox 245 485 441 540; x_wconf 71' lang='lat' dir='ltr'><strong>sumebantur.</strong></span> <span class='ocrx_word' id='word_1_24' title='bbox 1000 485 1116 558; x_wconf 86' lang='lat' dir='ltr'><strong>guimas</strong></span> <span class='ocrx_word' id='word_1_25' title='bbox 1136 502 1143 542; x_wconf 91' lang='lat'>:</span> <span class='ocrx_word' id='word_1_26' title='bbox 1163 500 1251 557; x_wconf 90' lang='lat' dir='ltr'><strong>quam</strong></span> <span class='ocrx_word' id='word_1_27' title='bbox 1262 499 1328 540; x_wconf 90' lang='lat' dir='ltr'><strong>cum</strong></span> <span class='ocrx_word' id='word_1_28' title='bbox 1343 484 1477 557; x_wconf 78' lang='lat' dir='ltr'><strong>hyssopo,</strong></span> <span class='ocrx_word' id='word_1_29' title='bbox 1494 483 1572 555; x_wconf 88' lang='lat' dir='ltr'><strong>ligno</strong></span> <span class='ocrx_word' id='word_1_30' title='bbox 1586 481 1703 539; x_wconf 86' lang='lat' dir='ltr'><strong>cedrino</strong></span> <span class='ocrx_word' id='word_1_31' title='bbox 1719 485 1749 537; x_wconf 90' lang='lat' dir='ltr'><strong>et</strong></span> <span class='ocrx_word' id='word_1_32' title='bbox 1764 496 1847 537; x_wconf 89' lang='lat' dir='ltr'><strong>cocco</strong></span> 
     </span>
     <span class='ocr_line' id='line_1_4' title="bbox 127 569 1846 646; baseline 0.001 -21"><span class='ocrx_word' id='word_1_33' title='bbox 127 573 209 628; x_wconf 78' lang='lat' dir='ltr'><strong>Vens.</strong></span> <span class='ocrx_word' id='word_1_34' title='bbox 238 575 281 627; x_wconf 77' lang='lat'><strong>15.</strong></span> <span class='ocrx_word' id='word_1_35' title='bbox 312 602 348 614; x_wconf 96' lang='lat'><em>-</em></span> <span class='ocrx_word' id='word_1_36' title='bbox 376 573 518 644; x_wconf 73' lang='lat' dir='ltr'><strong>Quidquid</strong></span> <span class='ocrx_word' id='word_1_37' title='bbox 544 576 664 645; x_wconf 70' lang='lat' dir='ltr'><strong>primm</strong></span> <span class='ocrx_word' id='word_1_38' title='bbox 692 574 795 645; x_wconf 79' lang='lat' dir='ltr'><strong>(Oete.)</strong></span> <span class='ocrx_word' id='word_1_39' title='bbox 822 576 945 632; x_wconf 75' lang='lat' dir='ltr'><strong>Possunt</strong></span> <span class='ocrx_word' id='word_1_40' title='bbox 999 575 1160 642; x_wconf 82' lang='lat' dir='ltr'><strong>offerimus;</strong></span> <span class='ocrx_word' id='word_1_41' title='bbox 1188 573 1258 646; x_wconf 89' lang='lat' dir='ltr'><strong>qnia</strong></span> <span class='ocrx_word' id='word_1_42' title='bbox 1281 589 1346 628; x_wconf 90' lang='lat' dir='ltr'><strong>cum</strong></span> <span class='ocrx_word' id='word_1_43' title='bbox 1373 571 1566 628; x_wconf 75' lang='lat' dir='ltr'><strong>maceratione</strong></span> <span class='ocrx_word' id='word_1_44' title='bbox 1589 569 1717 641; x_wconf 91' lang='lat' dir='ltr'><strong>corporis</strong></span> <span class='ocrx_word' id='word_1_45' title='bbox 1738 569 1846 626; x_wconf 84' lang='lat' dir='ltr'><strong>sacriti-</strong></span> 
     </span>
     <span class='ocr_line' id='line_1_5' title="bbox 89 656 1597 733; baseline 0.001 -21"><span class='ocrx_word' id='word_1_46' title='bbox 89 656 168 712; x_wconf 86' lang='lat' dir='ltr'><strong>lorte</strong></span> <span class='ocrx_word' id='word_1_47' title='bbox 183 657 226 713; x_wconf 93' lang='lat' dir='ltr'><strong>illi</strong></span> <span class='ocrx_word' id='word_1_48' title='bbox 241 659 427 732; x_wconf 90' lang='lat' dir='ltr'><strong>primogeniti</strong></span> <span class='ocrx_word' id='word_1_49' title='bbox 441 661 508 726; x_wconf 90' lang='lat' dir='ltr'><strong>dici,</strong></span> <span class='ocrx_word' id='word_1_50' title='bbox 536 663 665 733; x_wconf 88' lang='lat' dir='ltr'><strong>quicum</strong></span> <span class='ocrx_word' id='word_1_51' title='bbox 693 663 862 719; x_wconf 91' lang='lat' dir='ltr'><strong>mulieribus</strong></span> <span class='ocrx_word' id='word_1_52' title='bbox 886 681 945 719; x_wconf 91' lang='lat' dir='ltr'><strong>non</strong></span> <span class='ocrx_word' id='word_1_53' title='bbox 998 663 1074 718; x_wconf 91' lang='lat' dir='ltr'><strong>cium</strong></span> <span class='ocrx_word' id='word_1_54' title='bbox 1087 661 1154 718; x_wconf 90' lang='lat' dir='ltr'><strong>tldei</strong></span> <span class='ocrx_word' id='word_1_55' title='bbox 1170 660 1230 731; x_wconf 87' lang='lat' dir='ltr'><strong>spei</strong></span> <span class='ocrx_word' id='word_1_56' title='bbox 1242 658 1428 715; x_wconf 83' lang='lat' dir='ltr'><strong>eteberitetis</strong></span> <span class='ocrx_word' id='word_1_57' title='bbox 1440 659 1597 715; x_wconf 88' lang='lat' dir='ltr'><strong>adolemus.</strong></span> 
     </span>
     <span class='ocr_line' id='line_1_6' title="bbox 90 747 1843 824; baseline 0.008 -24"><span class='ocrx_word' id='word_1_58' title='bbox 90 750 163 801; x_wconf 90' lang='lat' dir='ltr'><strong>sunt</strong></span> <span class='ocrx_word' id='word_1_59' title='bbox 184 747 374 820; x_wconf 88' lang='lat' dir='ltr'><strong>coinquinati,</strong></span> <span class='ocrx_word' id='word_1_60' title='bbox 389 750 530 806; x_wconf 74' lang='lat' dir='ltr'><strong>ueletiam</strong></span> <span class='ocrx_word' id='word_1_61' title='bbox 556 757 707 824; x_wconf 57' lang='lat' dir='ltr'><strong>martyrem</strong></span> <span class='ocrx_word' id='word_1_62' title='bbox 725 753 853 823; x_wconf 78' lang='lat' dir='ltr'><strong>primitia</strong></span> <span class='ocrx_word' id='word_1_63' title='bbox 876 769 945 824; x_wconf 89' lang='lat' dir='ltr'><strong>quo·</strong></span> <span class='ocrx_word' id='word_1_64' title='bbox 1035 747 1113 802; x_wconf 68' lang='lat' dir='ltr'><strong>Vites·</strong></span> <span class='ocrx_word' id='word_1_65' title='bbox 1136 751 1162 803; x_wconf 74' lang='lat'><strong>²·</strong></span> <span class='ocrx_word' id='word_1_66' title='bbox 1179 778 1214 790; x_wconf 92' lang='lat'><em>-</em></span> <span class='ocrx_word' id='word_1_67' title='bbox 1233 749 1315 804; x_wconf 82' lang='lat' dir='ltr'><strong>Nullo</strong></span> <span class='ocrx_word' id='word_1_68' title='bbox 1340 750 1378 802; x_wconf 74' lang='lat' dir='ltr'><strong>tt&#39;t</strong></span> <span class='ocrx_word' id='word_1_69' title='bbox 1407 749 1523 802; x_wconf 65' lang='lat' dir='ltr'><strong>mattia-</strong></span> <span class='ocrx_word' id='word_1_70' title='bbox 1549 749 1757 818; x_wconf 47' lang='lat' dir='ltr'><strong>(Atisim</strong></span> <span class='ocrx_word' id='word_1_71' title='bbox 1787 747 1843 814; x_wconf 78' lang='lat' dir='ltr'><strong>³³·l</strong></span> 
     </span>
     <span class='ocr_line' id='line_1_7' title="bbox 91 835 1843 913; baseline 0 -23"><span class='ocrx_word' id='word_1_72' title='bbox 91 851 151 906; x_wconf 88' lang='lat' dir='ltr'><strong>que</strong></span> <span class='ocrx_word' id='word_1_73' title='bbox 168 836 299 892; x_wconf 77' lang='lat' dir='ltr'><strong>Ecclesiae</strong></span> <span class='ocrx_word' id='word_1_74' title='bbox 322 843 441 910; x_wconf 87' lang='lat' dir='ltr'><strong>possunt</strong></span> <span class='ocrx_word' id='word_1_75' title='bbox 462 839 519 894; x_wconf 90' lang='lat' dir='ltr'><strong>dici</strong></span> <span class='ocrx_word' id='word_1_76' title='bbox 543 840 668 913; x_wconf 91' lang='lat' dir='ltr'><strong>virgines</strong></span> <span class='ocrx_word' id='word_1_77' title='bbox 682 839 780 911; x_wconf 80' lang='lat' dir='ltr'><strong>(Apoo.</strong></span> <span class='ocrx_word' id='word_1_78' title='bbox 810 843 871 910; x_wconf 81' lang='lat' dir='ltr'><strong>lt);</strong></span> <span class='ocrx_word' id='word_1_79' title='bbox 893 842 944 898; x_wconf 89' lang='lat' dir='ltr'><strong>de·</strong></span> <span class='ocrx_word' id='word_1_80' title='bbox 998 835 1065 892; x_wconf 89' lang='lat' dir='ltr'><strong>Sine</strong></span> <span class='ocrx_word' id='word_1_81' title='bbox 1090 836 1157 892; x_wconf 84' lang='lat' dir='ltr'><strong>vitio</strong></span> <span class='ocrx_word' id='word_1_82' title='bbox 1184 838 1264 893; x_wconf 87' lang='lat' dir='ltr'><strong>Hanc</strong></span> <span class='ocrx_word' id='word_1_83' title='bbox 1289 837 1367 893; x_wconf 90' lang='lat' dir='ltr'><strong>euim</strong></span> <span class='ocrx_word' id='word_1_84' title='bbox 1398 853 1513 892; x_wconf 86' lang='lat' dir='ltr'><strong>carnem</strong></span> <span class='ocrx_word' id='word_1_85' title='bbox 1540 843 1651 892; x_wconf 78' lang='lat' dir='ltr'><strong>caetere</strong></span> <span class='ocrx_word' id='word_1_86' title='bbox 1682 836 1783 891; x_wconf 80' lang='lat' dir='ltr'><strong>hostias</strong></span> <span class='ocrx_word' id='word_1_87' title='bbox 1806 838 1843 890; x_wconf 89' lang='lat' dir='ltr'><strong>si-</strong></span> 
     </span>
     <span class='ocr_line' id='line_1_8' title="bbox 89 920 1845 1000; baseline -0.002 -22"><span class='ocrx_word' id='word_1_88' title='bbox 89 923 263 989; x_wconf 83' lang='lat' dir='ltr'><strong>cimsevero,</strong></span> <span class='ocrx_word' id='word_1_89' title='bbox 281 927 331 998; x_wconf 91' lang='lat' dir='ltr'><strong>qui</strong></span> <span class='ocrx_word' id='word_1_90' title='bbox 347 933 411 999; x_wconf 91' lang='lat' dir='ltr'><strong>post</strong></span> <span class='ocrx_word' id='word_1_91' title='bbox 433 928 602 1000; x_wconf 86' lang='lat' dir='ltr'><strong>conjugium</strong></span> <span class='ocrx_word' id='word_1_92' title='bbox 618 930 798 984; x_wconf 81' lang='lat' dir='ltr'><strong>continentes</strong></span> <span class='ocrx_word' id='word_1_93' title='bbox 813 934 889 984; x_wconf 90' lang='lat' dir='ltr'><strong>sunt.</strong></span> <span class='ocrx_word' id='word_1_94' title='bbox 998 923 1183 996; x_wconf 83' lang='lat' dir='ltr'><strong>gnillcebant,</strong></span> <span class='ocrx_word' id='word_1_95' title='bbox 1209 931 1275 993; x_wconf 80' lang='lat' dir='ltr'><strong>etc,</strong></span> <span class='ocrx_word' id='word_1_96' title='bbox 1297 940 1382 994; x_wconf 79' lang='lat' dir='ltr'><strong>uspuo</strong></span> <span class='ocrx_word' id='word_1_97' title='bbox 1404 924 1442 979; x_wconf 87' lang='lat' dir='ltr'><strong>od</strong></span> <span class='ocrx_word' id='word_1_98' title='bbox 1464 939 1530 996; x_wconf 76' lang='lat' dir='ltr'><strong>quie</strong></span> <span class='ocrx_word' id='word_1_99' title='bbox 1555 939 1613 979; x_wconf 88' lang='lat' dir='ltr'><strong>nou</strong></span> <span class='ocrx_word' id='word_1_100' title='bbox 1636 922 1737 979; x_wconf 87' lang='lat' dir='ltr'><strong>habuit</strong></span> <span class='ocrx_word' id='word_1_101' title='bbox 1757 920 1788 976; x_wconf 89' lang='lat' dir='ltr'><strong>in</strong></span> <span class='ocrx_word' id='word_1_102' title='bbox 1814 938 1845 975; x_wconf 89' lang='lat' dir='ltr'><strong>se</strong></span> 
     </span>
     <span class='ocr_line' id='line_1_9' title="bbox 130 1013 1123 1088; baseline 0.001 -19"><span class='ocrx_word' id='word_1_103' title='bbox 130 1013 224 1070; x_wconf 81' lang='lat' dir='ltr'><strong>Omne.</strong></span> <span class='ocrx_word' id='word_1_104' title='bbox 249 1014 341 1086; x_wconf 73' lang='lat' dir='ltr'><strong>(Rae.)</strong></span> <span class='ocrx_word' id='word_1_105' title='bbox 358 1017 390 1071; x_wconf 91' lang='lat' dir='ltr'><strong>ln</strong></span> <span class='ocrx_word' id='word_1_106' title='bbox 416 1023 538 1088; x_wconf 89' lang='lat' dir='ltr'><strong>utroque</strong></span> <span class='ocrx_word' id='word_1_107' title='bbox 552 1019 723 1073; x_wconf 84' lang='lat' dir='ltr'><strong>testamento</strong></span> <span class='ocrx_word' id='word_1_108' title='bbox 744 1016 883 1072; x_wconf 86' lang='lat' dir='ltr'><strong>ministris</strong></span> <span class='ocrx_word' id='word_1_109' title='bbox 905 1016 946 1071; x_wconf 86' lang='lat' dir='ltr'><strong>al·</strong></span> <span class='ocrx_word' id='word_1_110' title='bbox 998 1013 1123 1070; x_wconf 81' lang='lat' dir='ltr'><strong>sitium?</strong></span> 
     </span>
     <span class='ocr_line' id='line_1_10' title="bbox 90 1101 1846 1175; baseline 0 -19"><span class='ocrx_word' id='word_1_111' title='bbox 90 1102 165 1156; x_wconf 83' lang='lat' dir='ltr'><strong>teris</strong></span> <span class='ocrx_word' id='word_1_112' title='bbox 177 1101 338 1159; x_wconf 89' lang='lat' dir='ltr'><strong>oblationes</strong></span> <span class='ocrx_word' id='word_1_113' title='bbox 357 1110 386 1160; x_wconf 93' lang='lat' dir='ltr'><strong>et</strong></span> <span class='ocrx_word' id='word_1_114' title='bbox 409 1104 528 1162; x_wconf 73' lang='lat' dir='ltr'><strong>decimet</strong></span> <span class='ocrx_word' id='word_1_115' title='bbox 543 1106 577 1161; x_wconf 90' lang='lat' dir='ltr'><strong>ad</strong></span> <span class='ocrx_word' id='word_1_116' title='bbox 593 1106 751 1162; x_wconf 86' lang='lat' dir='ltr'><strong>necessaria</strong></span> <span class='ocrx_word' id='word_1_117' title='bbox 767 1106 944 1173; x_wconf 88' lang='lat' dir='ltr'><strong>tribuuntur,</strong></span> <span class='ocrx_word' id='word_1_118' title='bbox 1033 1104 1087 1160; x_wconf 89' lang='lat' dir='ltr'><strong>Nec</strong></span> <span class='ocrx_word' id='word_1_119' title='bbox 1117 1106 1279 1174; x_wconf 76' lang='lat' dir='ltr'><strong>portaverit.</strong></span> <span class='ocrx_word' id='word_1_120' title='bbox 1314 1103 1413 1160; x_wconf 86' lang='lat' dir='ltr'><strong>Omnis</strong></span> <span class='ocrx_word' id='word_1_121' title='bbox 1439 1101 1489 1175; x_wconf 86' lang='lat' dir='ltr'><strong>qui</strong></span> <span class='ocrx_word' id='word_1_122' title='bbox 1523 1106 1631 1174; x_wconf 87' lang='lat' dir='ltr'><strong>peccat,</strong></span> <span class='ocrx_word' id='word_1_123' title='bbox 1667 1116 1765 1156; x_wconf 81' lang='lat' dir='ltr'><strong>servus</strong></span> <span class='ocrx_word' id='word_1_124' title='bbox 1801 1105 1846 1156; x_wconf 86' lang='lat' dir='ltr'><strong>eat</strong></span> 
     </span>
     <span class='ocr_line' id='line_1_11' title="bbox 92 1188 1845 1265; baseline -0.001 -20"><span class='ocrx_word' id='word_1_125' title='bbox 92 1206 132 1246; x_wconf 90' lang='lat' dir='ltr'><strong>ne</strong></span> <span class='ocrx_word' id='word_1_126' title='bbox 156 1192 280 1247; x_wconf 88' lang='lat' dir='ltr'><strong>terrenis</strong></span> <span class='ocrx_word' id='word_1_127' title='bbox 305 1193 531 1265; x_wconf 73' lang='lat' dir='ltr'><strong>possessionibus</strong></span> <span class='ocrx_word' id='word_1_128' title='bbox 554 1194 679 1250; x_wconf 85' lang='lat' dir='ltr'><strong>audeant</strong></span> <span class='ocrx_word' id='word_1_129' title='bbox 693 1194 815 1261; x_wconf 89' lang='lat' dir='ltr'><strong>inhiare,</strong></span> <span class='ocrx_word' id='word_1_130' title='bbox 830 1210 883 1249; x_wconf 88' lang='lat' dir='ltr'><strong>nec</strong></span> <span class='ocrx_word' id='word_1_131' title='bbox 902 1195 945 1248; x_wconf 91' lang='lat' dir='ltr'><strong>lu·</strong></span> <span class='ocrx_word' id='word_1_132' title='bbox 998 1191 1106 1262; x_wconf 89' lang='lat' dir='ltr'><strong>peccati</strong></span> <span class='ocrx_word' id='word_1_133' title='bbox 1123 1208 1129 1248; x_wconf 93' lang='lat'><strong>:</strong></span> <span class='ocrx_word' id='word_1_134' title='bbox 1144 1192 1213 1263; x_wconf 89' lang='lat' dir='ltr'><strong>quia</strong></span> <span class='ocrx_word' id='word_1_135' title='bbox 1238 1209 1307 1264; x_wconf 90' lang='lat' dir='ltr'><strong>ergo</strong></span> <span class='ocrx_word' id='word_1_136' title='bbox 1323 1192 1450 1248; x_wconf 82' lang='lat' dir='ltr'><strong>Christus</strong></span> <span class='ocrx_word' id='word_1_137' title='bbox 1471 1206 1618 1263; x_wconf 87' lang='lat' dir='ltr'><strong>nunquam</strong></span> <span class='ocrx_word' id='word_1_138' title='bbox 1634 1189 1771 1263; x_wconf 85' lang='lat' dir='ltr'><strong>peccarit,</strong></span> <span class='ocrx_word' id='word_1_139' title='bbox 1796 1188 1845 1261; x_wconf 73' lang='lat' dir='ltr'><strong>Ju-</strong></span> 
     </span>
     <span class='ocr_line' id='line_1_12' title="bbox 93 1280 1291 1355; baseline 0.002 -21"><span class='ocrx_word' id='word_1_140' title='bbox 93 1295 178 1334; x_wconf 87' lang='lat' dir='ltr'><strong>crum</strong></span> <span class='ocrx_word' id='word_1_141' title='bbox 194 1280 230 1335; x_wconf 90' lang='lat' dir='ltr'><strong>de</strong></span> <span class='ocrx_word' id='word_1_142' title='bbox 256 1281 415 1337; x_wconf 89' lang='lat' dir='ltr'><strong>ministerio</strong></span> <span class='ocrx_word' id='word_1_143' title='bbox 442 1301 571 1355; x_wconf 74' lang='lat' dir='ltr'><strong>quaerere</strong></span> <span class='ocrx_word' id='word_1_144' title='bbox 588 1301 595 1340; x_wconf 90' lang='lat'>:</span> <span class='ocrx_word' id='word_1_145' title='bbox 611 1285 697 1352; x_wconf 89' lang='lat' dir='ltr'><strong>unde,</strong></span> <span class='ocrx_word' id='word_1_146' title='bbox 723 1285 816 1342; x_wconf 79' lang='lat' dir='ltr'><strong>Gratia</strong></span> <span class='ocrx_word' id='word_1_147' title='bbox 837 1285 946 1353; x_wconf 87' lang='lat' dir='ltr'><strong>occepi-</strong></span> <span class='ocrx_word' id='word_1_148' title='bbox 1000 1296 1070 1351; x_wconf 90' lang='lat' dir='ltr'><strong>gum</strong></span> <span class='ocrx_word' id='word_1_149' title='bbox 1085 1297 1141 1335; x_wconf 90' lang='lat' dir='ltr'><strong>non</strong></span> <span class='ocrx_word' id='word_1_150' title='bbox 1158 1282 1291 1352; x_wconf 87' lang='lat' dir='ltr'><strong>porterit.</strong></span> 
     </span>
     <span class='ocr_line' id='line_1_13' title="bbox 95 1369 1843 1443; baseline -0.002 -19"><span class='ocrx_word' id='word_1_151' title='bbox 95 1371 156 1435; x_wconf 77' lang='lat' dir='ltr'><strong>stis,</strong></span> <span class='ocrx_word' id='word_1_152' title='bbox 177 1371 267 1436; x_wconf 75' lang='lat' dir='ltr'><strong>protis</strong></span> <span class='ocrx_word' id='word_1_153' title='bbox 291 1369 362 1426; x_wconf 87' lang='lat' dir='ltr'><strong>dote.</strong></span> <span class='ocrx_word' id='word_1_154' title='bbox 386 1373 474 1427; x_wconf 84' lang='lat' dir='ltr'><strong>Nolite</strong></span> <span class='ocrx_word' id='word_1_155' title='bbox 500 1374 639 1443; x_wconf 83' lang='lat' dir='ltr'><strong>possidere</strong></span> <span class='ocrx_word' id='word_1_156' title='bbox 667 1389 766 1428; x_wconf 85' lang='lat' dir='ltr'><strong>aurum</strong></span> <span class='ocrx_word' id='word_1_157' title='bbox 789 1387 874 1442; x_wconf 74' lang='lat' dir='ltr'><strong>neque</strong></span> <span class='ocrx_word' id='word_1_158' title='bbox 895 1387 946 1426; x_wconf 84' lang='lat' dir='ltr'><strong>or·</strong></span> <span class='ocrx_word' id='word_1_159' title='bbox 1034 1369 1127 1440; x_wconf 77' lang='lat' dir='ltr'><strong>(too)</strong></span> <span class='ocrx_word' id='word_1_160' title='bbox 1150 1371 1213 1425; x_wconf 78' lang='lat' dir='ltr'><strong>Alia</strong></span> <span class='ocrx_word' id='word_1_161' title='bbox 1234 1371 1337 1425; x_wconf 78' lang='lat' dir='ltr'><strong>littora.</strong></span> <span class='ocrx_word' id='word_1_162' title='bbox 1362 1372 1397 1426; x_wconf 63' lang='grc' dir='ltr'><strong>Β)</strong></span> <span class='ocrx_word' id='word_1_163' title='bbox 1419 1385 1472 1424; x_wconf 74' lang='lat' dir='ltr'><strong>oola</strong></span> <span class='ocrx_word' id='word_1_164' title='bbox 1500 1373 1642 1439; x_wconf 79' lang='lat' dir='ltr'><strong>estsuper</strong></span> <span class='ocrx_word' id='word_1_165' title='bbox 1663 1383 1723 1423; x_wconf 88' lang='lat' dir='ltr'><strong>eom</strong></span> <span class='ocrx_word' id='word_1_166' title='bbox 1748 1381 1843 1437; x_wconf 85' lang='lat' dir='ltr'><strong>super-</strong></span> 
     </span>
     <span class='ocr_line' id='line_1_14' title="bbox 95 1454 1847 1533; baseline -0.001 -22"><span class='ocrx_word' id='word_1_167' title='bbox 95 1461 218 1528; x_wconf 70' lang='lat' dir='ltr'><strong>acutum,</strong></span> <span class='ocrx_word' id='word_1_168' title='bbox 234 1463 470 1529; x_wconf 79' lang='lat' dir='ltr'><strong>ruquepecuuiom</strong></span> <span class='ocrx_word' id='word_1_169' title='bbox 489 1461 598 1531; x_wconf 79' lang='lat' dir='ltr'><strong>(blattis.</strong></span> <span class='ocrx_word' id='word_1_170' title='bbox 616 1465 655 1533; x_wconf 82' lang='lat' dir='ltr'><strong>r).</strong></span> <span class='ocrx_word' id='word_1_171' title='bbox 999 1463 1116 1531; x_wconf 82' lang='lat' dir='ltr'><strong>positum</strong></span> <span class='ocrx_word' id='word_1_172' title='bbox 1127 1462 1235 1530; x_wconf 73' lang='lat' dir='ltr'><strong>jupam,</strong></span> <span class='ocrx_word' id='word_1_173' title='bbox 1252 1465 1305 1514; x_wconf 88' lang='lat' dir='ltr'><strong>etc.</strong></span> <span class='ocrx_word' id='word_1_174' title='bbox 1325 1460 1386 1514; x_wconf 80' lang='lat' dir='ltr'><strong>tlon</strong></span> <span class='ocrx_word' id='word_1_175' title='bbox 1412 1458 1489 1512; x_wconf 91' lang='lat' dir='ltr'><strong>enim</strong></span> <span class='ocrx_word' id='word_1_176' title='bbox 1503 1458 1654 1529; x_wconf 86' lang='lat' dir='ltr'><strong>subjugata</strong></span> <span class='ocrx_word' id='word_1_177' title='bbox 1667 1460 1709 1512; x_wconf 89' lang='lat' dir='ltr'><strong>est</strong></span> <span class='ocrx_word' id='word_1_178' title='bbox 1735 1454 1847 1527; x_wconf 82' lang='lat' dir='ltr'><strong>iniqui·</strong></span> 
     </span>
     <span class='ocr_line' id='line_1_15' title="bbox 132 1543 1846 1623; baseline -0.002 -22"><span class='ocrx_word' id='word_1_179' title='bbox 132 1546 248 1617; x_wconf 67' lang='lat' dir='ltr'><strong>Hystica</strong></span> <span class='ocrx_word' id='word_1_180' title='bbox 270 1553 367 1602; x_wconf 87' lang='lat' dir='ltr'><strong>autem</strong></span> <span class='ocrx_word' id='word_1_181' title='bbox 383 1549 500 1604; x_wconf 80' lang='lat' dir='ltr'><strong>decima:</strong></span> <span class='ocrx_word' id='word_1_182' title='bbox 517 1549 726 1605; x_wconf 78' lang='lat' dir='ltr'><strong>observantiam</strong></span> <span class='ocrx_word' id='word_1_183' title='bbox 745 1550 816 1623; x_wconf 86' lang='lat' dir='ltr'><strong>legis</strong></span> <span class='ocrx_word' id='word_1_184' title='bbox 834 1548 945 1620; x_wconf 86' lang='lat' dir='ltr'><strong>signiti-</strong></span> <span class='ocrx_word' id='word_1_185' title='bbox 1000 1549 1062 1617; x_wconf 88' lang='lat' dir='ltr'><strong>tati,</strong></span> <span class='ocrx_word' id='word_1_186' title='bbox 1081 1549 1128 1603; x_wconf 90' lang='lat' dir='ltr'><strong>cui</strong></span> <span class='ocrx_word' id='word_1_187' title='bbox 1149 1549 1316 1618; x_wconf 82' lang='lat' dir='ltr'><strong>subjugatos</strong></span> <span class='ocrx_word' id='word_1_188' title='bbox 1339 1545 1488 1601; x_wconf 77' lang='lat' dir='ltr'><strong>inveniens</strong></span> <span class='ocrx_word' id='word_1_189' title='bbox 1514 1545 1655 1614; x_wconf 87' lang='lat' dir='ltr'><strong>liberarit,</strong></span> <span class='ocrx_word' id='word_1_190' title='bbox 1679 1550 1709 1599; x_wconf 89' lang='lat' dir='ltr'><strong>et</strong></span> <span class='ocrx_word' id='word_1_191' title='bbox 1731 1543 1846 1599; x_wconf 85' lang='lat' dir='ltr'><strong>vincula</strong></span> 
     </span>
     <span class='ocr_line' id='line_1_16' title="bbox 96 1631 1848 1710; baseline -0.002 -22"><span class='ocrx_word' id='word_1_192' title='bbox 96 1636 171 1699; x_wconf 87' lang='lat' dir='ltr'><strong>eant,</strong></span> <span class='ocrx_word' id='word_1_193' title='bbox 195 1633 240 1688; x_wconf 84' lang='lat' dir='ltr'><strong>rel</strong></span> <span class='ocrx_word' id='word_1_194' title='bbox 263 1634 457 1692; x_wconf 87' lang='lat' dir='ltr'><strong>sinceritatem</strong></span> <span class='ocrx_word' id='word_1_195' title='bbox 481 1638 654 1710; x_wconf 80' lang='lat' dir='ltr'><strong>integritatis</strong></span> <span class='ocrx_word' id='word_1_196' title='bbox 679 1638 758 1704; x_wconf 80' lang='lat' dir='ltr'><strong>fidei,</strong></span> <span class='ocrx_word' id='word_1_197' title='bbox 776 1639 819 1693; x_wconf 84' lang='lat' dir='ltr'><strong>rel</strong></span> <span class='ocrx_word' id='word_1_198' title='bbox 847 1637 942 1710; x_wconf 87' lang='lat' dir='ltr'><strong>perie-</strong></span> <span class='ocrx_word' id='word_1_199' title='bbox 1001 1653 1102 1694; x_wconf 90' lang='lat' dir='ltr'><strong>eorum</strong></span> <span class='ocrx_word' id='word_1_200' title='bbox 1133 1636 1251 1708; x_wconf 88' lang='lat' dir='ltr'><strong>dirupit.</strong></span> <span class='ocrx_word' id='word_1_201' title='bbox 1278 1635 1379 1692; x_wconf 83' lang='lat' dir='ltr'><strong>Unde:</strong></span> <span class='ocrx_word' id='word_1_202' title='bbox 1401 1636 1536 1702; x_wconf 75' lang='lat' dir='ltr'><strong>dirupisti</strong></span> <span class='ocrx_word' id='word_1_203' title='bbox 1560 1634 1671 1689; x_wconf 83' lang='lat' dir='ltr'><strong>oirrcrtid</strong></span> <span class='ocrx_word' id='word_1_204' title='bbox 1702 1647 1770 1699; x_wconf 86' lang='lat' dir='ltr'><strong>meo,</strong></span> <span class='ocrx_word' id='word_1_205' title='bbox 1797 1631 1848 1686; x_wconf 84' lang='lat' dir='ltr'><strong>titi</strong></span> 
     </span>
     <span class='ocr_line' id='line_1_17' title="bbox 98 1718 1845 1799; baseline -0.002 -24"><span class='ocrx_word' id='word_1_206' title='bbox 98 1720 222 1777; x_wconf 88' lang='lat' dir='ltr'><strong>ctionem</strong></span> <span class='ocrx_word' id='word_1_207' title='bbox 245 1722 313 1777; x_wconf 92' lang='lat' dir='ltr'><strong>boni</strong></span> <span class='ocrx_word' id='word_1_208' title='bbox 341 1725 447 1795; x_wconf 87' lang='lat' dir='ltr'><strong>operis,</strong></span> <span class='ocrx_word' id='word_1_209' title='bbox 474 1742 539 1798; x_wconf 77' lang='lat' dir='ltr'><strong>quae</strong></span> <span class='ocrx_word' id='word_1_210' title='bbox 558 1727 681 1782; x_wconf 79' lang='lat' dir='ltr'><strong>maxime</strong></span> <span class='ocrx_word' id='word_1_211' title='bbox 707 1728 813 1782; x_wconf 89' lang='lat' dir='ltr'><strong>babere</strong></span> <span class='ocrx_word' id='word_1_212' title='bbox 839 1726 945 1782; x_wconf 87' lang='lat' dir='ltr'><strong>debent</strong></span> <span class='ocrx_word' id='word_1_213' title='bbox 998 1726 1157 1799; x_wconf 70' lang='lat' dir='ltr'><strong>sacrificabo</strong></span> <span class='ocrx_word' id='word_1_214' title='bbox 1189 1727 1306 1781; x_wconf 81' lang='lat' dir='ltr'><strong>bostium</strong></span> <span class='ocrx_word' id='word_1_215' title='bbox 1332 1724 1434 1792; x_wconf 82' lang='lat' dir='ltr'><strong>laudis,</strong></span> <span class='ocrx_word' id='word_1_216' title='bbox 1457 1728 1513 1778; x_wconf 89' lang='lat' dir='ltr'><strong>etc.</strong></span> <span class='ocrx_word' id='word_1_217' title='bbox 1549 1721 1639 1794; x_wconf 90' lang='lat' dir='ltr'><strong>Super</strong></span> <span class='ocrx_word' id='word_1_218' title='bbox 1663 1721 1740 1777; x_wconf 88' lang='lat' dir='ltr'><strong>illius</strong></span> <span class='ocrx_word' id='word_1_219' title='bbox 1767 1718 1845 1774; x_wconf 88' lang='lat' dir='ltr'><strong>enim</strong></span> 
     </span>
     <span class='ocr_line' id='line_1_18' title="bbox 98 1808 1846 1885; baseline -0.001 -21"><span class='ocrx_word' id='word_1_220' title='bbox 98 1809 145 1882; x_wconf 88' lang='lat' dir='ltr'><strong>qui</strong></span> <span class='ocrx_word' id='word_1_221' title='bbox 159 1809 322 1866; x_wconf 88' lang='lat' dir='ltr'><strong>ministerio</strong></span> <span class='ocrx_word' id='word_1_222' title='bbox 344 1812 442 1868; x_wconf 77' lang='lat' dir='ltr'><strong>divino</strong></span> <span class='ocrx_word' id='word_1_223' title='bbox 466 1831 495 1869; x_wconf 91' lang='lat' dir='ltr'><strong>se</strong></span> <span class='ocrx_word' id='word_1_224' title='bbox 511 1815 656 1871; x_wconf 80' lang='lat' dir='ltr'><strong>exhibent.</strong></span> <span class='ocrx_word' id='word_1_225' title='bbox 673 1816 705 1870; x_wconf 88' lang='lat' dir='ltr'><strong>ln</strong></span> <span class='ocrx_word' id='word_1_226' title='bbox 720 1815 838 1871; x_wconf 85' lang='lat' dir='ltr'><strong>denario</strong></span> <span class='ocrx_word' id='word_1_227' title='bbox 866 1815 944 1870; x_wconf 90' lang='lat' dir='ltr'><strong>enim</strong></span> <span class='ocrx_word' id='word_1_228' title='bbox 998 1831 1114 1872; x_wconf 88' lang='lat' dir='ltr'><strong>carnem</strong></span> <span class='ocrx_word' id='word_1_229' title='bbox 1135 1820 1251 1870; x_wconf 88' lang='lat' dir='ltr'><strong>nonest</strong></span> <span class='ocrx_word' id='word_1_230' title='bbox 1275 1812 1400 1885; x_wconf 91' lang='lat' dir='ltr'><strong>positum</strong></span> <span class='ocrx_word' id='word_1_231' title='bbox 1412 1813 1527 1883; x_wconf 86' lang='lat' dir='ltr'><strong>jugum,</strong></span> <span class='ocrx_word' id='word_1_232' title='bbox 1541 1810 1590 1882; x_wconf 78' lang='lat' dir='ltr'><strong>qui</strong></span> <span class='ocrx_word' id='word_1_233' title='bbox 1609 1813 1778 1882; x_wconf 89' lang='lat' dir='ltr'><strong>potestatem</strong></span> <span class='ocrx_word' id='word_1_234' title='bbox 1799 1808 1846 1863; x_wconf 88' lang='lat' dir='ltr'><strong>ha·</strong></span> 
     </span>
     <span class='ocr_line' id='line_1_19' title="bbox 100 1895 1844 1975; baseline -0.001 -24"><span class='ocrx_word' id='word_1_235' title='bbox 100 1913 217 1954; x_wconf 90' lang='lat' dir='ltr'><strong>numero</strong></span> <span class='ocrx_word' id='word_1_236' title='bbox 238 1905 378 1955; x_wconf 79' lang='lat' dir='ltr'><strong>creature.</strong></span> <span class='ocrx_word' id='word_1_237' title='bbox 405 1907 433 1956; x_wconf 85' lang='lat' dir='ltr'><strong>ct</strong></span> <span class='ocrx_word' id='word_1_238' title='bbox 448 1904 584 1958; x_wconf 82' lang='lat' dir='ltr'><strong>creatoris</strong></span> <span class='ocrx_word' id='word_1_239' title='bbox 612 1903 730 1975; x_wconf 89' lang='lat' dir='ltr'><strong>cognito</strong></span> <span class='ocrx_word' id='word_1_240' title='bbox 753 1904 943 1974; x_wconf 88' lang='lat' dir='ltr'><strong>comprehen·</strong></span> <span class='ocrx_word' id='word_1_241' title='bbox 998 1899 1061 1956; x_wconf 92' lang='lat' dir='ltr'><strong>buit</strong></span> <span class='ocrx_word' id='word_1_242' title='bbox 1071 1901 1199 1972; x_wconf 88' lang='lat' dir='ltr'><strong>ponendi</strong></span> <span class='ocrx_word' id='word_1_243' title='bbox 1209 1901 1336 1955; x_wconf 87' lang='lat' dir='ltr'><strong>enimam</strong></span> <span class='ocrx_word' id='word_1_244' title='bbox 1352 1915 1444 1966; x_wconf 91' lang='lat' dir='ltr'><strong>suem,</strong></span> <span class='ocrx_word' id='word_1_245' title='bbox 1460 1904 1489 1954; x_wconf 91' lang='lat' dir='ltr'><strong>et</strong></span> <span class='ocrx_word' id='word_1_246' title='bbox 1504 1898 1609 1952; x_wconf 89' lang='lat' dir='ltr'><strong>iterum</strong></span> <span class='ocrx_word' id='word_1_247' title='bbox 1624 1895 1756 1954; x_wconf 88' lang='lat' dir='ltr'><strong>sumendi</strong></span> <span class='ocrx_word' id='word_1_248' title='bbox 1770 1911 1844 1950; x_wconf 88' lang='lat' dir='ltr'><strong>eam.</strong></span> 
     </span>
     <span class='ocr_line' id='line_1_20' title="bbox 101 1983 1846 2062; baseline -0.002 -22"><span class='ocrx_word' id='word_1_249' title='bbox 101 1985 184 2055; x_wconf 89' lang='lat' dir='ltr'><strong>ditur,</strong></span> <span class='ocrx_word' id='word_1_250' title='bbox 209 1987 280 2058; x_wconf 80' lang='lat' dir='ltr'><strong>quie</strong></span> <span class='ocrx_word' id='word_1_251' title='bbox 300 1990 480 2060; x_wconf 84' lang='lat' dir='ltr'><strong>septenarius</strong></span> <span class='ocrx_word' id='word_1_252' title='bbox 493 1992 611 2062; x_wconf 84' lang='lat' dir='ltr'><strong>respicit</strong></span> <span class='ocrx_word' id='word_1_253' title='bbox 629 1994 665 2048; x_wconf 90' lang='lat' dir='ltr'><strong>ad</strong></span> <span class='ocrx_word' id='word_1_254' title='bbox 682 1995 839 2048; x_wconf 83' lang='lat' dir='ltr'><strong>humanam</strong></span> <span class='ocrx_word' id='word_1_255' title='bbox 859 1997 944 2046; x_wconf 88' lang='lat' dir='ltr'><strong>natu·</strong></span> <span class='ocrx_word' id='word_1_256' title='bbox 1035 1990 1114 2044; x_wconf 80' lang='lat' dir='ltr'><strong>Vens.</strong></span> <span class='ocrx_word' id='word_1_257' title='bbox 1141 1992 1166 2044; x_wconf 80' lang='grc'><strong>3.</strong></span> <span class='ocrx_word' id='word_1_258' title='bbox 1187 2018 1223 2030; x_wconf 93' lang='grc'>-</span> <span class='ocrx_word' id='word_1_259' title='bbox 1245 1989 1431 2058; x_wconf 72' lang='lat' dir='ltr'><strong>tradetisque.</strong></span> <span class='ocrx_word' id='word_1_260' title='bbox 1465 1989 1552 2042; x_wconf 88' lang='lat' dir='ltr'><strong>Vacca</strong></span> <span class='ocrx_word' id='word_1_261' title='bbox 1577 1985 1612 2040; x_wconf 86' lang='lat' dir='ltr'><strong>ad</strong></span> <span class='ocrx_word' id='word_1_262' title='bbox 1637 1983 1846 2039; x_wconf 86' lang='lat' dir='ltr'><strong>immolandum</strong></span> 
     </span>
     <span class='ocr_line' id='line_1_21' title="bbox 100 2073 1847 2150; baseline -0.002 -21"><span class='ocrx_word' id='word_1_263' title='bbox 100 2086 169 2143; x_wconf 82' lang='lat' dir='ltr'><strong>tam,</strong></span> <span class='ocrx_word' id='word_1_264' title='bbox 184 2076 467 2134; x_wconf 83' lang='lat' dir='ltr'><strong>tribusscilicctvim</strong></span> <span class='ocrx_word' id='word_1_265' title='bbox 483 2080 829 2146; x_wconf 83' lang='lat' dir='ltr'><strong>animoeosteudentlbos;</strong></span> <span class='ocrx_word' id='word_1_266' title='bbox 858 2080 945 2145; x_wconf 89' lang='lat' dir='ltr'><strong>uude,</strong></span> <span class='ocrx_word' id='word_1_267' title='bbox 999 2077 1139 2132; x_wconf 85' lang='lat' dir='ltr'><strong>sacerdoti</strong></span> <span class='ocrx_word' id='word_1_268' title='bbox 1176 2077 1308 2145; x_wconf 87' lang='lat' dir='ltr'><strong>traditur,</strong></span> <span class='ocrx_word' id='word_1_269' title='bbox 1341 2076 1409 2150; x_wconf 87' lang='lat' dir='ltr'><strong>quia</strong></span> <span class='ocrx_word' id='word_1_270' title='bbox 1441 2075 1578 2131; x_wconf 87' lang='lat' dir='ltr'><strong>Dominus</strong></span> <span class='ocrx_word' id='word_1_271' title='bbox 1605 2073 1768 2128; x_wconf 85' lang='lat' dir='ltr'><strong>incarnatus</strong></span> <span class='ocrx_word' id='word_1_272' title='bbox 1795 2087 1847 2144; x_wconf 93' lang='lat' dir='ltr'><strong>pro</strong></span> 
     </span>
     <span class='ocr_line' id='line_1_22' title="bbox 101 2159 1847 2238; baseline -0.002 -20"><span class='ocrx_word' id='word_1_273' title='bbox 101 2165 196 2233; x_wconf 74' lang='lat' dir='ltr'><strong>Diliges</strong></span> <span class='ocrx_word' id='word_1_274' title='bbox 230 2167 375 2223; x_wconf 57' lang='lat' dir='ltr'><strong>&amp;minum</strong></span> <span class='ocrx_word' id='word_1_275' title='bbox 400 2170 486 2223; x_wconf 85' lang='lat' dir='ltr'><strong>Deum</strong></span> <span class='ocrx_word' id='word_1_276' title='bbox 511 2176 587 2224; x_wconf 88' lang='lat' dir='ltr'><strong>tuum</strong></span> <span class='ocrx_word' id='word_1_277' title='bbox 610 2186 644 2224; x_wconf 78' lang='lat' dir='ltr'><strong>ec</strong></span> <span class='ocrx_word' id='word_1_278' title='bbox 663 2175 717 2225; x_wconf 90' lang='lat' dir='ltr'><strong>toto</strong></span> <span class='ocrx_word' id='word_1_279' title='bbox 740 2170 892 2236; x_wconf 85' lang='lat' dir='ltr'><strong>cordetuo,</strong></span> <span class='ocrx_word' id='word_1_280' title='bbox 920 2173 946 2224; x_wconf 87' lang='lat' dir='ltr'><strong>et</strong></span> <span class='ocrx_word' id='word_1_281' title='bbox 1000 2165 1197 2238; x_wconf 86' lang='lat' dir='ltr'><strong>redemptione</strong></span> <span class='ocrx_word' id='word_1_282' title='bbox 1231 2170 1328 2220; x_wconf 89' lang='lat' dir='ltr'><strong>nostra</strong></span> <span class='ocrx_word' id='word_1_283' title='bbox 1355 2164 1528 2220; x_wconf 83' lang='lat' dir='ltr'><strong>sacrificium</strong></span> <span class='ocrx_word' id='word_1_284' title='bbox 1555 2161 1741 2233; x_wconf 89' lang='lat' dir='ltr'><strong>semetipsum</strong></span> <span class='ocrx_word' id='word_1_285' title='bbox 1770 2159 1847 2228; x_wconf 87' lang='lat' dir='ltr'><strong>lecit,</strong></span> 
     </span>
     <span class='ocr_line' id='line_1_23' title="bbox 102 2253 1475 2326; baseline 0 -20"><span class='ocrx_word' id='word_1_286' title='bbox 102 2257 199 2307; x_wconf 78' lang='lat' dir='ltr'><strong>ectotu</strong></span> <span class='ocrx_word' id='word_1_287' title='bbox 222 2259 316 2309; x_wconf 81' lang='lat' dir='ltr'><strong>enimc</strong></span> <span class='ocrx_word' id='word_1_288' title='bbox 335 2262 392 2323; x_wconf 85' lang='lat' dir='ltr'><strong>tuo,</strong></span> <span class='ocrx_word' id='word_1_289' title='bbox 422 2262 447 2312; x_wconf 89' lang='lat' dir='ltr'><strong>et</strong></span> <span class='ocrx_word' id='word_1_290' title='bbox 462 2273 496 2312; x_wconf 80' lang='lat' dir='ltr'><strong>ec</strong></span> <span class='ocrx_word' id='word_1_291' title='bbox 519 2263 576 2313; x_wconf 88' lang='lat' dir='ltr'><strong>toto</strong></span> <span class='ocrx_word' id='word_1_292' title='bbox 597 2257 762 2326; x_wconf 74' lang='lat' dir='ltr'><strong>fortitudine</strong></span> <span class='ocrx_word' id='word_1_293' title='bbox 792 2263 840 2313; x_wconf 85' lang='lat' dir='ltr'><strong>tuo</strong></span> <span class='ocrx_word' id='word_1_294' title='bbox 859 2259 945 2326; x_wconf 79' lang='lat' dir='ltr'><strong>(licut.</strong></span> <span class='ocrx_word' id='word_1_295' title='bbox 999 2254 1082 2309; x_wconf 86' lang='lat' dir='ltr'><strong>datus</strong></span> <span class='ocrx_word' id='word_1_296' title='bbox 1097 2253 1475 2325; x_wconf 81' lang='lat' dir='ltr'><strong>manibostudaicipopuli.</strong></span> 
     </span>
     <span class='ocr_line' id='line_1_24' title="bbox 104 2341 1848 2415; baseline 0.001 -22"><span class='ocrx_word' id='word_1_297' title='bbox 104 2344 146 2407; x_wconf 86' lang='lat' dir='ltr'><strong>u).</strong></span> <span class='ocrx_word' id='word_1_298' title='bbox 180 2341 291 2412; x_wconf 76' lang='lat' dir='ltr'><strong>Corpus</strong></span> <span class='ocrx_word' id='word_1_299' title='bbox 319 2349 415 2397; x_wconf 86' lang='lat' dir='ltr'><strong>eutem</strong></span> <span class='ocrx_word' id='word_1_300' title='bbox 443 2360 477 2399; x_wconf 87' lang='lat' dir='ltr'><strong>ex</strong></span> <span class='ocrx_word' id='word_1_301' title='bbox 498 2351 622 2415; x_wconf 87' lang='lat' dir='ltr'><strong>quatuor</strong></span> <span class='ocrx_word' id='word_1_302' title='bbox 649 2350 761 2401; x_wconf 87' lang='lat' dir='ltr'><strong>constat</strong></span> <span class='ocrx_word' id='word_1_303' title='bbox 785 2345 944 2400; x_wconf 87' lang='lat' dir='ltr'><strong>clementis.</strong></span> <span class='ocrx_word' id='word_1_304' title='bbox 1036 2343 1125 2412; x_wconf 75' lang='lat' dir='ltr'><strong>(boo.)</strong></span> <span class='ocrx_word' id='word_1_305' title='bbox 1153 2342 1216 2398; x_wconf 77' lang='lat' dir='ltr'><strong>Alia</strong></span> <span class='ocrx_word' id='word_1_306' title='bbox 1243 2342 1347 2399; x_wconf 87' lang='lat' dir='ltr'><strong>littera.</strong></span> <span class='ocrx_word' id='word_1_307' title='bbox 1375 2346 1410 2400; x_wconf 76' lang='lat' dir='ltr'><strong>tit</strong></span> <span class='ocrx_word' id='word_1_308' title='bbox 1437 2341 1517 2397; x_wconf 80' lang='lat' dir='ltr'><strong>dotis</strong></span> <span class='ocrx_word' id='word_1_309' title='bbox 1539 2357 1599 2397; x_wconf 86' lang='lat' dir='ltr'><strong>eom</strong></span> <span class='ocrx_word' id='word_1_310' title='bbox 1621 2341 1658 2396; x_wconf 89' lang='lat' dir='ltr'><strong>od</strong></span> <span class='ocrx_word' id='word_1_311' title='bbox 1686 2341 1848 2397; x_wconf 76' lang='lat' dir='ltr'><strong>Eleazarum</strong></span> 
     </span>
     <span class='ocr_line' id='line_1_25' title="bbox 104 2426 1847 2500; baseline 0.001 -19"><span class='ocrx_word' id='word_1_312' title='bbox 104 2426 310 2496; x_wconf 82' lang='lat' dir='ltr'><strong>Septenarium,</strong></span> <span class='ocrx_word' id='word_1_313' title='bbox 339 2438 447 2496; x_wconf 88' lang='lat' dir='ltr'><strong>eutem,</strong></span> <span class='ocrx_word' id='word_1_314' title='bbox 472 2433 496 2486; x_wconf 93' lang='lat' dir='ltr'><strong>si</strong></span> <span class='ocrx_word' id='word_1_315' title='bbox 511 2434 635 2488; x_wconf 88' lang='lat' dir='ltr'><strong>ternario</strong></span> <span class='ocrx_word' id='word_1_316' title='bbox 661 2449 781 2489; x_wconf 89' lang='lat' dir='ltr'><strong>numero</strong></span> <span class='ocrx_word' id='word_1_317' title='bbox 804 2434 890 2489; x_wconf 86' lang='lat' dir='ltr'><strong>tidem</strong></span> <span class='ocrx_word' id='word_1_318' title='bbox 918 2439 947 2488; x_wconf 91' lang='lat' dir='ltr'><strong>et</strong></span> <span class='ocrx_word' id='word_1_319' title='bbox 1000 2431 1174 2497; x_wconf 79' lang='lat' dir='ltr'><strong>sacerdotem,</strong></span> <span class='ocrx_word' id='word_1_320' title='bbox 1190 2437 1243 2487; x_wconf 88' lang='lat' dir='ltr'><strong>etc.</strong></span> <span class='ocrx_word' id='word_1_321' title='bbox 1260 2432 1317 2488; x_wconf 88' lang='lat' dir='ltr'><strong>Cur</strong></span> <span class='ocrx_word' id='word_1_322' title='bbox 1336 2448 1393 2488; x_wconf 89' lang='lat' dir='ltr'><strong>noo</strong></span> <span class='ocrx_word' id='word_1_323' title='bbox 1416 2432 1450 2488; x_wconf 91' lang='lat' dir='ltr'><strong>ad</strong></span> <span class='ocrx_word' id='word_1_324' title='bbox 1472 2432 1588 2486; x_wconf 73' lang='lat' dir='ltr'><strong>Aaron?</strong></span> <span class='ocrx_word' id='word_1_325' title='bbox 1610 2431 1694 2485; x_wconf 82' lang='lat' dir='ltr'><strong>Forte</strong></span> <span class='ocrx_word' id='word_1_326' title='bbox 1709 2429 1847 2500; x_wconf 83' lang='lat' dir='ltr'><strong>proellgu-</strong></span> 
     </span>
     <span class='ocr_line' id='line_1_26' title="bbox 106 2514 1848 2593; baseline 0.003 -26"><span class='ocrx_word' id='word_1_327' title='bbox 106 2514 305 2571; x_wconf 86' lang='lat' dir='ltr'><strong>contessionem</strong></span> <span class='ocrx_word' id='word_1_328' title='bbox 328 2519 475 2574; x_wconf 82' lang='lat' dir='ltr'><strong>Trinitatis</strong></span> <span class='ocrx_word' id='word_1_329' title='bbox 499 2520 670 2592; x_wconf 79' lang='lat' dir='ltr'><strong>exprimenti</strong></span> <span class='ocrx_word' id='word_1_330' title='bbox 695 2520 871 2593; x_wconf 81' lang='lat' dir='ltr'><strong>adjunxeris,</strong></span> <span class='ocrx_word' id='word_1_331' title='bbox 895 2521 944 2577; x_wconf 90' lang='lat' dir='ltr'><strong>de·</strong></span> <span class='ocrx_word' id='word_1_332' title='bbox 1000 2525 1161 2588; x_wconf 86' lang='lat' dir='ltr'><strong>ratumest,</strong></span> <span class='ocrx_word' id='word_1_333' title='bbox 1188 2535 1248 2575; x_wconf 91' lang='lat' dir='ltr'><strong>non</strong></span> <span class='ocrx_word' id='word_1_334' title='bbox 1268 2519 1305 2575; x_wconf 91' lang='lat' dir='ltr'><strong>ad</strong></span> <span class='ocrx_word' id='word_1_335' title='bbox 1320 2526 1434 2593; x_wconf 90' lang='lat' dir='ltr'><strong>tempus</strong></span> <span class='ocrx_word' id='word_1_336' title='bbox 1458 2518 1536 2592; x_wconf 88' lang='lat' dir='ltr'><strong>quod</strong></span> <span class='ocrx_word' id='word_1_337' title='bbox 1560 2524 1628 2574; x_wconf 92' lang='lat' dir='ltr'><strong>tunc</strong></span> <span class='ocrx_word' id='word_1_338' title='bbox 1652 2522 1722 2584; x_wconf 89' lang='lat' dir='ltr'><strong>erat,</strong></span> <span class='ocrx_word' id='word_1_339' title='bbox 1738 2516 1787 2572; x_wconf 90' lang='lat' dir='ltr'><strong>sed</strong></span> <span class='ocrx_word' id='word_1_340' title='bbox 1811 2517 1848 2572; x_wconf 89' lang='lat' dir='ltr'><strong>ad</strong></span> 
     </span>
     <span class='ocr_line' id='line_1_27' title="bbox 107 2603 1846 2680; baseline 0.001 -23"><span class='ocrx_word' id='word_1_341' title='bbox 107 2603 209 2657; x_wconf 81' lang='grc' dir='ltr'><strong>ιιιιὶιιιιι</strong></span> <span class='ocrx_word' id='word_1_342' title='bbox 225 2607 390 2678; x_wconf 83' lang='lat' dir='ltr'><strong>complebis.</strong></span> <span class='ocrx_word' id='word_1_343' title='bbox 999 2614 1127 2679; x_wconf 87' lang='lat' dir='ltr'><strong>posteros</strong></span> <span class='ocrx_word' id='word_1_344' title='bbox 1150 2609 1236 2680; x_wconf 82' lang='lat' dir='ltr'><strong>hujus</strong></span> <span class='ocrx_word' id='word_1_345' title='bbox 1264 2609 1425 2675; x_wconf 86' lang='lat' dir='ltr'><strong>sacerdotii,</strong></span> <span class='ocrx_word' id='word_1_346' title='bbox 1451 2607 1613 2680; x_wconf 88' lang='lat' dir='ltr'><strong>passionem</strong></span> <span class='ocrx_word' id='word_1_347' title='bbox 1638 2605 1754 2661; x_wconf 86' lang='lat' dir='ltr'><strong>Domini</strong></span> <span class='ocrx_word' id='word_1_348' title='bbox 1782 2620 1846 2677; x_wconf 90' lang='lat' dir='ltr'><strong>per·</strong></span> 
     </span>
     <span class='ocr_line' id='line_1_28' title="bbox 136 2695 1158 2770; baseline 0.007 -25"><span class='ocrx_word' id='word_1_349' title='bbox 136 2695 214 2749; x_wconf 82' lang='lat' dir='ltr'><strong>teas.</strong></span> <span class='ocrx_word' id='word_1_350' title='bbox 246 2698 287 2750; x_wconf 88' lang='lat' dir='ltr'><strong>to.</strong></span> <span class='ocrx_word' id='word_1_351' title='bbox 317 2726 351 2737; x_wconf 91' lang='lat'><em>-</em></span> <span class='ocrx_word' id='word_1_352' title='bbox 378 2698 488 2752; x_wconf 80' lang='lat' dir='ltr'><strong>Pactum</strong></span> <span class='ocrx_word' id='word_1_353' title='bbox 513 2700 589 2754; x_wconf 68' lang='lat' dir='ltr'><strong>solu.</strong></span> <span class='ocrx_word' id='word_1_354' title='bbox 621 2699 709 2770; x_wconf 78' lang='lat' dir='ltr'><strong>(flas.)</strong></span> <span class='ocrx_word' id='word_1_355' title='bbox 735 2701 852 2754; x_wconf 85' lang='lat' dir='ltr'><strong>Pactum</strong></span> <span class='ocrx_word' id='word_1_356' title='bbox 878 2699 946 2754; x_wconf 87' lang='lat' dir='ltr'><strong>salis</strong></span> <span class='ocrx_word' id='word_1_357' title='bbox 1000 2702 1158 2752; x_wconf 87' lang='lat' dir='ltr'><strong>venturam.</strong></span> 
     </span>
     <span class='ocr_line' id='line_1_29' title="bbox 108 2783 1847 2860; baseline -0.001 -24"><span class='ocrx_word' id='word_1_358' title='bbox 108 2783 229 2838; x_wconf 87' lang='lat' dir='ltr'><strong>nominat</strong></span> <span class='ocrx_word' id='word_1_359' title='bbox 259 2784 439 2840; x_wconf 87' lang='lat' dir='ltr'><strong>oblationum</strong></span> <span class='ocrx_word' id='word_1_360' title='bbox 457 2787 683 2851; x_wconf 84' lang='lat' dir='ltr'><strong>universitatem,</strong></span> <span class='ocrx_word' id='word_1_361' title='bbox 710 2804 775 2860; x_wconf 76' lang='lat' dir='ltr'><strong>quie</strong></span> <span class='ocrx_word' id='word_1_362' title='bbox 793 2788 830 2843; x_wconf 88' lang='lat' dir='ltr'><strong>ad</strong></span> <span class='ocrx_word' id='word_1_363' title='bbox 856 2787 946 2844; x_wconf 89' lang='lat' dir='ltr'><strong>mini·</strong></span> <span class='ocrx_word' id='word_1_364' title='bbox 1035 2786 1088 2852; x_wconf 82' lang='lat' dir='ltr'><strong>Oui</strong></span> <span class='ocrx_word' id='word_1_365' title='bbox 1101 2785 1212 2855; x_wconf 76' lang='lat' dir='ltr'><strong>eiectam</strong></span> <span class='ocrx_word' id='word_1_366' title='bbox 1233 2792 1311 2841; x_wconf 83' lang='lat' dir='ltr'><strong>cetra</strong></span> <span class='ocrx_word' id='word_1_367' title='bbox 1327 2791 1425 2841; x_wconf 66' lang='lat' dir='ltr'><strong>costra</strong></span> <span class='ocrx_word' id='word_1_368' title='bbox 1449 2785 1513 2857; x_wconf 80' lang='lat' dir='ltr'><strong>(lot</strong></span> <span class='ocrx_word' id='word_1_369' title='bbox 1542 2783 1614 2850; x_wconf 79' lang='lat' dir='ltr'><strong>Quia</strong></span> <span class='ocrx_word' id='word_1_370' title='bbox 1637 2788 1716 2839; x_wconf 81' lang='lat' dir='ltr'><strong>extre</strong></span> <span class='ocrx_word' id='word_1_371' title='bbox 1731 2786 1847 2855; x_wconf 88' lang='lat' dir='ltr'><strong>portam</strong></span> 
     </span>
     <span class='ocr_line' id='line_1_30' title="bbox 109 2870 1848 2947; baseline 0.001 -22"><span class='ocrx_word' id='word_1_372' title='bbox 109 2870 217 2926; x_wconf 76' lang='lat' dir='ltr'><strong>surium</strong></span> <span class='ocrx_word' id='word_1_373' title='bbox 238 2873 281 2926; x_wconf 78' lang='lat' dir='ltr'><strong>rel</strong></span> <span class='ocrx_word' id='word_1_374' title='bbox 297 2873 392 2944; x_wconf 83' lang='lat' dir='ltr'><strong>adjus</strong></span> <span class='ocrx_word' id='word_1_375' title='bbox 408 2875 589 2931; x_wconf 84' lang='lat' dir='ltr'><strong>sacerdotum</strong></span> <span class='ocrx_word' id='word_1_376' title='bbox 604 2877 736 2947; x_wconf 89' lang='lat' dir='ltr'><strong>pertinet,</strong></span> <span class='ocrx_word' id='word_1_377' title='bbox 754 2876 830 2932; x_wconf 90' lang='lat' dir='ltr'><strong>unde</strong></span> <span class='ocrx_word' id='word_1_378' title='bbox 845 2875 876 2931; x_wconf 90' lang='lat' dir='ltr'><strong>in</strong></span> <span class='ocrx_word' id='word_1_379' title='bbox 897 2877 946 2932; x_wconf 85' lang='lat' dir='ltr'><strong>be·</strong></span> <span class='ocrx_word' id='word_1_380' title='bbox 999 2890 1099 2945; x_wconf 89' lang='lat' dir='ltr'><strong>passus</strong></span> <span class='ocrx_word' id='word_1_381' title='bbox 1126 2878 1169 2929; x_wconf 89' lang='lat' dir='ltr'><strong>est</strong></span> <span class='ocrx_word' id='word_1_382' title='bbox 1195 2874 1330 2939; x_wconf 82' lang='lat' dir='ltr'><strong>Christus,</strong></span> <span class='ocrx_word' id='word_1_383' title='bbox 1357 2878 1388 2929; x_wconf 92' lang='lat' dir='ltr'><strong>ut</strong></span> <span class='ocrx_word' id='word_1_384' title='bbox 1413 2890 1466 2931; x_wconf 90' lang='lat' dir='ltr'><strong>nos</strong></span> <span class='ocrx_word' id='word_1_385' title='bbox 1492 2871 1742 2929; x_wconf 85' lang='lat' dir='ltr'><strong>econversatione</strong></span> <span class='ocrx_word' id='word_1_386' title='bbox 1770 2887 1848 2943; x_wconf 85' lang='lat' dir='ltr'><strong>prra-</strong></span> 
     </span>
     <span class='ocr_line' id='line_1_31' title="bbox 108 2958 1755 3039; baseline 0.002 -26"><span class='ocrx_word' id='word_1_387' title='bbox 108 2958 182 3015; x_wconf 81' lang='lat' dir='ltr'><strong>riliro</strong></span> <span class='ocrx_word' id='word_1_388' title='bbox 197 2975 204 3014; x_wconf 93' lang='lat'>:</span> <span class='ocrx_word' id='word_1_389' title='bbox 221 2960 364 3031; x_wconf 78' lang='lat' dir='ltr'><strong>Quidquid</strong></span> <span class='ocrx_word' id='word_1_390' title='bbox 379 2962 506 3018; x_wconf 74' lang='lat' dir='ltr'><strong>attolens</strong></span> <span class='ocrx_word' id='word_1_391' title='bbox 533 2965 663 3034; x_wconf 67' lang='lat' dir='ltr'><strong>comittit</strong></span> <span class='ocrx_word' id='word_1_392' title='bbox 685 2965 742 3019; x_wconf 87' lang='lat' dir='ltr'><strong>sote</strong></span> <span class='ocrx_word' id='word_1_393' title='bbox 756 2964 874 3034; x_wconf 69' lang='lat' dir='ltr'><strong>condus,</strong></span> <span class='ocrx_word' id='word_1_394' title='bbox 890 2970 944 3020; x_wconf 90' lang='lat' dir='ltr'><strong>etc.</strong></span> <span class='ocrx_word' id='word_1_395' title='bbox 964 2982 984 3039; x_wconf 71' lang='grc' dir='ltr'><strong>ρ</strong></span> <span class='ocrx_word' id='word_1_396' title='bbox 999 2964 1087 3020; x_wconf 89' lang='lat' dir='ltr'><strong>sentis</strong></span> <span class='ocrx_word' id='word_1_397' title='bbox 1101 2963 1165 3020; x_wconf 83' lang='lat' dir='ltr'><strong>vitre</strong></span> <span class='ocrx_word' id='word_1_398' title='bbox 1180 2963 1262 3036; x_wconf 84' lang='lat' dir='ltr'><strong>qnasi</strong></span> <span class='ocrx_word' id='word_1_399' title='bbox 1277 2982 1293 3019; x_wconf 84' lang='lat' dir='ltr'><strong>a</strong></span> <span class='ocrx_word' id='word_1_400' title='bbox 1308 2963 1422 3020; x_wconf 78' lang='lat' dir='ltr'><strong>civitate</strong></span> <span class='ocrx_word' id='word_1_401' title='bbox 1437 2964 1571 3019; x_wconf 90' lang='lat' dir='ltr'><strong>educeret</strong></span> <span class='ocrx_word' id='word_1_402' title='bbox 1585 2963 1662 3034; x_wconf 77' lang='lat' dir='ltr'><strong>(liet.</strong></span> <span class='ocrx_word' id='word_1_403' title='bbox 1684 2963 1755 3033; x_wconf 78' lang='lat' dir='ltr'><strong>rur).</strong></span> 
     </span>
     <span class='ocr_line' id='line_1_32' title="bbox 109 3047 1901 3129; baseline -0.008 -12"><span class='ocrx_word' id='word_1_404' title='bbox 109 3047 197 3116; x_wconf 82' lang='lat' dir='ltr'><strong>(teoit.</strong></span> <span class='ocrx_word' id='word_1_405' title='bbox 216 3053 259 3117; x_wconf 83' lang='lat' dir='ltr'><strong>n).</strong></span> <span class='ocrx_word' id='word_1_406' title='bbox 1035 3053 1102 3125; x_wconf 87' lang='lat' dir='ltr'><strong>(lo.)</strong></span> <span class='ocrx_word' id='word_1_407' title='bbox 1130 3055 1166 3109; x_wconf 79' lang='lat' dir='ltr'><strong>Et</strong></span> <span class='ocrx_word' id='word_1_408' title='bbox 1181 3054 1294 3123; x_wconf 80' lang='lat' dir='ltr'><strong>ejectam</strong></span> <span class='ocrx_word' id='word_1_409' title='bbox 1318 3069 1378 3108; x_wconf 85' lang='lat' dir='ltr'><strong>com</strong></span> <span class='ocrx_word' id='word_1_410' title='bbox 1397 3059 1477 3109; x_wconf 75' lang='lat' dir='ltr'><strong>extro</strong></span> <span class='ocrx_word' id='word_1_411' title='bbox 1500 3051 1661 3108; x_wconf 70' lang='lat' dir='ltr'><strong>contrusio</strong></span> <span class='ocrx_word' id='word_1_412' title='bbox 1683 3052 1790 3122; x_wconf 87' lang='lat' dir='ltr'><strong>ejectus</strong></span> <span class='ocrx_word' id='word_1_413' title='bbox 1806 3052 1849 3106; x_wconf 80' lang='lat' dir='ltr'><strong>est</strong></span> <span class='ocrx_word' id='word_1_414' title='bbox 1898 3124 1901 3129; x_wconf 25' lang='grc' dir='ltr'>Ι</span> 
     </span>
     <span class='ocr_line' id='line_1_33' title="bbox 136 3137 1740 3213; baseline 0.001 -21"><span class='ocrx_word' id='word_1_415' title='bbox 136 3137 247 3209; x_wconf 70' lang='lat' dir='ltr'><strong>Hystica</strong></span> <span class='ocrx_word' id='word_1_416' title='bbox 275 3139 431 3195; x_wconf 87' lang='lat' dir='ltr'><strong>ostenditur</strong></span> <span class='ocrx_word' id='word_1_417' title='bbox 454 3140 624 3212; x_wconf 88' lang='lat' dir='ltr'><strong>sapientiam</strong></span> <span class='ocrx_word' id='word_1_418' title='bbox 651 3140 801 3197; x_wconf 77' lang='lat' dir='ltr'><strong>convenire</strong></span> <span class='ocrx_word' id='word_1_419' title='bbox 816 3141 947 3197; x_wconf 90' lang='lat' dir='ltr'><strong>sacerdo·</strong></span> <span class='ocrx_word' id='word_1_420' title='bbox 1003 3143 1140 3199; x_wconf 84' lang='lat' dir='ltr'><strong>[lominus</strong></span> <span class='ocrx_word' id='word_1_421' title='bbox 1154 3158 1290 3213; x_wconf 89' lang='lat' dir='ltr'><strong>passurus</strong></span> <span class='ocrx_word' id='word_1_422' title='bbox 1306 3141 1539 3197; x_wconf 83' lang='lat' dir='ltr'><strong>extraciritatem</strong></span> <span class='ocrx_word' id='word_1_423' title='bbox 1558 3140 1654 3210; x_wconf 71' lang='lat' dir='ltr'><strong>(douo.</strong></span> <span class='ocrx_word' id='word_1_424' title='bbox 1671 3141 1740 3208; x_wconf 75' lang='lat' dir='ltr'><strong>xlx).</strong></span> 
     </span>
     <span class='ocr_line' id='line_1_34' title="bbox 108 3224 1846 3304; baseline 0 -24"><span class='ocrx_word' id='word_1_425' title='bbox 108 3224 175 3280; x_wconf 71' lang='lat' dir='ltr'><strong>ibas</strong></span> <span class='ocrx_word' id='word_1_426' title='bbox 191 3232 221 3282; x_wconf 89' lang='lat' dir='ltr'><strong>et</strong></span> <span class='ocrx_word' id='word_1_427' title='bbox 242 3227 477 3299; x_wconf 73' lang='lat' dir='ltr'><strong>predicatoribus</strong></span> <span class='ocrx_word' id='word_1_428' title='bbox 505 3229 607 3285; x_wconf 80' lang='lat' dir='ltr'><strong>diriore</strong></span> <span class='ocrx_word' id='word_1_429' title='bbox 631 3229 715 3301; x_wconf 92' lang='lat' dir='ltr'><strong>legis,</strong></span> <span class='ocrx_word' id='word_1_430' title='bbox 744 3246 803 3286; x_wconf 90' lang='lat' dir='ltr'><strong>non</strong></span> <span class='ocrx_word' id='word_1_431' title='bbox 826 3232 946 3286; x_wconf 76' lang='lat' dir='ltr'><strong>secula·</strong></span> <span class='ocrx_word' id='word_1_432' title='bbox 1036 3231 1100 3302; x_wconf 84' lang='lat' dir='ltr'><strong>(lo.)</strong></span> <span class='ocrx_word' id='word_1_433' title='bbox 1128 3233 1161 3288; x_wconf 85' lang='lat' dir='ltr'><strong>in</strong></span> <span class='ocrx_word' id='word_1_434' title='bbox 1191 3232 1277 3287; x_wconf 74' lang='lat' dir='ltr'><strong>locem</strong></span> <span class='ocrx_word' id='word_1_435' title='bbox 1302 3231 1442 3298; x_wconf 86' lang='lat' dir='ltr'><strong>muudum,</strong></span> <span class='ocrx_word' id='word_1_436' title='bbox 1467 3229 1534 3304; x_wconf 86' lang='lat' dir='ltr'><strong>quia</strong></span> <span class='ocrx_word' id='word_1_437' title='bbox 1559 3245 1616 3284; x_wconf 91' lang='lat' dir='ltr'><strong>noo</strong></span> <span class='ocrx_word' id='word_1_438' title='bbox 1646 3227 1746 3282; x_wconf 79' lang='lat' dir='ltr'><strong>holuit</strong></span> <span class='ocrx_word' id='word_1_439' title='bbox 1780 3241 1846 3280; x_wconf 90' lang='lat' dir='ltr'><strong>cau·</strong></span> 
     </span>
     <span class='ocr_line' id='line_1_35' title="bbox 109 3315 1848 3390; baseline 0.001 -21"><span class='ocrx_word' id='word_1_440' title='bbox 109 3330 170 3379; x_wconf 78' lang='lat' dir='ltr'><strong>mm,</strong></span> <span class='ocrx_word' id='word_1_441' title='bbox 185 3315 236 3370; x_wconf 87' lang='lat' dir='ltr'><strong>sed</strong></span> <span class='ocrx_word' id='word_1_442' title='bbox 252 3317 447 3387; x_wconf 86' lang='lat' dir='ltr'><strong>apostolicam,</strong></span> <span class='ocrx_word' id='word_1_443' title='bbox 467 3318 502 3374; x_wconf 88' lang='lat' dir='ltr'><strong>de</strong></span> <span class='ocrx_word' id='word_1_444' title='bbox 520 3335 577 3389; x_wconf 87' lang='lat' dir='ltr'><strong>qna</strong></span> <span class='ocrx_word' id='word_1_445' title='bbox 604 3319 708 3374; x_wconf 82' lang='lat' dir='ltr'><strong>Paulus</strong></span> <span class='ocrx_word' id='word_1_446' title='bbox 723 3319 793 3375; x_wconf 88' lang='lat' dir='ltr'><strong>dicit</strong></span> <span class='ocrx_word' id='word_1_447' title='bbox 808 3335 815 3376; x_wconf 92' lang='lat'>:</span> <span class='ocrx_word' id='word_1_448' title='bbox 830 3321 945 3390; x_wconf 77' lang='lat' dir='ltr'><strong>sopiera-</strong></span> <span class='ocrx_word' id='word_1_449' title='bbox 1001 3335 1062 3375; x_wconf 90' lang='lat' dir='ltr'><strong>sam</strong></span> <span class='ocrx_word' id='word_1_450' title='bbox 1081 3321 1480 3377; x_wconf 72' lang='lat' dir='ltr'><strong>malam213tmcidenteom</strong></span> <span class='ocrx_word' id='word_1_451' title='bbox 1502 3324 1532 3375; x_wconf 87' lang='lat' dir='ltr'><strong>io</strong></span> <span class='ocrx_word' id='word_1_452' title='bbox 1556 3323 1697 3389; x_wconf 78' lang='lat' dir='ltr'><strong>conspectu</strong></span> <span class='ocrx_word' id='word_1_453' title='bbox 1715 3316 1785 3387; x_wconf 68' lang='lat' dir='ltr'><strong>eius,</strong></span> <span class='ocrx_word' id='word_1_454' title='bbox 1808 3315 1848 3371; x_wconf 90' lang='lat' dir='ltr'><strong>sic</strong></span> 
     </span>
     <span class='ocr_line' id='line_1_36' title="bbox 109 3403 1848 3481; baseline 0.001 -22"><span class='ocrx_word' id='word_1_455' title='bbox 109 3405 166 3459; x_wconf 76' lang='lat' dir='ltr'><strong>tiam</strong></span> <span class='ocrx_word' id='word_1_456' title='bbox 186 3405 324 3474; x_wconf 76' lang='lat' dir='ltr'><strong>loquimur</strong></span> <span class='ocrx_word' id='word_1_457' title='bbox 341 3407 411 3461; x_wconf 83' lang='lat' dir='ltr'><strong>iuter</strong></span> <span class='ocrx_word' id='word_1_458' title='bbox 435 3409 577 3476; x_wconf 69' lang='lat' dir='ltr'><strong>perlectos,</strong></span> <span class='ocrx_word' id='word_1_459' title='bbox 597 3409 762 3478; x_wconf 79' lang='lat' dir='ltr'><strong>sapientiem</strong></span> <span class='ocrx_word' id='word_1_460' title='bbox 785 3422 839 3463; x_wconf 84' lang='lat' dir='ltr'><strong>oon</strong></span> <span class='ocrx_word' id='word_1_461' title='bbox 863 3409 946 3478; x_wconf 73' lang='lat' dir='ltr'><strong>ltuJ&#39;us</strong></span> <span class='ocrx_word' id='word_1_462' title='bbox 1001 3409 1092 3465; x_wconf 83' lang='lat' dir='ltr'><strong>occisa</strong></span> <span class='ocrx_word' id='word_1_463' title='bbox 1115 3414 1159 3465; x_wconf 90' lang='lat' dir='ltr'><strong>est</strong></span> <span class='ocrx_word' id='word_1_464' title='bbox 1183 3426 1249 3466; x_wconf 89' lang='lat' dir='ltr'><strong>caro</strong></span> <span class='ocrx_word' id='word_1_465' title='bbox 1273 3409 1376 3466; x_wconf 79' lang='lat' dir='ltr'><strong>Christi</strong></span> <span class='ocrx_word' id='word_1_466' title='bbox 1390 3408 1421 3465; x_wconf 89' lang='lat' dir='ltr'><strong>in</strong></span> <span class='ocrx_word' id='word_1_467' title='bbox 1435 3412 1589 3481; x_wconf 89' lang='lat' dir='ltr'><strong>conspectu</strong></span> <span class='ocrx_word' id='word_1_468' title='bbox 1604 3422 1703 3462; x_wconf 89' lang='lat' dir='ltr'><strong>earum</strong></span> <span class='ocrx_word' id='word_1_469' title='bbox 1729 3404 1779 3477; x_wconf 89' lang='lat' dir='ltr'><strong>qui</strong></span> <span class='ocrx_word' id='word_1_470' title='bbox 1800 3403 1848 3460; x_wconf 83' lang='lat' dir='ltr'><strong>iu·</strong></span> 
     </span>
     <span class='ocr_line' id='line_1_37' title="bbox 108 3493 1789 3567; baseline 0 -19"><span class='ocrx_word' id='word_1_471' title='bbox 108 3494 191 3548; x_wconf 69' lang='lat' dir='ltr'><strong>onte</strong></span> <span class='ocrx_word' id='word_1_472' title='bbox 215 3495 241 3562; x_wconf 88' lang='lat' dir='ltr'><strong>(l</strong></span> <span class='ocrx_word' id='word_1_473' title='bbox 268 3494 329 3550; x_wconf 84' lang='lat' dir='ltr'><strong>Cor.</strong></span> <span class='ocrx_word' id='word_1_474' title='bbox 361 3494 401 3556; x_wconf 88' lang='grc' dir='ltr'><strong>ιι).</strong></span> <span class='ocrx_word' id='word_1_475' title='bbox 419 3496 457 3549; x_wconf 82' lang='lat' dir='ltr'><strong>lle</strong></span> <span class='ocrx_word' id='word_1_476' title='bbox 487 3511 545 3567; x_wconf 88' lang='lat' dir='ltr'><strong>qua</strong></span> <span class='ocrx_word' id='word_1_477' title='bbox 576 3495 712 3565; x_wconf 85' lang='lat' dir='ltr'><strong>apostolis</strong></span> <span class='ocrx_word' id='word_1_478' title='bbox 737 3495 866 3552; x_wconf 88' lang='lat' dir='ltr'><strong>dicitur:</strong></span> <span class='ocrx_word' id='word_1_479' title='bbox 896 3497 946 3552; x_wconf 75' lang='lat' dir='ltr'><strong>Vos</strong></span> <span class='ocrx_word' id='word_1_480' title='bbox 999 3498 1056 3553; x_wconf 91' lang='lat' dir='ltr'><strong>turi</strong></span> <span class='ocrx_word' id='word_1_481' title='bbox 1072 3503 1153 3554; x_wconf 86' lang='lat' dir='ltr'><strong>orant</strong></span> <span class='ocrx_word' id='word_1_482' title='bbox 1167 3499 1197 3553; x_wconf 91' lang='lat' dir='ltr'><strong>in</strong></span> <span class='ocrx_word' id='word_1_483' title='bbox 1211 3515 1283 3553; x_wconf 86' lang='lat' dir='ltr'><strong>noro</strong></span> <span class='ocrx_word' id='word_1_484' title='bbox 1297 3504 1464 3554; x_wconf 87' lang='lat' dir='ltr'><strong>testamento</strong></span> <span class='ocrx_word' id='word_1_485' title='bbox 1479 3496 1593 3553; x_wconf 86' lang='lat' dir='ltr'><strong>llomiei</strong></span> <span class='ocrx_word' id='word_1_486' title='bbox 1616 3493 1789 3551; x_wconf 86' lang='lat' dir='ltr'><strong>sacerdotes.</strong></span> 
     </span>
     <span class='ocr_line' id='line_1_38' title="bbox 108 3581 1846 3657; baseline -0.002 -20"><span class='ocrx_word' id='word_1_487' title='bbox 108 3582 163 3637; x_wconf 76' lang='lat' dir='ltr'><strong>otis</strong></span> <span class='ocrx_word' id='word_1_488' title='bbox 184 3583 326 3638; x_wconf 73' lang='lat' dir='ltr'><strong>salterrae</strong></span> <span class='ocrx_word' id='word_1_489' title='bbox 351 3582 456 3653; x_wconf 80' lang='lat' dir='ltr'><strong>(llottlt.</strong></span> <span class='ocrx_word' id='word_1_490' title='bbox 483 3584 522 3653; x_wconf 82' lang='grc' dir='ltr'><strong>ι).</strong></span> <span class='ocrx_word' id='word_1_491' title='bbox 538 3583 618 3640; x_wconf 87' lang='lat' dir='ltr'><strong>Sicut</strong></span> <span class='ocrx_word' id='word_1_492' title='bbox 642 3583 721 3639; x_wconf 91' lang='lat' dir='ltr'><strong>enim</strong></span> <span class='ocrx_word' id='word_1_493' title='bbox 746 3584 840 3640; x_wconf 92' lang='lat' dir='ltr'><strong>omnis</strong></span> <span class='ocrx_word' id='word_1_494' title='bbox 867 3584 947 3640; x_wconf 90' lang='lat' dir='ltr'><strong>cibus</strong></span> <span class='ocrx_word' id='word_1_495' title='bbox 1035 3585 1197 3640; x_wconf 84' lang='lat' dir='ltr'><strong>immolabit.</strong></span> <span class='ocrx_word' id='word_1_496' title='bbox 1221 3584 1310 3657; x_wconf 70' lang='lat' dir='ltr'><strong>(isio.)</strong></span> <span class='ocrx_word' id='word_1_497' title='bbox 1334 3585 1452 3640; x_wconf 85' lang='lat' dir='ltr'><strong>Vaceam</strong></span> <span class='ocrx_word' id='word_1_498' title='bbox 1480 3584 1573 3639; x_wconf 84' lang='lat' dir='ltr'><strong>rutam</strong></span> <span class='ocrx_word' id='word_1_499' title='bbox 1589 3582 1682 3655; x_wconf 70' lang='lat' dir='ltr'><strong>(cuius</strong></span> <span class='ocrx_word' id='word_1_500' title='bbox 1703 3581 1775 3636; x_wconf 89' lang='lat' dir='ltr'><strong>ciuis</strong></span> <span class='ocrx_word' id='word_1_501' title='bbox 1801 3582 1846 3635; x_wconf 91' lang='lat' dir='ltr'><strong>est</strong></span> 
     </span>
     <span class='ocr_line' id='line_1_39' title="bbox 108 3669 1848 3746; baseline 0 -22"><span class='ocrx_word' id='word_1_502' title='bbox 108 3669 158 3724; x_wconf 83' lang='lat' dir='ltr'><strong>sale</strong></span> <span class='ocrx_word' id='word_1_503' title='bbox 172 3671 318 3735; x_wconf 87' lang='lat' dir='ltr'><strong>conditur,</strong></span> <span class='ocrx_word' id='word_1_504' title='bbox 334 3670 374 3724; x_wconf 82' lang='lat' dir='ltr'><strong>sic</strong></span> <span class='ocrx_word' id='word_1_505' title='bbox 399 3671 494 3726; x_wconf 86' lang='lat' dir='ltr'><strong>omnis</strong></span> <span class='ocrx_word' id='word_1_506' title='bbox 508 3687 602 3728; x_wconf 90' lang='lat' dir='ltr'><strong>sermo</strong></span> <span class='ocrx_word' id='word_1_507' title='bbox 626 3672 781 3743; x_wconf 86' lang='lat' dir='ltr'><strong>apostolica</strong></span> <span class='ocrx_word' id='word_1_508' title='bbox 792 3673 943 3744; x_wconf 83' lang='lat' dir='ltr'><strong>sapientia.</strong></span> <span class='ocrx_word' id='word_1_509' title='bbox 1001 3673 1126 3745; x_wconf 85' lang='lat' dir='ltr'><strong>expiatio</strong></span> <span class='ocrx_word' id='word_1_510' title='bbox 1143 3674 1255 3746; x_wconf 84' lang='lat' dir='ltr'><strong>populi)</strong></span> <span class='ocrx_word' id='word_1_511' title='bbox 1271 3673 1420 3730; x_wconf 88' lang='lat' dir='ltr'><strong>immolare</strong></span> <span class='ocrx_word' id='word_1_512' title='bbox 1435 3689 1492 3729; x_wconf 89' lang='lat' dir='ltr'><strong>non</strong></span> <span class='ocrx_word' id='word_1_513' title='bbox 1506 3672 1622 3746; x_wconf 88' lang='lat' dir='ltr'><strong>poterit,</strong></span> <span class='ocrx_word' id='word_1_514' title='bbox 1643 3670 1698 3726; x_wconf 90' lang='lat' dir='ltr'><strong>nisi</strong></span> <span class='ocrx_word' id='word_1_515' title='bbox 1713 3669 1763 3743; x_wconf 89' lang='lat' dir='ltr'><strong>qui</strong></span> <span class='ocrx_word' id='word_1_516' title='bbox 1788 3674 1848 3724; x_wconf 90' lang='lat' dir='ltr'><strong>ter·</strong></span> 
     </span>
     <span class='ocr_line' id='line_1_40' title="bbox 108 3757 1847 3834; baseline -0.001 -21"><span class='ocrx_word' id='word_1_517' title='bbox 108 3757 197 3814; x_wconf 74' lang='lat' dir='ltr'><strong>Aaron</strong></span> <span class='ocrx_word' id='word_1_518' title='bbox 219 3773 288 3830; x_wconf 86' lang='lat' dir='ltr'><strong>ergo</strong></span> <span class='ocrx_word' id='word_1_519' title='bbox 306 3763 335 3813; x_wconf 88' lang='lat' dir='ltr'><strong>et</strong></span> <span class='ocrx_word' id='word_1_520' title='bbox 346 3758 414 3814; x_wconf 87' lang='lat' dir='ltr'><strong>liliis</strong></span> <span class='ocrx_word' id='word_1_521' title='bbox 435 3760 497 3830; x_wconf 88' lang='lat' dir='ltr'><strong>ejus</strong></span> <span class='ocrx_word' id='word_1_522' title='bbox 511 3764 628 3832; x_wconf 84' lang='lat' dir='ltr'><strong>pactum</strong></span> <span class='ocrx_word' id='word_1_523' title='bbox 644 3766 686 3816; x_wconf 88' lang='lat' dir='ltr'><strong>est</strong></span> <span class='ocrx_word' id='word_1_524' title='bbox 700 3761 767 3817; x_wconf 88' lang='lat' dir='ltr'><strong>salis</strong></span> <span class='ocrx_word' id='word_1_525' title='bbox 795 3762 945 3832; x_wconf 88' lang='lat' dir='ltr'><strong>sempiter·</strong></span> <span class='ocrx_word' id='word_1_526' title='bbox 1000 3777 1070 3816; x_wconf 85' lang='lat' dir='ltr'><strong>rena</strong></span> <span class='ocrx_word' id='word_1_527' title='bbox 1094 3777 1182 3833; x_wconf 89' lang='lat' dir='ltr'><strong>opera</strong></span> <span class='ocrx_word' id='word_1_528' title='bbox 1205 3777 1265 3817; x_wconf 90' lang='lat' dir='ltr'><strong>non</strong></span> <span class='ocrx_word' id='word_1_529' title='bbox 1283 3761 1393 3830; x_wconf 89' lang='lat' dir='ltr'><strong>lecerit,</strong></span> <span class='ocrx_word' id='word_1_530' title='bbox 1404 3763 1568 3834; x_wconf 85' lang='lat' dir='ltr'><strong>jugumque</strong></span> <span class='ocrx_word' id='word_1_531' title='bbox 1595 3759 1691 3816; x_wconf 92' lang='lat' dir='ltr'><strong>delicti</strong></span> <span class='ocrx_word' id='word_1_532' title='bbox 1716 3775 1774 3814; x_wconf 88' lang='lat' dir='ltr'><strong>non</strong></span> <span class='ocrx_word' id='word_1_533' title='bbox 1788 3763 1847 3812; x_wconf 89' lang='lat' dir='ltr'><strong>tre·</strong></span> 
     </span>
     <span class='ocr_line' id='line_1_41' title="bbox 106 3846 1774 3921; baseline 0.001 -21"><span class='ocrx_word' id='word_1_534' title='bbox 106 3861 179 3915; x_wconf 90' lang='lat' dir='ltr'><strong>nom,</strong></span> <span class='ocrx_word' id='word_1_535' title='bbox 198 3847 271 3919; x_wconf 77' lang='lat' dir='ltr'><strong>quia</strong></span> <span class='ocrx_word' id='word_1_536' title='bbox 287 3863 347 3903; x_wconf 91' lang='lat' dir='ltr'><strong>non</strong></span> <span class='ocrx_word' id='word_1_537' title='bbox 372 3847 464 3902; x_wconf 88' lang='lat' dir='ltr'><strong>solum</strong></span> <span class='ocrx_word' id='word_1_538' title='bbox 487 3848 628 3920; x_wconf 90' lang='lat' dir='ltr'><strong>episcopis</strong></span> <span class='ocrx_word' id='word_1_539' title='bbox 657 3849 817 3905; x_wconf 86' lang='lat' dir='ltr'><strong>necessaria</strong></span> <span class='ocrx_word' id='word_1_540' title='bbox 845 3855 946 3905; x_wconf 85' lang='lat' dir='ltr'><strong>estse·</strong></span> <span class='ocrx_word' id='word_1_541' title='bbox 1000 3850 1083 3916; x_wconf 87' lang='lat' dir='ltr'><strong>xerit,</strong></span> <span class='ocrx_word' id='word_1_542' title='bbox 1105 3854 1133 3904; x_wconf 90' lang='lat' dir='ltr'><strong>et</strong></span> <span class='ocrx_word' id='word_1_543' title='bbox 1147 3849 1268 3905; x_wconf 84' lang='lat' dir='ltr'><strong>vinculis</strong></span> <span class='ocrx_word' id='word_1_544' title='bbox 1283 3854 1465 3921; x_wconf 88' lang='lat' dir='ltr'><strong>peccatorum</strong></span> <span class='ocrx_word' id='word_1_545' title='bbox 1480 3849 1585 3920; x_wconf 87' lang='lat' dir='ltr'><strong>ligatus</strong></span> <span class='ocrx_word' id='word_1_546' title='bbox 1603 3864 1663 3904; x_wconf 89' lang='lat' dir='ltr'><strong>non</strong></span> <span class='ocrx_word' id='word_1_547' title='bbox 1678 3846 1774 3902; x_wconf 78' lang='lat' dir='ltr'><strong>luerit</strong></span> 
     </span>
     <span class='ocr_line' id='line_1_42' title="bbox 106 3934 1847 4008; baseline -0.001 -18"><span class='ocrx_word' id='word_1_548' title='bbox 106 3934 216 4006; x_wconf 68' lang='lat' dir='ltr'><strong>penda,</strong></span> <span class='ocrx_word' id='word_1_549' title='bbox 231 3936 282 3992; x_wconf 86' lang='lat' dir='ltr'><strong>sed</strong></span> <span class='ocrx_word' id='word_1_550' title='bbox 306 3935 590 4008; x_wconf 78' lang='lat' dir='ltr'><strong>etiampresbyteris,</strong></span> <span class='ocrx_word' id='word_1_551' title='bbox 607 3937 736 3993; x_wconf 89' lang='lat' dir='ltr'><strong>diaconis</strong></span> <span class='ocrx_word' id='word_1_552' title='bbox 763 3943 792 3993; x_wconf 93' lang='lat' dir='ltr'><strong>et</strong></span> <span class='ocrx_word' id='word_1_553' title='bbox 811 3938 946 3994; x_wconf 88' lang='lat' dir='ltr'><strong>omuibus</strong></span> <span class='ocrx_word' id='word_1_554' title='bbox 1035 3938 1067 3992; x_wconf 84' lang='lat' dir='ltr'><strong>ln</strong></span> <span class='ocrx_word' id='word_1_555' title='bbox 1092 3941 1233 4008; x_wconf 83' lang='lat' dir='ltr'><strong>conspectu</strong></span> <span class='ocrx_word' id='word_1_556' title='bbox 1260 3939 1390 3993; x_wconf 82' lang='lat' dir='ltr'><strong>omnium.</strong></span> <span class='ocrx_word' id='word_1_557' title='bbox 1422 3937 1513 4008; x_wconf 71' lang='lat' dir='ltr'><strong>(Rae.)</strong></span> <span class='ocrx_word' id='word_1_558' title='bbox 1543 3936 1616 4002; x_wconf 82' lang='lat' dir='ltr'><strong>Quia</strong></span> <span class='ocrx_word' id='word_1_559' title='bbox 1644 3936 1774 3991; x_wconf 88' lang='lat' dir='ltr'><strong>Christus</strong></span> <span class='ocrx_word' id='word_1_560' title='bbox 1816 3934 1847 3989; x_wconf 89' lang='lat' dir='ltr'><strong>iu</strong></span> 
     </span>
     <span class='ocr_line' id='line_1_43' title="bbox 106 4024 1847 4099; baseline -0.002 -20"><span class='ocrx_word' id='word_1_561' title='bbox 106 4025 251 4080; x_wconf 89' lang='lat' dir='ltr'><strong>ordinibus</strong></span> <span class='ocrx_word' id='word_1_562' title='bbox 267 4041 274 4080; x_wconf 91' lang='lat'><strong>:</strong></span> <span class='ocrx_word' id='word_1_563' title='bbox 289 4029 318 4081; x_wconf 86' lang='lat' dir='ltr'><strong>et</strong></span> <span class='ocrx_word' id='word_1_564' title='bbox 336 4025 391 4080; x_wconf 89' lang='lat' dir='ltr'><strong>hoc</strong></span> <span class='ocrx_word' id='word_1_565' title='bbox 404 4041 501 4080; x_wconf 85' lang='lat' dir='ltr'><strong>corum</strong></span> <span class='ocrx_word' id='word_1_566' title='bbox 517 4027 585 4093; x_wconf 79' lang='lat' dir='ltr'><strong>lieo,</strong></span> <span class='ocrx_word' id='word_1_567' title='bbox 599 4026 629 4082; x_wconf 91' lang='lat' dir='ltr'><strong>id</strong></span> <span class='ocrx_word' id='word_1_568' title='bbox 643 4033 696 4096; x_wconf 90' lang='lat' dir='ltr'><strong>est,</strong></span> <span class='ocrx_word' id='word_1_569' title='bbox 709 4033 743 4082; x_wconf 89' lang='lat' dir='ltr'><strong>ut</strong></span> <span class='ocrx_word' id='word_1_570' title='bbox 754 4043 828 4099; x_wconf 86' lang='lat' dir='ltr'><strong>para</strong></span> <span class='ocrx_word' id='word_1_571' title='bbox 840 4032 868 4083; x_wconf 89' lang='lat' dir='ltr'><strong>et</strong></span> <span class='ocrx_word' id='word_1_572' title='bbox 880 4027 946 4082; x_wconf 90' lang='lat' dir='ltr'><strong>sim·</strong></span> <span class='ocrx_word' id='word_1_573' title='bbox 1000 4031 1155 4098; x_wconf 87' lang='lat' dir='ltr'><strong>conspeetu</strong></span> <span class='ocrx_word' id='word_1_574' title='bbox 1169 4026 1299 4081; x_wconf 91' lang='lat' dir='ltr'><strong>omnium</strong></span> <span class='ocrx_word' id='word_1_575' title='bbox 1308 4025 1391 4099; x_wconf 89' lang='lat' dir='ltr'><strong>quasi</strong></span> <span class='ocrx_word' id='word_1_576' title='bbox 1405 4025 1558 4081; x_wconf 88' lang='lat' dir='ltr'><strong>exstinctus</strong></span> <span class='ocrx_word' id='word_1_577' title='bbox 1567 4029 1610 4079; x_wconf 91' lang='lat' dir='ltr'><strong>est</strong></span> <span class='ocrx_word' id='word_1_578' title='bbox 1626 4040 1632 4078; x_wconf 94' lang='lat'><strong>:</strong></span> <span class='ocrx_word' id='word_1_579' title='bbox 1648 4024 1678 4077; x_wconf 92' lang='lat' dir='ltr'><strong>in</strong></span> <span class='ocrx_word' id='word_1_580' title='bbox 1693 4025 1847 4092; x_wconf 86' lang='lat' dir='ltr'><strong>conspectu</strong></span> 
     </span>
     <span class='ocr_line' id='line_1_44' title="bbox 106 4109 1846 4189; baseline -0.002 -23"><span class='ocrx_word' id='word_1_581' title='bbox 106 4112 164 4183; x_wconf 87' lang='lat' dir='ltr'><strong>plex</strong></span> <span class='ocrx_word' id='word_1_582' title='bbox 182 4113 403 4183; x_wconf 55' lang='lat' dir='ltr'><strong>stnsssvsrsutin,</strong></span> <span class='ocrx_word' id='word_1_583' title='bbox 423 4114 574 4170; x_wconf 87' lang='lat' dir='ltr'><strong>etmalitia</strong></span> <span class='ocrx_word' id='word_1_584' title='bbox 589 4116 648 4170; x_wconf 86' lang='lat' dir='ltr'><strong>Deo</strong></span> <span class='ocrx_word' id='word_1_585' title='bbox 668 4116 788 4186; x_wconf 88' lang='lat' dir='ltr'><strong>placeat.</strong></span> <span class='ocrx_word' id='word_1_586' title='bbox 804 4119 947 4187; x_wconf 82' lang='lat' dir='ltr'><strong>Sopierrtio</strong></span> <span class='ocrx_word' id='word_1_587' title='bbox 1002 4114 1091 4170; x_wconf 84' lang='lat' dir='ltr'><strong>Patris</strong></span> <span class='ocrx_word' id='word_1_588' title='bbox 1117 4115 1291 4184; x_wconf 86' lang='lat' dir='ltr'><strong>immolatus,</strong></span> <span class='ocrx_word' id='word_1_589' title='bbox 1307 4115 1375 4189; x_wconf 85' lang='lat' dir='ltr'><strong>quie</strong></span> <span class='ocrx_word' id='word_1_590' title='bbox 1397 4115 1474 4187; x_wconf 89' lang='lat' dir='ltr'><strong>quod</strong></span> <span class='ocrx_word' id='word_1_591' title='bbox 1497 4118 1563 4169; x_wconf 88' lang='lat' dir='ltr'><strong>aute</strong></span> <span class='ocrx_word' id='word_1_592' title='bbox 1582 4112 1679 4167; x_wconf 89' lang='lat' dir='ltr'><strong>oculos</strong></span> <span class='ocrx_word' id='word_1_593' title='bbox 1694 4109 1846 4166; x_wconf 88' lang='lat' dir='ltr'><strong>bominum</strong></span> 
     </span>
     <span class='ocr_line' id='line_1_45' title="bbox 103 4199 1733 4276; baseline -0.001 -20"><span class='ocrx_word' id='word_1_594' title='bbox 103 4203 169 4256; x_wconf 81' lang='lat' dir='ltr'><strong>euim</strong></span> <span class='ocrx_word' id='word_1_595' title='bbox 187 4202 272 4271; x_wconf 77' lang='lat' dir='ltr'><strong>taujrls</strong></span> <span class='ocrx_word' id='word_1_596' title='bbox 280 4201 378 4258; x_wconf 74' lang='lat' dir='ltr'><strong>mucidi</strong></span> <span class='ocrx_word' id='word_1_597' title='bbox 392 4204 504 4258; x_wconf 81' lang='lat' dir='ltr'><strong>inimico</strong></span> <span class='ocrx_word' id='word_1_598' title='bbox 518 4208 557 4259; x_wconf 84' lang='lat' dir='ltr'><strong>est</strong></span> <span class='ocrx_word' id='word_1_599' title='bbox 572 4205 622 4259; x_wconf 80' lang='lat' dir='ltr'><strong>ileo</strong></span> <span class='ocrx_word' id='word_1_600' title='bbox 635 4203 722 4276; x_wconf 81' lang='lat' dir='ltr'><strong>(Rom.</strong></span> <span class='ocrx_word' id='word_1_601' title='bbox 737 4205 808 4275; x_wconf 83' lang='grc' dir='ltr'><strong>ιιιι).</strong></span> <span class='ocrx_word' id='word_1_602' title='bbox 998 4217 1091 4272; x_wconf 78' lang='lat' dir='ltr'><strong>prena,</strong></span> <span class='ocrx_word' id='word_1_603' title='bbox 1107 4201 1160 4257; x_wconf 91' lang='lat' dir='ltr'><strong>boc</strong></span> <span class='ocrx_word' id='word_1_604' title='bbox 1175 4208 1241 4257; x_wconf 87' lang='lat' dir='ltr'><strong>ante</strong></span> <span class='ocrx_word' id='word_1_605' title='bbox 1256 4204 1354 4257; x_wconf 90' lang='lat' dir='ltr'><strong>oculos</strong></span> <span class='ocrx_word' id='word_1_606' title='bbox 1369 4202 1461 4257; x_wconf 87' lang='lat' dir='ltr'><strong>Patris</strong></span> <span class='ocrx_word' id='word_1_607' title='bbox 1475 4200 1647 4257; x_wconf 83' lang='lat' dir='ltr'><strong>sacrificium</strong></span> <span class='ocrx_word' id='word_1_608' title='bbox 1670 4199 1733 4254; x_wconf 82' lang='lat' dir='ltr'><strong>tuit.</strong></span> 
     </span>
    </p>
   </div>
   <div class='ocr_carea' id='block_1_3' title="bbox 104 4283 1847 5606">
    <p class='ocr_par' dir='ltr' id='par_1_3' title="bbox 104 4283 1847 5606">
     <span class='ocr_line' id='line_1_46' title="bbox 964 4283 1846 4362; baseline -0.006 -18"><span class='ocrx_word' id='word_1_609' title='bbox 964 4283 986 4339; x_wconf 82' lang='lat' dir='ltr'>D</span> <span class='ocrx_word' id='word_1_610' title='bbox 1037 4291 1118 4346; x_wconf 83' lang='lat' dir='ltr'><strong>Vens.</strong></span> <span class='ocrx_word' id='word_1_611' title='bbox 1147 4293 1175 4346; x_wconf 81' lang='lat' dir='ltr'><strong>t.</strong></span> <span class='ocrx_word' id='word_1_612' title='bbox 1190 4321 1226 4333; x_wconf 97' lang='lat'>-</span> <span class='ocrx_word' id='word_1_613' title='bbox 1253 4294 1288 4348; x_wconf 87' lang='lat' dir='ltr'><strong>lit</strong></span> <span class='ocrx_word' id='word_1_614' title='bbox 1309 4295 1415 4361; x_wconf 74' lang='lat' dir='ltr'><strong>tinpeus</strong></span> <span class='ocrx_word' id='word_1_615' title='bbox 1442 4291 1560 4362; x_wconf 74' lang='lat' dir='ltr'><strong>dipitum</strong></span> <span class='ocrx_word' id='word_1_616' title='bbox 1574 4293 1605 4346; x_wconf 84' lang='lat' dir='ltr'><strong>io</strong></span> <span class='ocrx_word' id='word_1_617' title='bbox 1626 4291 1759 4358; x_wconf 80' lang='lat' dir='ltr'><strong>soupuioe</strong></span> <span class='ocrx_word' id='word_1_618' title='bbox 1786 4286 1846 4354; x_wconf 70' lang='lat' dir='ltr'><strong>eius</strong></span> 
     </span>
     <span class='ocr_line' id='line_1_47' title="bbox 419 4344 1847 4452; baseline -0.002 -18"><span class='ocrx_word' id='word_1_619' title='bbox 419 4344 533 4434; x_wconf 58' lang='lat' dir='ltr'>‚CAPUT</span> <span class='ocrx_word' id='word_1_620' title='bbox 551 4346 617 4402; x_wconf 64' lang='lat' dir='ltr'><strong>xlx·</strong></span> <span class='ocrx_word' id='word_1_621' title='bbox 1001 4378 1094 4451; x_wconf 77' lang='lat' dir='ltr'><strong>(too.)</strong></span> <span class='ocrx_word' id='word_1_622' title='bbox 1123 4381 1186 4436; x_wconf 77' lang='lat' dir='ltr'><strong>Atia</strong></span> <span class='ocrx_word' id='word_1_623' title='bbox 1212 4381 1317 4436; x_wconf 88' lang='lat' dir='ltr'><strong>littero.</strong></span> <span class='ocrx_word' id='word_1_624' title='bbox 1345 4383 1386 4438; x_wconf 81' lang='lat' dir='ltr'><strong>Et</strong></span> <span class='ocrx_word' id='word_1_625' title='bbox 1411 4384 1525 4452; x_wconf 85' lang='lat' dir='ltr'><strong>accipiet</strong></span> <span class='ocrx_word' id='word_1_626' title='bbox 1557 4379 1847 4447; x_wconf 62' lang='lat' dir='ltr'><strong>staturianum</strong></span> 
     </span>
     <span class='ocr_line' id='line_1_48' title="bbox 137 4465 1846 4543; baseline -0.001 -23"><span class='ocrx_word' id='word_1_627' title='bbox 137 4467 217 4522; x_wconf 81' lang='lat' dir='ltr'><strong>tres.</strong></span> <span class='ocrx_word' id='word_1_628' title='bbox 249 4471 273 4523; x_wconf 94' lang='lat' dir='ltr'><strong>l.</strong></span> <span class='ocrx_word' id='word_1_629' title='bbox 304 4469 473 4541; x_wconf 75' lang='lat' dir='ltr'><strong>boeotosque</strong></span> <span class='ocrx_word' id='word_1_630' title='bbox 499 4474 539 4525; x_wconf 81' lang='lat' dir='ltr'><strong>eet</strong></span> <span class='ocrx_word' id='word_1_631' title='bbox 557 4473 696 4528; x_wconf 72' lang='grc' dir='ltr'><strong>Βοιιιὲιιιιο.</strong></span> <span class='ocrx_word' id='word_1_632' title='bbox 731 4470 825 4543; x_wconf 76' lang='lat' dir='ltr'><strong>(tuo,</strong></span> <span class='ocrx_word' id='word_1_633' title='bbox 850 4478 945 4542; x_wconf 75' lang='lat' dir='ltr'><strong>quast.</strong></span> <span class='ocrx_word' id='word_1_634' title='bbox 999 4469 1070 4540; x_wconf 72' lang='lat' dir='ltr'><strong>ejus,</strong></span> <span class='ocrx_word' id='word_1_635' title='bbox 1084 4474 1111 4526; x_wconf 85' lang='lat' dir='ltr'><strong>ct</strong></span> <span class='ocrx_word' id='word_1_636' title='bbox 1124 4474 1252 4542; x_wconf 78' lang='lat' dir='ltr'><strong>osperpet</strong></span> <span class='ocrx_word' id='word_1_637' title='bbox 1269 4475 1364 4528; x_wconf 80' lang='lat' dir='ltr'><strong>contro</strong></span> <span class='ocrx_word' id='word_1_638' title='bbox 1382 4473 1483 4539; x_wconf 69' lang='lat' dir='ltr'><strong>focum</strong></span> <span class='ocrx_word' id='word_1_639' title='bbox 1497 4470 1644 4527; x_wconf 83' lang='lat' dir='ltr'><strong>testimonii</strong></span> <span class='ocrx_word' id='word_1_640' title='bbox 1671 4483 1689 4522; x_wconf 87' lang='lat' dir='ltr'><strong>o</strong></span> <span class='ocrx_word' id='word_1_641' title='bbox 1712 4465 1846 4536; x_wconf 73' lang='lat' dir='ltr'><strong>conquire</strong></span> 
     </span>
     <span class='ocr_line' id='line_1_49' title="bbox 104 4555 1847 4629; baseline -0.002 -20"><span class='ocrx_word' id='word_1_642' title='bbox 104 4556 135 4609; x_wconf 79' lang='lat' dir='ltr'><strong>ts</strong></span> <span class='ocrx_word' id='word_1_643' title='bbox 158 4555 297 4626; x_wconf 77' lang='lat' dir='ltr'><strong>initum.)</strong></span> <span class='ocrx_word' id='word_1_644' title='bbox 325 4555 390 4611; x_wconf 80' lang='lat' dir='ltr'><strong>Alia</strong></span> <span class='ocrx_word' id='word_1_645' title='bbox 406 4556 510 4623; x_wconf 88' lang='lat' dir='ltr'><strong>littera,</strong></span> <span class='ocrx_word' id='word_1_646' title='bbox 535 4561 600 4624; x_wconf 80' lang='lat' dir='ltr'><strong>ate,</strong></span> <span class='ocrx_word' id='word_1_647' title='bbox 624 4573 708 4628; x_wconf 82' lang='lat' dir='ltr'><strong>usque</strong></span> <span class='ocrx_word' id='word_1_648' title='bbox 730 4559 768 4613; x_wconf 85' lang='lat' dir='ltr'><strong>od</strong></span> <span class='ocrx_word' id='word_1_649' title='bbox 795 4563 824 4614; x_wconf 86' lang='lat' dir='ltr'><strong>et</strong></span> <span class='ocrx_word' id='word_1_650' title='bbox 849 4560 945 4614; x_wconf 88' lang='lat' dir='ltr'><strong>obser·</strong></span> <span class='ocrx_word' id='word_1_651' title='bbox 1000 4557 1059 4628; x_wconf 77' lang='lat' dir='ltr'><strong>ejus</strong></span> <span class='ocrx_word' id='word_1_652' title='bbox 1093 4560 1201 4629; x_wconf 81' lang='lat' dir='ltr'><strong>septies.</strong></span> <span class='ocrx_word' id='word_1_653' title='bbox 1239 4559 1312 4625; x_wconf 79' lang='lat' dir='ltr'><strong>Quia</strong></span> <span class='ocrx_word' id='word_1_654' title='bbox 1337 4559 1464 4616; x_wconf 86' lang='lat' dir='ltr'><strong>Christus</strong></span> <span class='ocrx_word' id='word_1_655' title='bbox 1498 4558 1655 4615; x_wconf 88' lang='lat' dir='ltr'><strong>secundum</strong></span> <span class='ocrx_word' id='word_1_656' title='bbox 1687 4555 1847 4626; x_wconf 85' lang='lat' dir='ltr'><strong>Scripturas</strong></span> 
     </span>
     <span class='ocr_line' id='line_1_50' title="bbox 104 4641 1847 4718; baseline 0.001 -23"><span class='ocrx_word' id='word_1_657' title='bbox 104 4642 226 4698; x_wconf 82' lang='lat' dir='ltr'><strong>rationes</strong></span> <span class='ocrx_word' id='word_1_658' title='bbox 243 4643 315 4713; x_wconf 88' lang='lat' dir='ltr'><strong>legis</strong></span> <span class='ocrx_word' id='word_1_659' title='bbox 325 4643 504 4715; x_wconf 78' lang='lat' dir='ltr'><strong>profanabat.</strong></span> <span class='ocrx_word' id='word_1_660' title='bbox 999 4645 1075 4701; x_wconf 79' lang='lat' dir='ltr'><strong>ludit</strong></span> <span class='ocrx_word' id='word_1_661' title='bbox 1099 4646 1269 4717; x_wconf 86' lang='lat' dir='ltr'><strong>sanguinem</strong></span> <span class='ocrx_word' id='word_1_662' title='bbox 1296 4646 1539 4703; x_wconf 86' lang='lat' dir='ltr'><strong>inremissionem</strong></span> <span class='ocrx_word' id='word_1_663' title='bbox 1568 4647 1760 4718; x_wconf 87' lang='lat' dir='ltr'><strong>peccatorum,</strong></span> <span class='ocrx_word' id='word_1_664' title='bbox 1781 4641 1847 4698; x_wconf 88' lang='lat' dir='ltr'><strong>ideo</strong></span> 
     </span>
     <span class='ocr_line' id='line_1_51' title="bbox 137 4730 1843 4805; baseline -0.002 -16"><span class='ocrx_word' id='word_1_665' title='bbox 137 4733 235 4804; x_wconf 77' lang='lat' dir='ltr'><strong>titas.)</strong></span> <span class='ocrx_word' id='word_1_666' title='bbox 271 4733 325 4788; x_wconf 87' lang='lat' dir='ltr'><strong>Per</strong></span> <span class='ocrx_word' id='word_1_667' title='bbox 360 4734 519 4790; x_wconf 85' lang='lat' dir='ltr'><strong>masculum</strong></span> <span class='ocrx_word' id='word_1_668' title='bbox 546 4734 695 4800; x_wconf 81' lang='lat' dir='ltr'><strong>tortitudo,</strong></span> <span class='ocrx_word' id='word_1_669' title='bbox 728 4744 779 4805; x_wconf 89' lang='lat' dir='ltr'><strong>pet·</strong></span> <span class='ocrx_word' id='word_1_670' title='bbox 808 4734 947 4792; x_wconf 88' lang='lat' dir='ltr'><strong>leminam</strong></span> <span class='ocrx_word' id='word_1_671' title='bbox 1000 4738 1100 4789; x_wconf 89' lang='lat' dir='ltr'><strong>contra</strong></span> <span class='ocrx_word' id='word_1_672' title='bbox 1121 4734 1225 4790; x_wconf 77' lang='lat' dir='ltr'><strong>sociem</strong></span> <span class='ocrx_word' id='word_1_673' title='bbox 1239 4735 1416 4792; x_wconf 88' lang='lat' dir='ltr'><strong>tabernaculi</strong></span> <span class='ocrx_word' id='word_1_674' title='bbox 1440 4734 1608 4801; x_wconf 89' lang='lat' dir='ltr'><strong>testimonii,</strong></span> <span class='ocrx_word' id='word_1_675' title='bbox 1623 4733 1692 4805; x_wconf 86' lang='lat' dir='ltr'><strong>quia</strong></span> <span class='ocrx_word' id='word_1_676' title='bbox 1711 4746 1769 4787; x_wconf 87' lang='lat' dir='ltr'><strong>oon</strong></span> <span class='ocrx_word' id='word_1_677' title='bbox 1790 4730 1843 4786; x_wconf 87' lang='lat' dir='ltr'><strong>ali·</strong></span> 
     </span>
     <span class='ocr_line' id='line_1_52' title="bbox 104 4819 1845 4897; baseline 0.001 -22"><span class='ocrx_word' id='word_1_678' title='bbox 104 4820 254 4876; x_wconf 85' lang='lat' dir='ltr'><strong>infirmitas</strong></span> <span class='ocrx_word' id='word_1_679' title='bbox 271 4820 473 4892; x_wconf 79' lang='lat' dir='ltr'><strong>significatur:</strong></span> <span class='ocrx_word' id='word_1_680' title='bbox 496 4839 547 4894; x_wconf 91' lang='lat' dir='ltr'><strong>per</strong></span> <span class='ocrx_word' id='word_1_681' title='bbox 568 4838 681 4879; x_wconf 85' lang='lat' dir='ltr'><strong>raccem</strong></span> <span class='ocrx_word' id='word_1_682' title='bbox 706 4839 776 4896; x_wconf 92' lang='lat' dir='ltr'><strong>ergo</strong></span> <span class='ocrx_word' id='word_1_683' title='bbox 796 4823 947 4880; x_wconf 83' lang='lat' dir='ltr'><strong>infirmitas</strong></span> <span class='ocrx_word' id='word_1_684' title='bbox 1000 4827 1044 4878; x_wconf 91' lang='lat' dir='ltr'><strong>ter</strong></span> <span class='ocrx_word' id='word_1_685' title='bbox 1065 4822 1240 4880; x_wconf 86' lang='lat' dir='ltr'><strong>declaratum</strong></span> <span class='ocrx_word' id='word_1_686' title='bbox 1266 4829 1318 4890; x_wconf 87' lang='lat' dir='ltr'><strong>est,</strong></span> <span class='ocrx_word' id='word_1_687' title='bbox 1343 4841 1430 4897; x_wconf 82' lang='lat' dir='ltr'><strong>quam</strong></span> <span class='ocrx_word' id='word_1_688' title='bbox 1453 4824 1545 4880; x_wconf 88' lang='lat' dir='ltr'><strong>luerat</strong></span> <span class='ocrx_word' id='word_1_689' title='bbox 1570 4822 1667 4878; x_wconf 80' lang='lat' dir='ltr'><strong>divino</strong></span> <span class='ocrx_word' id='word_1_690' title='bbox 1681 4819 1845 4877; x_wconf 87' lang='lat' dir='ltr'><strong>testimonio</strong></span> 
     </span>
     <span class='ocr_line' id='line_1_53' title="bbox 105 4907 1846 4985; baseline 0.002 -23"><span class='ocrx_word' id='word_1_691' title='bbox 105 4907 256 4964; x_wconf 80' lang='lat' dir='ltr'><strong>liominicre</strong></span> <span class='ocrx_word' id='word_1_692' title='bbox 270 4908 478 4965; x_wconf 83' lang='lat' dir='ltr'><strong>incarnationis</strong></span> <span class='ocrx_word' id='word_1_693' title='bbox 498 4912 535 4967; x_wconf 87' lang='lat' dir='ltr'><strong>ad</strong></span> <span class='ocrx_word' id='word_1_694' title='bbox 549 4911 720 4968; x_wconf 81' lang='lat' dir='ltr'><strong>sacrificium</strong></span> <span class='ocrx_word' id='word_1_695' title='bbox 746 4916 893 4984; x_wconf 89' lang='lat' dir='ltr'><strong>assumpta</strong></span> <span class='ocrx_word' id='word_1_696' title='bbox 910 4912 947 4968; x_wconf 88' lang='lat' dir='ltr'><strong>ll·</strong></span> <span class='ocrx_word' id='word_1_697' title='bbox 999 4911 1234 4983; x_wconf 78' lang='lat' dir='ltr'><strong>praenuntietum.</strong></span> <span class='ocrx_word' id='word_1_698' title='bbox 1259 4914 1292 4969; x_wconf 82' lang='lat' dir='ltr'><strong>ttt</strong></span> <span class='ocrx_word' id='word_1_699' title='bbox 1307 4912 1371 4969; x_wconf 84' lang='lat' dir='ltr'><strong>ideo</strong></span> <span class='ocrx_word' id='word_1_700' title='bbox 1385 4912 1499 4985; x_wconf 86' lang='lat' dir='ltr'><strong>septies,</strong></span> <span class='ocrx_word' id='word_1_701' title='bbox 1528 4911 1597 4984; x_wconf 85' lang='lat' dir='ltr'><strong>quia</strong></span> <span class='ocrx_word' id='word_1_702' title='bbox 1619 4911 1680 4984; x_wconf 88' lang='lat' dir='ltr'><strong>ipse</strong></span> <span class='ocrx_word' id='word_1_703' title='bbox 1708 4924 1846 4965; x_wconf 79' lang='lat' dir='ltr'><strong>numerus</strong></span> 
     </span>
     <span class='ocr_line' id='line_1_54' title="bbox 105 4999 1596 5074; baseline 0.003 -24"><span class='ocrx_word' id='word_1_704' title='bbox 105 5002 226 5066; x_wconf 87' lang='lat' dir='ltr'><strong>gorator.</strong></span> <span class='ocrx_word' id='word_1_705' title='bbox 257 4999 382 5054; x_wconf 79' lang='lat' dir='ltr'><strong>Mortuus</strong></span> <span class='ocrx_word' id='word_1_706' title='bbox 406 5003 445 5054; x_wconf 88' lang='lat' dir='ltr'><strong>est</strong></span> <span class='ocrx_word' id='word_1_707' title='bbox 467 5002 538 5055; x_wconf 84' lang='lat' dir='ltr'><strong>enim</strong></span> <span class='ocrx_word' id='word_1_708' title='bbox 561 5001 692 5057; x_wconf 76' lang='lat' dir='ltr'><strong>cuorus</strong></span> <span class='ocrx_word' id='word_1_709' title='bbox 718 5016 752 5056; x_wconf 81' lang='lat' dir='ltr'><strong>ec</strong></span> <span class='ocrx_word' id='word_1_710' title='bbox 775 5002 945 5071; x_wconf 61' lang='lat' dir='ltr'><strong>infirmitate,</strong></span> <span class='ocrx_word' id='word_1_711' title='bbox 1000 5001 1035 5055; x_wconf 91' lang='lat' dir='ltr'><strong>ed</strong></span> <span class='ocrx_word' id='word_1_712' title='bbox 1044 5000 1280 5058; x_wconf 87' lang='lat' dir='ltr'><strong>emundationem</strong></span> <span class='ocrx_word' id='word_1_713' title='bbox 1293 5003 1417 5074; x_wconf 84' lang='lat' dir='ltr'><strong>pertinet</strong></span> <span class='ocrx_word' id='word_1_714' title='bbox 1428 5001 1596 5073; x_wconf 85' lang='lat' dir='ltr'><strong>spiritalem.</strong></span> 
     </span>
     <span class='ocr_line' id='line_1_55' title="bbox 105 5084 1847 5163; baseline 0.002 -24"><span class='ocrx_word' id='word_1_715' title='bbox 105 5084 223 5140; x_wconf 70' lang='lat' dir='ltr'><strong>redoiw</strong></span> <span class='ocrx_word' id='word_1_716' title='bbox 237 5087 448 5142; x_wconf 78' lang='lat' dir='ltr'><strong>ecuirtutettei</strong></span> <span class='ocrx_word' id='word_1_717' title='bbox 461 5087 568 5155; x_wconf 71' lang='lat' dir='ltr'><strong>(ticon.</strong></span> <span class='ocrx_word' id='word_1_718' title='bbox 590 5089 665 5159; x_wconf 84' lang='lat' dir='ltr'><strong>ult).</strong></span> <span class='ocrx_word' id='word_1_719' title='bbox 1041 5090 1133 5161; x_wconf 76' lang='lat' dir='ltr'><strong>tilae.)</strong></span> <span class='ocrx_word' id='word_1_720' title='bbox 1158 5090 1190 5146; x_wconf 91' lang='lat' dir='ltr'><strong>ln</strong></span> <span class='ocrx_word' id='word_1_721' title='bbox 1204 5090 1295 5162; x_wconf 80' lang='lat' dir='ltr'><strong>digito</strong></span> <span class='ocrx_word' id='word_1_722' title='bbox 1330 5091 1463 5147; x_wconf 87' lang='lat' dir='ltr'><strong>discretio</strong></span> <span class='ocrx_word' id='word_1_723' title='bbox 1492 5088 1667 5163; x_wconf 84' lang='lat' dir='ltr'><strong>operationis</strong></span> <span class='ocrx_word' id='word_1_724' title='bbox 1693 5088 1847 5161; x_wconf 83' lang='lat' dir='ltr'><strong>signatur:</strong></span> 
     </span>
     <span class='ocr_line' id='line_1_56' title="bbox 135 5173 1845 5252; baseline 0.003 -25"><span class='ocrx_word' id='word_1_725' title='bbox 135 5173 251 5229; x_wconf 75' lang='lat' dir='ltr'><strong>taccam</strong></span> <span class='ocrx_word' id='word_1_726' title='bbox 270 5173 375 5240; x_wconf 81' lang='lat' dir='ltr'><strong>rutam,</strong></span> <span class='ocrx_word' id='word_1_727' title='bbox 396 5176 513 5230; x_wconf 89' lang='lat' dir='ltr'><strong>rubram</strong></span> <span class='ocrx_word' id='word_1_728' title='bbox 541 5175 649 5231; x_wconf 90' lang='lat' dir='ltr'><strong>scilicet</strong></span> <span class='ocrx_word' id='word_1_729' title='bbox 665 5175 805 5249; x_wconf 90' lang='lat' dir='ltr'><strong>sanguine</strong></span> <span class='ocrx_word' id='word_1_730' title='bbox 831 5177 945 5250; x_wconf 86' lang='lat' dir='ltr'><strong>passio·</strong></span> <span class='ocrx_word' id='word_1_731' title='bbox 1000 5176 1189 5249; x_wconf 86' lang='lat' dir='ltr'><strong>insanguine</strong></span> <span class='ocrx_word' id='word_1_732' title='bbox 1217 5196 1307 5235; x_wconf 77' lang='lat' dir='ltr'><strong>vaccis</strong></span> <span class='ocrx_word' id='word_1_733' title='bbox 1328 5179 1451 5252; x_wconf 77' lang='lat' dir='ltr'><strong>digitum</strong></span> <span class='ocrx_word' id='word_1_734' title='bbox 1474 5179 1584 5252; x_wconf 87' lang='lat' dir='ltr'><strong>tingere</strong></span> <span class='ocrx_word' id='word_1_735' title='bbox 1599 5185 1643 5234; x_wconf 86' lang='lat' dir='ltr'><strong>est</strong></span> <span class='ocrx_word' id='word_1_736' title='bbox 1656 5178 1687 5234; x_wconf 91' lang='lat' dir='ltr'><strong>in</strong></span> <span class='ocrx_word' id='word_1_737' title='bbox 1713 5177 1845 5249; x_wconf 86' lang='lat' dir='ltr'><strong>passione</strong></span> 
     </span>
     <span class='ocr_line' id='line_1_57' title="bbox 106 5259 1843 5340; baseline 0.002 -25"><span class='ocrx_word' id='word_1_738' title='bbox 106 5259 154 5332; x_wconf 89' lang='lat' dir='ltr'><strong>nis,</strong></span> <span class='ocrx_word' id='word_1_739' title='bbox 185 5262 285 5319; x_wconf 90' lang='lat' dir='ltr'><strong>uode:</strong></span> <span class='ocrx_word' id='word_1_740' title='bbox 325 5263 440 5318; x_wconf 85' lang='lat' dir='ltr'><strong>ttitectus</strong></span> <span class='ocrx_word' id='word_1_741' title='bbox 450 5279 523 5319; x_wconf 86' lang='lat' dir='ltr'><strong>meus</strong></span> <span class='ocrx_word' id='word_1_742' title='bbox 550 5264 683 5320; x_wconf 75' lang='lat' dir='ltr'><strong>cotididos</strong></span> <span class='ocrx_word' id='word_1_743' title='bbox 711 5270 736 5320; x_wconf 89' lang='lat' dir='ltr'><strong>ct</strong></span> <span class='ocrx_word' id='word_1_744' title='bbox 777 5266 945 5322; x_wconf 79' lang='lat' dir='ltr'><strong>rubicundus</strong></span> <span class='ocrx_word' id='word_1_745' title='bbox 1001 5267 1114 5323; x_wconf 80' lang='lat' dir='ltr'><strong>Dourini</strong></span> <span class='ocrx_word' id='word_1_746' title='bbox 1129 5273 1224 5323; x_wconf 89' lang='lat' dir='ltr'><strong>nostra</strong></span> <span class='ocrx_word' id='word_1_747' title='bbox 1237 5283 1325 5339; x_wconf 87' lang='lat' dir='ltr'><strong>opera</strong></span> <span class='ocrx_word' id='word_1_748' title='bbox 1339 5267 1508 5335; x_wconf 86' lang='lat' dir='ltr'><strong>consecrari,</strong></span> <span class='ocrx_word' id='word_1_749' title='bbox 1535 5273 1568 5325; x_wconf 91' lang='lat' dir='ltr'><strong>ut</strong></span> <span class='ocrx_word' id='word_1_750' title='bbox 1595 5267 1758 5340; x_wconf 83' lang='lat' dir='ltr'><strong>passionem</strong></span> <span class='ocrx_word' id='word_1_751' title='bbox 1772 5267 1843 5336; x_wconf 88' lang='lat' dir='ltr'><strong>ejus,</strong></span> 
     </span>
     <span class='ocr_line' id='line_1_58' title="bbox 107 5350 1843 5428; baseline 0.003 -23"><span class='ocrx_word' id='word_1_752' title='bbox 107 5350 187 5407; x_wconf 80' lang='lat' dir='ltr'><strong>lcoot.</strong></span> <span class='ocrx_word' id='word_1_753' title='bbox 203 5353 252 5421; x_wconf 77' lang='lat' dir='ltr'><strong>vl:</strong></span> <span class='ocrx_word' id='word_1_754' title='bbox 275 5351 413 5406; x_wconf 88' lang='lat' dir='ltr'><strong>candidus</strong></span> <span class='ocrx_word' id='word_1_755' title='bbox 433 5351 541 5407; x_wconf 88' lang='lat' dir='ltr'><strong>scilicet</strong></span> <span class='ocrx_word' id='word_1_756' title='bbox 564 5368 596 5408; x_wconf 82' lang='lat' dir='ltr'><strong>ex</strong></span> <span class='ocrx_word' id='word_1_757' title='bbox 611 5353 756 5409; x_wconf 77' lang='lat' dir='ltr'><strong>divinitate</strong></span> <span class='ocrx_word' id='word_1_758' title='bbox 771 5354 946 5410; x_wconf 91' lang='lat' dir='ltr'><strong>rubicundos</strong></span> <span class='ocrx_word' id='word_1_759' title='bbox 1000 5372 1087 5428; x_wconf 88' lang='lat' dir='ltr'><strong>quam</strong></span> <span class='ocrx_word' id='word_1_760' title='bbox 1112 5356 1321 5426; x_wconf 82' lang='lat' dir='ltr'><strong>cognoscimus,</strong></span> <span class='ocrx_word' id='word_1_761' title='bbox 1337 5355 1486 5412; x_wconf 91' lang='lat' dir='ltr'><strong>imitemur</strong></span> <span class='ocrx_word' id='word_1_762' title='bbox 1503 5373 1510 5412; x_wconf 93' lang='lat'>:</span> <span class='ocrx_word' id='word_1_763' title='bbox 1528 5359 1627 5414; x_wconf 82' lang='lat' dir='ltr'><strong>Passus</strong></span> <span class='ocrx_word' id='word_1_764' title='bbox 1655 5358 1779 5414; x_wconf 82' lang='lat' dir='ltr'><strong>csteoim</strong></span> <span class='ocrx_word' id='word_1_765' title='bbox 1792 5371 1843 5410; x_wconf 84' lang='lat' dir='ltr'><strong>oo·</strong></span> 
     </span>
     <span class='ocr_line' id='line_1_59' title="bbox 106 5439 1839 5518; baseline 0.004 -27"><span class='ocrx_word' id='word_1_766' title='bbox 106 5455 133 5492; x_wconf 84' lang='lat' dir='ltr'><strong>er</strong></span> <span class='ocrx_word' id='word_1_767' title='bbox 146 5440 296 5512; x_wconf 85' lang='lat' dir='ltr'><strong>sanguine,</strong></span> <span class='ocrx_word' id='word_1_768' title='bbox 312 5439 450 5495; x_wconf 88' lang='lat' dir='ltr'><strong>candidus</strong></span> <span class='ocrx_word' id='word_1_769' title='bbox 464 5439 550 5496; x_wconf 89' lang='lat' dir='ltr'><strong>etiam</strong></span> <span class='ocrx_word' id='word_1_770' title='bbox 566 5457 618 5512; x_wconf 90' lang='lat' dir='ltr'><strong>per</strong></span> <span class='ocrx_word' id='word_1_771' title='bbox 635 5441 779 5512; x_wconf 86' lang='lat' dir='ltr'><strong>justitiam</strong></span> <span class='ocrx_word' id='word_1_772' title='bbox 800 5443 874 5499; x_wconf 77' lang='lat' dir='ltr'><strong>viles.</strong></span> <span class='ocrx_word' id='word_1_773' title='bbox 999 5445 1040 5502; x_wconf 82' lang='lat' dir='ltr'><strong>bis</strong></span> <span class='ocrx_word' id='word_1_774' title='bbox 1065 5446 1219 5514; x_wconf 74' lang='lat' dir='ltr'><strong>retiaquem&#39;</strong></span> <span class='ocrx_word' id='word_1_775' title='bbox 1235 5446 1397 5517; x_wconf 76' lang='lat' dir='ltr'><strong>coemptum,</strong></span> <span class='ocrx_word' id='word_1_776' title='bbox 1414 5450 1445 5503; x_wconf 90' lang='lat' dir='ltr'><strong>ut</strong></span> <span class='ocrx_word' id='word_1_777' title='bbox 1467 5461 1613 5518; x_wconf 80' lang='lat' dir='ltr'><strong>sequamur</strong></span> <span class='ocrx_word' id='word_1_778' title='bbox 1640 5447 1757 5515; x_wconf 81' lang='lat' dir='ltr'><strong>oestipiu</strong></span> <span class='ocrx_word' id='word_1_779' title='bbox 1781 5444 1839 5513; x_wconf 82' lang='lat' dir='ltr'><strong>ejus</strong></span> 
     </span>
     <span class='ocr_line' id='line_1_60' title="bbox 136 5525 1168 5606; baseline 0.004 -22"><span class='ocrx_word' id='word_1_780' title='bbox 136 5525 244 5597; x_wconf 72' lang='lat' dir='ltr'><strong>(Geso,</strong></span> <span class='ocrx_word' id='word_1_781' title='bbox 278 5527 330 5583; x_wconf 90' lang='lat' dir='ltr'><strong>lib.</strong></span> <span class='ocrx_word' id='word_1_782' title='bbox 358 5545 385 5582; x_wconf 83' lang='lat' dir='ltr'><strong>vr</strong></span> <span class='ocrx_word' id='word_1_783' title='bbox 403 5529 512 5597; x_wconf 75' lang='lat' dir='ltr'><strong>ilorci,</strong></span> <span class='ocrx_word' id='word_1_784' title='bbox 543 5533 613 5586; x_wconf 90' lang='lat' dir='ltr'><strong>tom.</strong></span> <span class='ocrx_word' id='word_1_785' title='bbox 640 5531 675 5601; x_wconf 88' lang='grc'><strong>1.)</strong></span> <span class='ocrx_word' id='word_1_786' title='bbox 705 5531 822 5587; x_wconf 87' lang='lat' dir='ltr'><strong>Vaccam</strong></span> <span class='ocrx_word' id='word_1_787' title='bbox 851 5529 945 5590; x_wconf 83' lang='lat' dir='ltr'><strong>roiam</strong></span> <span class='ocrx_word' id='word_1_788' title='bbox 1000 5533 1026 5603; x_wconf 80' lang='lat' dir='ltr'><strong>tl</strong></span> <span class='ocrx_word' id='word_1_789' title='bbox 1037 5533 1109 5588; x_wconf 83' lang='lat' dir='ltr'><strong>Petr.</strong></span> <span class='ocrx_word' id='word_1_790' title='bbox 1125 5533 1168 5606; x_wconf 91' lang='grc' dir='ltr'><strong>ιι).</strong></span> 
     </span>
    </p>
   </div>
   <div class='ocr_carea' id='block_1_4' title="bbox 0 0 1966 6100">
    <p class='ocr_par' dir='ltr' id='par_1_4' title="bbox 0 0 1966 6100">
     <span class='ocr_line' id='line_1_61' title="bbox 0 0 1966 6100; baseline 0 0"><span class='ocrx_word' id='word_1_791' title='bbox 0 0 1966 6100; x_wconf 95' lang='lat' dir='ltr'><strong> </strong></span> 
     </span>
    </p>
   </div>
  </div>
 </body>
</html>
