3892 6106
45 296 103 350 ⁴29
636 296 763 354 GLDSSb
780 295 981 355 obolostate.
1001 327 1036 337 -
1056 297 1120 354 niu.
1141 294 1224 354 NUM-
1756 297 1811 356 420

84 416 171 470 Vsus.
188 416 232 471 54.
251 445 286 457 -
300 415 435 471 Pluribus
450 417 591 486 mojorem.
606 418 642 473 Ut
669 417 777 473 scilicet
804 434 905 474 nume·
922 419 946 476 Α
1000 419 1081 475 Vnus.
1099 421 1141 474 li.
1158 449 1193 459 -
1207 417 1330 474 Ascende
1344 420 1506 484 ormontem,
1524 421 1578 475 etc.
1603 418 1667 491 (lm,
1678 419 1749 475 boas.
1765 423 1812 478 22.

46 504 148 559 rosior
157 504 250 559 tribus
271 505 380 576 majora
395 505 487 576 spatia
501 512 586 560 terrie
600 507 751 576 sortiatur3
771 523 836 580 qnae
850 508 906 563 mi·
961 508 1030 564 Vide
1044 508 1186 580 quomodo
1200 507 1250 579 qni
1265 506 1407 579 perlectus
1419 512 1448 562 st
1461 507 1564 564 beatus
1573 512 1626 573 est,
1643 511 1710 576 etc,
1725 523 1812 579 usqua

47 598 220 648 norontem
237 592 325 649 luerit
345 595 496 649 hominum
513 610 633 650 numero
648 596 801 651 minorem.
961 596 999 651 od
1014 596 1063 651 llle
1077 611 1146 667 ergo
1163 595 1239 650 solus
1253 595 1339 651 debet
1361 595 1482 667 requiri,
1508 595 1560 668 qui
1575 601 1724 668 peccatum
1750 613 1809 653 non

89 681 171 736 Unus
184 683 290 751 justus,
317 683 477 737 secundum
494 683 571 754 quod
597 684 654 738 Deo
682 689 824 756 acceptus,
852 700 906 755 pro
960 684 1038 740 lecit.

49 770 185 842 pluribus
202 770 342 837 babetnr;
358 771 436 825 unde
453 786 460 825 :
479 773 529 826 Pes·
551 787 634 827 uuum
658 775 805 843 sapientem
827 774 906 829 bobi-
995 775 1055 836 llo.)
1069 773 1141 827 Mors
1168 772 1258 844 Moysi
1282 771 1348 828 finis
1365 771 1526 844 legis,ete.,
1542 787 1627 843 usque
1653 772 1692 828 nd
1714 772 1812 841 idest,

50 861 159 914 labitur
182 862 291 929 ciuitas,
320 859 408 914 tribus
422 865 512 916 ouum
541 861 698 930 iniquorum
721 860 906 931 diremtum
960 861 1013 916 snb
1034 862 1198 915 velamento
1213 860 1303 916 Patris
1330 865 1359 916 et
1382 861 1448 918 Dilii
1469 866 1498 917 et
1511 860 1634 934 Spiritus
1657 860 1748 917 sancti
1767 877 1813 916 ra·

52 953 78 1003 et
92 961 165 1002 uuus
173 946 269 1016 justus
283 951 400 1017 prototo
414 947 525 1002 mundo.
537 949 632 1018 iniqui
644 953 743 1016 cutem,
757 955 783 1005 et
796 951 822 1004 st
835 951 906 1005 mul·
959 948 1087 1020 quiescet
1103 946 1321 1004 enimanostra.

54 1036 158 1103 tisim,
173 1034 270 1102 estqui
295 1038 320 1088 ct
337 1048 388 1103 pro
402 1034 727 1105 nihilodueuoturopud
742 1036 830 1090 Deum
849 1038 907 1105 (Ec-
993 1036 1075 1091 Vnus.
1099 1035 1141 1090 ll.
1162 1065 1197 1077 -
1213 1037 1285 1102 Quin
1299 1035 1519 1105 offendistisetc.
1542 1034 1634 1106 (Auo,
1648 1039 1745 1103 quast
1778 1036 1812 1089 53

54 1125 99 1179 cli.
124 1129 194 1190 ιιι).
215 1122 263 1176 Est
277 1138 348 1193 ergo
364 1122 518 1178 multitudo
539 1123 705 1191 landabilis;
722 1123 797 1179 unde
815 1125 905 1180 Abra·
958 1127 988 1180 in
1002 1124 1096 1196 Num.)
1113 1125 1181 1179 Eam
1205 1139 1321 1179 causam
1337 1126 1439 1180 mortis
1453 1123 1540 1196 Moysi
1561 1123 1632 1178 dicit
1658 1121 1807 1179 Dominus.

55 1214 100 1268 har
120 1228 212 1284 quem
232 1211 333 1267 eduxit
354 1212 441 1275 iores,
463 1212 503 1266 ait
517 1228 524 1266 :
540 1213 655 1282 Respice
672 1214 766 1268 cotum
779 1215 806 1269 si
829 1218 907 1284 potes
960 1229 1046 1285 quem
1071 1218 1099 1268 et
1123 1212 1218 1267 fratris
1233 1213 1306 1284 ejus,
1323 1213 1392 1285 quia
1417 1213 1524 1268 scilicet
1543 1226 1604 1268 non
1618 1211 1810 1267 sanctiticata-

57 1301 231 1357 dinomerors
241 1301 345 1363 suune.
360 1304 402 1356 ito
415 1303 468 1356 erit
481 1316 571 1356 umen
584 1305 669 1368 tuum,
690 1307 744 1356 etc.
756 1302 835 1374 (Gen.
855 1303 905 1372 ιι).
959 1308 1028 1358 runt
1041 1319 1108 1358 eum
1122 1318 1218 1357 coram
1232 1302 1340 1374 populo
1356 1301 1391 1357 ad
1404 1316 1509 1375 aquam
1522 1299 1768 1371 contradictionis,
1782 1300 1813 1356 id

60 1392 89 1444 ln
104 1405 163 1461 qno
179 1388 337 1444 notandum
359 1388 427 1460 quia
437 1388 533 1459 justus
546 1387 576 1443 in
592 1388 775 1444 interioribus
794 1405 908 1462 semper
959 1396 1003 1448 est
1017 1390 1298 1464 qniadubitaverunt
1311 1390 1389 1463 quod
1405 1390 1481 1446 dono
1495 1390 1558 1460 ejus
1575 1392 1671 1461 posset
1682 1404 1758 1461 aque
1772 1388 1808 1444 de

60 1479 199 1546 consistit,
225 1479 293 1550 qnia
307 1478 338 1533 in
351 1479 517 1533 abscondito
539 1483 603 1533 orat
617 1480 739 1546 Patrem,
768 1484 798 1534 et
813 1479 906 1534 omnis
929 1500 939 1516 ⁵
960 1485 1042 1553 petra
1061 1478 1213 1550 profluere.

60 1565 150 1636 gloria
164 1565 233 1620 lilise
256 1566 342 1638 regis,
356 1565 386 1621 id
400 1571 453 1630 est,
469 1565 574 1638 regalis
595 1565 709 1626 animm,
734 1566 907 1622 intrinsecus
995 1568 1108 1640 Mystico
1133 1573 1228 1622 antam
1252 1565 1439 1638 significatur,
1460 1566 1595 1639 quianse
1621 1567 1703 1620 vetus
1716 1581 1811 1622 sacer·

61 1653 186 1709 ast:sed
202 1655 278 1710 Deus
299 1654 394 1710 educit
421 1670 488 1709 enm
512 1653 598 1722 locas,
627 1670 694 1711 cum
714 1671 759 1711 res
782 1658 907 1727 postulat
921 1702 942 1758 Β
959 1657 1081 1724 dotium,
1103 1657 1185 1726 cujus
1213 1672 1369 1728 personam
1394 1659 1488 1712 Aaron
1520 1653 1648 1729 gerebat,
1675 1670 1728 1712 nec
1748 1656 1812 1729 ipsa

63 1748 194 1799 etrernm
210 1742 367 1798 visibilium
382 1743 465 1799 ratio.
961 1747 1017 1813 lex,
1044 1745 1125 1815 eujus
1154 1760 1307 1817 porsonam
1333 1745 1451 1816 gerebat
1471 1746 1597 1818 Moyses,
1624 1747 1813 1805 introducunt

93 1830 175 1886 Vana.
193 1833 240 1887 55.
260 1862 293 1872 -
310 1833 344 1887 ilt
362 1837 546 1887 serstorum.
576 1832 748 1888 Persortem
774 1833 906 1906 praecipi·
961 1834 1101 1907 populum
1131 1835 1180 1889 Dei
1203 1833 1364 1889 interram
1391 1839 1506 1890 aeterna
1535 1836 1733 1894 hereditatis:
1763 1834 1811 1890 sed

63 1923 104 1974 tur
116 1918 207 1975 dividi
221 1920 386 1989 baereditas,
402 1921 452 1975 sed
468 1920 549 1975 video
562 1919 717 1992 ipsummet
732 1923 846 1993 Moysen
861 1922 907 1976 eui
960 1926 1052 1993 lesus,
1068 1924 1098 1979 in
1113 1939 1170 1996 quo
1185 1922 1363 1994 significatur
1377 1923 1515 1991 Christus,
1534 1924 1564 1981 id
1585 1932 1626 1982 est
1642 1926 1733 2000 gratia
1761 1940 1814 1996 per

64 2006 111 2061 ista
126 2008 310 2077 mandantur,
324 2024 381 2064 ιιοιι
396 2013 471 2063 sorte
490 2008 618 2065 dividere
634 2010 832 2066 haereditatem
849 2009 907 2066 Du·
963 2013 1060 2069 iidem.
1082 2013 1115 2068 Et
1142 2014 1237 2067 Aaron
1258 2011 1377 2083 quidem
1405 2016 1472 2068 ante
1487 2013 1639 2071 defunctus
1653 2020 1697 2071 ast
1724 2029 1812 2086 quiam

65 2095 125 2164 ben.
152 2096 223 2158 Ged.
253 2100 281 2152 et
305 2096 432 2153 dimidiu
458 2096 546 2151 tribui
568 2099 695 2154 Manasse
716 2099 805 2171 (Josue
834 2101 905 2169 xvi:
962 2103 1047 2160 lsrael
1064 2101 1094 2156 iu
1115 2101 1243 2173 aliquam
1259 2105 1370 2174 partem
1394 2105 1479 2156 terra
1494 2103 1692 2174 promissionis
1720 2103 1812 2158 intra·

65 2184 137 2239 lesus
152 2200 268 2257 quoqne
289 2186 375 2254 Nave,
406 2190 486 2241 extra
507 2190 611 2242 sortem
633 2187 681 2242 dat
708 2186 908 2244 haereditatem
962 2197 1028 2249 ret:
1055 2191 1151 2261 Moyse
1174 2195 1269 2244 autem
1294 2190 1389 2245 adhuc
1414 2191 1541 2246 virentes
1569 2197 1653 2264 capta
1680 2196 1814 2246 astterra

66 2274 144 2329 tribui
171 2273 255 2330 Judae
269 2278 298 2329 et
313 2274 398 2330 Culeb
414 2280 442 2330 el
464 2274 553 2330 tribui
574 2275 721 2346 Ephraim,
736 2282 764 2331 et
779 2277 908 2334 dimidie
962 2281 1194 2339 amorrhaeorum
1210 2282 1386 2350 etpossessa,
1399 2278 1450 2334 sed
1463 2279 1618 2337 Iordanem
1630 2297 1696 2336 eum
1706 2279 1813 2335 eisnon

67 2362 145 2418 tribui
156 2362 295 2419 Manasse.
311 2365 343 2419 ln
358 2363 468 2419 caeteris
483 2380 545 2419 sors
560 2364 686 2420 mittitur
701 2381 708 2419 :
726 2364 802 2421 unde
827 2370 907 2438 puto,
922 2397 926 2407 ι

962 2365 1085 2421 transiit.
1104 2367 1141 2421 Ex
1155 2366 1253 2439 aliqua
1270 2366 1348 2422 enim
1363 2371 1444 2438 parte
1464 2367 1509 2423 lex
1528 2368 1696 2424 observatur
1708 2367 1741 2422 in
1755 2367 1813 2424 fide

67 2452 134 2521 qnod
149 2451 179 2507 in
195 2452 303 2507 eoelesti
317 2452 483 2508 hereditate
494 2452 583 2525 aliqui
598 2468 657 2508 non
672 2453 787 2509 venient
805 2455 841 2509 ad
851 2470 910 2509 sor·
963 2454 1131 2509 Christiana.
1150 2455 1192 2510 lbi
1207 2455 1284 2511 enim
1301 2459 1369 2510 sunt
1379 2454 1464 2510 etiarn
1481 2462 1626 2529 precepta
1640 2472 1706 2528 quse
1718 2470 1812 2528 iisque

67 2544 126 2608 em,
157 2557 253 2614 neque
275 2557 341 2596 cum
356 2541 466 2596 ceteris
491 2541 633 2615 (quemvis
656 2543 745 2597 sancti
762 2542 828 2615 sint)
857 2560 909 2598 nn-

68 2629 259 2697 merebuntur,
282 2631 331 2686 sed
357 2629 413 2685 erit
427 2630 542 2703 egregia
556 2647 657 2686 eornm
673 2630 834 2695 hareditas,
853 2632 908 2687 sic-

68 2724 93 2774 nt
104 2719 159 2774 luit
171 2719 267 2788 Colch,
284 2724 312 2774 et
337 2719 423 2775 tribui
437 2720 528 2788 tudae,
545 2725 574 2774 et
587 2719 654 2775 lesu
667 2720 727 2775 lilio
743 2721 817 2776 Nave
848 2720 906 2776 Sic·

68 2812 93 2861 ut
116 2807 195 2864 enim
230 2823 296 2863 cum
320 2796 423 2879 adepta
460 2807 578 2863 victoria
610 2808 778 2864 dividuntur
806 2811 905 2882 spolia,

68 2896 167 2968 egregii
187 2896 340 2952 bellatores
349 2912 414 2951 cum
429 2896 539 2951 caeteris
553 2912 611 2951 non
626 2897 772 2952 ducuntur
792 2897 829 2953 ad
843 2914 907 2953 sor-

963 2543 1047 2598 bodie
1069 2543 1224 2600 christiani
1250 2543 1401 2599 observare
1426 2544 1576 2616 jubentur.
1614 2544 1813 2602 Sacerdotium

963 2647 1029 2686 vero
1045 2632 1113 2687 illud
1133 2637 1161 2687 et
1174 2631 1347 2688 sacrificinm
1362 2632 1472 2688 nnllam
1487 2638 1599 2704 partem
1613 2638 1714 2689 tenent
1726 2631 1812 2688 hodie

962 2719 1029 2775 Ddei
1057 2720 1235 2787 Christiana,
1264 2720 1319 2775 nisi
1344 2720 1424 2793 quod
1452 2721 1482 2776 in
1508 2722 1619 2777 umbris
1648 2722 1814 2778 futurorum

962 2813 1024 2863 acta
1046 2815 1073 2864 et
1088 2813 1239 2864 transacta.
1263 2808 1335 2864 Cum
1358 2824 1425 2863 vero
1440 2809 1579 2864 ambobus
1606 2809 1753 2878 iratribus,
1781 2812 1815 2864 ut

961 2903 1144 2971 apponantur
1159 2898 1193 2953 ud
1213 2899 1355 2970 populum
1367 2896 1462 2969 lenum
1486 2898 1601 2967 dicitnr,
1630 2898 1815 2954 manifestum

70 2989 128 3052 um,
143 2985 193 3040 sad
214 2985 325 3057 optima
339 2985 610 3057 quoeqoerirtutum
620 2986 905 3059 meritopereipiunt,
925 2991 944 3046 C
964 2992 1007 3043 est
1030 3003 1088 3042 non
1107 3003 1168 3043 esse
1192 2987 1223 3042 in
1247 2987 1304 3042 illis
1330 2987 1403 3042 iram
1420 2987 1483 3057 Dei,
1506 3002 1572 3060 qna
1586 2990 1701 3058 separat
1713 3003 1730 3043 a
1744 3002 1814 3058 pace

68 3075 152 3129 catari
167 3079 244 3130 sorte
259 3078 381 3129 ntnntnr
396 3075 462 3145 jure
476 3073 625 3130 victoriae:
653 3073 692 3130 itu
710 3074 824 3131 ridetur
851 3076 909 3131 mi·
964 3082 1080 3131 aeternae
1094 3075 1246 3134 societatis.
1263 3075 1342 3132 Unde
1361 3080 1442 3147 patet
1456 3091 1513 3131 non
1528 3075 1622 3132 solnm
1636 3075 1742 3143 officia,
1764 3074 1814 3130 sed

69 3161 91 3216 hi
104 3162 229 3219 Christus
252 3162 390 3219 Dominus
414 3178 495 3217 meus
509 3162 645 3217 lecturus.
671 3162 729 3218 lllis
745 3163 823 3218 anim
837 3179 909 3236 pre·
963 3170 993 3222 et
1019 3169 1125 3221 mortes
1144 3179 1245 3220 eornm
1269 3164 1352 3238 signa
1374 3163 1461 3221 luisse
1483 3165 1658 3233 lutnrorum,
1673 3180 1732 3220 nou
1746 3179 1814 3235 snp-

69 3253 157 3323 cipuos
172 3257 202 3307 et
216 3252 355 3307 sublimes
379 3252 512 3309 decernet
525 3252 660 3321 honores,
689 3268 813 3326 quorum
835 3253 909 3309 iacta
963 3254 1050 3326 plicia
1065 3253 1272 3326 indignationis
1287 3254 1348 3310 Dei.

71 3341 214 3412 magnilica
232 3344 261 3395 et
285 3340 422 3395 sublimes
435 3342 584 3413 cognoscit
605 3341 736 3411 virtutes,
750 3341 828 3397 nnde
847 3343 906 3398 ait:
999 3343 1157 3400 Prouideot.
1182 3344 1263 3409 Nota,
1292 3358 1350 3398 non
1374 3342 1461 3416 elegit
1480 3343 1568 3413 lilios,
1593 3359 1653 3399 non
1684 3346 1814 3415 nepotes,

72 3430 136 3505 loto,
153 3432 245 3498 Pater,
262 3435 293 3484 ut
311 3430 359 3484 ubi
378 3445 425 3500 coo
446 3445 516 3499 sum,
536 3431 594 3485 illic
618 3436 644 3486 et
661 3432 710 3485 isti
730 3446 833 3486 mecum
853 3433 910 3486 siut
962 3449 1016 3488 nec
1029 3437 1112 3504 roget
1132 3435 1164 3487 ut
1179 3431 1393 3488 constituantur
1414 3431 1524 3487 duces:
1549 3431 1601 3488 Dei
1622 3429 1740 3504 judicio
1756 3432 1814 3486 els-

68 3519 153 3583 (Μ
178 3520 258 3589 ιιιι).
287 3519 320 3573 Et
335 3518 414 3586 alibi,
440 3519 577 3575 sedebitis
597 3523 622 3574 et
641 3533 688 3575 uos
708 3534 792 3590 super
806 3519 909 3575 duode-
964 3521 1090 3578 ctionem
1105 3520 1272 3576 committit.

67 3609 247 3675 outtsusos,
259 3607 416 3676 iudicantes
441 3607 583 3663 duodecim
601 3609 699 3671 tribus,
721 3613 774 3663 etc.
799 3608 908 3680 (Metti.
999 3609 1079 3663 Vnus.
1122 3610 1163 3662 lb.
1198 3639 1232 3647 —
1262 3607 1407 3663 Procillmt
1443 3610 1573 3664 Dominus
1601 3610 1681 3664 Deus.
1711 3608 1813 3680 (Dure.)

67 3700 127 3766 ιιι).
146 3697 181 3752 Et
199 3697 279 3766 alibi,
295 3697 372 3753 Sicut
387 3702 416 3751 tu
443 3699 472 3750 ιἰι
486 3711 537 3763 me,
562 3697 652 3763 Potor,
669 3700 694 3751 et
708 3711 756 3766 eoo
771 3698 800 3751 in
821 3700 856 3763 te,
870 3698 911 3751 ito
965 3694 1137 3751 Deeessurns
1151 3694 1186 3750 de
1200 3696 1317 3761 saeculo,
1334 3699 1401 3760 etc.
1415 3709 1501 3765 usque
1515 3696 1554 3752 nd
1572 3698 1604 3751 nt
1617 3696 1728 3768 possint
1746 3712 1813 3752 eum

67 3787 145 3840 otiati
157 3787 189 3840 iu
202 3786 281 3840 nobb
290 3800 374 3841 uuum
388 3787 444 3839 sint
458 3785 553 3853 (Joou.
568 3784 645 3854 ιιιι).
661 3786 725 3840 llaec
739 3785 838 3840 omnia
852 3801 910 3839 oon
964 3783 1064 3838 audire
1078 3782 1132 3838 filii
1146 3782 1242 3838 Israel.

66 3877 135 3928 sorte
148 3873 337 3937 descendunt,
352 3874 403 3929 sed
417 3873 579 3927 dilectionis
593 3873 792 3945 praerogativa.
1000 3874 1132 3943 Spiritus.
1152 3870 1272 3927 Sanetus
1287 3871 1404 3926 scilieet.
1422 3871 1486 3926 Non
1502 3871 1579 3927 enim
1594 3871 1630 3927 de
1641 3858 1746 3944 'spiritu
1761 3872 1813 3927 ho·

96 3960 176 4017 vars.
193 3964 284 4017 65.-
299 3963 363 4018 Nisi
380 3962 461 4020 Gnted
475 3960 911 4032 flliuslepboue,etlosuefilius
965 3960 1052 4015 minis
1081 3960 1197 4027 diceret,
1221 3975 1308 4031 quem
1327 3960 1424 4015 nnllns
1449 3962 1509 4014 erat
1525 3957 1577 4031 nui
1595 3975 1655 4015 non
1682 3959 1811 4016 heberet.

65 4050 131 4106 buu.
162 4049 253 4123 (laio.)
279 4050 417 4106 sexcenta
441 4049 533 4106 millia
561 4053 735 4104 armatorum
762 4049 797 4105 de
824 4049 910 4122 AEgy·
964 4049 1085 4106 iubetur
1107 4052 1204 4103 mmen
1235 4063 1337 4103 manus
1360 4048 1387 4102 ai
1415 4047 1577 4119 imponere,
1592 4062 1630 4102 nc
1659 4047 1811 4121 qnisquam

65 4143 109 4209 plo
131 4139 270 4194 dicuntur
289 4153 413 4209 egressa,
429 4142 458 4193 et
472 4138 529 4194 duo
554 4141 666 4194 tantum
679 4137 710 4193 in
725 4142 831 4193 terram
846 4155 912 4210 pro·
965 4137 1143 4212 quantalibet
1161 4136 1274 4208 pollens
1291 4136 1385 4208 gratia
1401 4140 1582 4192 sacramenta
1594 4136 1814 4193 consecrationis

64 4226 203 4284 missionis
224 4228 357 4299 ingressi.
374 4228 453 4283 Multi
467 4227 544 4282 enim
559 4243 612 4298 par
625 4227 801 4299 baptismum
822 4228 859 4283 ad
872 4229 909 4283 ti·
967 4226 1069 4281 audeat
1082 4240 1227 4281 recusare.

63 4316 126 4371 dem
140 4321 303 4384 transeunt,
320 4316 368 4372 sed
388 4316 422 4372 ad
447 4317 589 4371 caelestem
607 4317 731 4388 patriam
747 4315 912 4388 pancissimi
1002 4316 1083 4371 Vnae.
1106 4316 1151 4369 20.
1167 4340 1202 4355 -
1229 4315 1265 4369 Et
1288 4312 1519 4384 codolumen
1542 4313 1734 4386 Num.)lesns
1753 4327 1814 4368 suc·

64 4401 243 4472 perveniunt,
287 4401 444 4457 secundom
471 4400 565 4456 illud:
601 4401 685 4457 Multi
712 4403 784 4456 euim
811 4403 910 4470 uocoti,
965 4403 1041 4458 cedit
1062 4402 1162 4474 Moysi,
1194 4406 1260 4469 etc,
1292 4417 1378 4474 usque
1403 4402 1441 4457 od
1462 4401 1662 4459 remissionem
1684 4405 1814 4474 peccato·

62 4493 145 4558 oouci
162 4504 226 4545 uero
240 4490 318 4545 eleut
333 4490 440 4559 (Metti.
455 4490 514 4559 ιι).
533 4489 594 4544 Duo
608 4494 720 4544 motum
740 4488 910 4560 ingrediun-
966 4506 1041 4558 rum,
1058 4493 1110 4546 etc.

64 4582 119 4649 tor,
132 4583 255 4650 propter
273 4593 322 4632 eos
336 4577 433 4650 quiex
448 4583 572 4650 utroque
602 4578 711 4650 populo
736 4578 851 4634 coeleste
866 4593 912 4633 re·
1003 4580 1036 4635 itt
1051 4583 1157 4649 portem
1171 4579 1273 4646 obortu
1294 4579 1392 4647 Quasi,
1413 4577 1499 4634 iacies
1513 4594 1579 4634 enm
1594 4579 1703 4634 socium
1716 4576 1814 4650 glorio

64 4681 152 4736 gnum
167 4665 378 4736 adipiscuntur,
393 4665 437 4720 rel
452 4664 503 4736 qni
520 4680 573 4736 per
587 4663 730 4720 actionem
744 4669 772 4718 et
784 4668 912 4720 contem·
967 4670 1024 4720 tum
1041 4682 1048 4720 ι
1065 4680 1125 4720 uon
1140 4665 1217 4721 enim
1229 4680 1275 4720 res
1290 4665 1455 4736 hujusmodi
1468 4665 1550 4738 quasi
1564 4665 1707 4737 partiliter
1718 4664 1814 4721 divise

64 4753 222 4823 piationem
254 4752 292 4808 ad
326 4757 462 4808 aternam
476 4751 682 4808 beatitudinem
710 4752 913 4824 praedestinari·
967 4753 1149 4821 minuuntur,
1162 4753 1210 4809 sed
1223 4757 1292 4807 tote
1306 4758 1373 4809 sunt
1383 4753 1526 4821 omnibns,
1540 4757 1607 4809 totoe
1623 4753 1752 4825 singulis,
1764 4753 1815 4825 qui

65 4847 120 4897 tur.
967 4857 1066 4898 aarum
1083 4842 1189 4897 hebent
1203 4840 1378 4897 societatem.

372 4966 485 5024 CAPUT
505 4966 597 5023 xxv„
1005 4932 1039 4988 ut
1060 4929 1167 4999 audiat,
1197 4936 1251 4987 etc.
1276 4930 1380 4999 (Dara,
1400 4931 1470 4985 bom.
1493 4928 1549 4998 23.)
1577 4927 1606 4984 Si
1626 4926 1764 4984 sacrificia
1786 4932 1816 4984 et

601 5008 608 5022 ’
968 5019 1099 5076 instituta
1115 5018 1219 5090 legalia
1233 5033 1324 5090 nsque
1338 5018 1368 5073 in
1383 5033 1507 5090 praesens
1523 5015 1705 5087 mansissent,
1720 5016 1815 5072 Eran-

99 5112 182 5167 vies.
212 5112 239 5166 d.
256 5139 291 5151 -
305 5109 350 5165 Du
373 5112 410 5167 eis
437 5109 542 5178 (Ouio,
567 5110 638 5165 hom.
653 5109 688 5164 m
705 5109 736 5164 iu
756 5108 848 5180 Νιιιιι)
865 5111 915 5164 Do·
943 5107 1130 5187 ‘geliilidem
1147 5107 1341 5164 exclusissent.
1363 5108 1428 5163 Erat
1441 5107 1519 5161 euim
1531 5105 1563 5161 in
1575 5106 1632 5162 illis
1647 5106 1815 5179 magnitudo

72 5201 106 5257 tis
131 5204 157 5257 ei
182 5202 387 5273 possessiouem,
418 5204 470 5255 etc.
503 5199 565 5255 tlaec
579 5198 735 5254 secondum
765 5196 915 5253 historiam
969 5203 998 5254 et
1011 5195 1178 5254 merentia
1192 5196 1278 5266 pleno
1297 5194 1408 5267 religio,
1427 5209 1493 5267 quse
1512 5194 1607 5267 primo
1622 5200 1737 5267 aspecto
1753 5200 1815 5251 stu-

73 5294 130 5357 etc,
144 5303 232 5358 usque
246 5287 284 5343 nd
299 5293 375 5342 reete
390 5303 458 5360 ergo
484 5286 586 5344 locuto
600 5292 666 5343 sunt
686 5286 753 5343 illice
776 5287 915 5359 saphaad.
969 5286 1112 5359 palaceret
1134 5284 1303 5340 intuentem.
1321 5283 1389 5349 Quis
1404 5283 1482 5340 anim
1496 5283 1596 5340 ridens
1610 5283 1815 5354 sanctuarinm,

100 5377 180 5433 lens.
210 5378 238 5432 8.
268 5403 303 5416 -
330 5376 415 5431 llomo
446 5375 511 5446 Icum
542 5380 664 5432 mortum
697 5377 785 5444 (ttott
816 5376 917 5446 ubsque
970 5375 1069 5441 altare,
1086 5373 1247 5430 sacerdotes
1262 5373 1432 5430 sacrificinm
1450 5379 1694 5446 consummantes,
1709 5377 1738 5430 et
1756 5389 1818 5431 om·

10 5494 13 5505 =
74 5464 130 5533 itio,
144 5469 200 5520 etc.
218 5462 282 5536 (Ιιι.)
297 5463 486 5537 ,supponitur
502 5464 548 5522 lex
576 5465 612 5521 de
636 5463 823 5531 successione,
849 5467 916 5531 ata,
969 5478 1037 5519 nem
1060 5461 1128 5518 illus
1155 5461 1198 5520 rei
1222 5460 1362 5530 ordinem,
1388 5476 1449 5517 non
1474 5465 1589 5535 putaret
1615 5461 1816 5536 plenissimum

10 5546 13 5561 '
74 5552 267 5622 modnon
282 5552 384 5626 perdet
396 5553 559 5610 mercedem
574 5567 668 5610 suam.
970 5551 1048 5608 bnuc
1061 5566 1125 5607 esse
1134 5550 1224 5607 ritrrm
1237 5566 1295 5623 quo
1309 5551 1535 5607 Deuseoleretnr
1546 5548 1817 5607 mestoromnlnmt
