3892 6106
519 258 648 315 atussa
666 258 872 314 onustatus.
891 285 927 299 -
946 257 1013 315 tte.
1033 257 1058 316 11
1077 260 1202 317 ruunt.
1678 274 1732 330 etl

74 379 124 435 lou
143 380 222 447 potui
239 377 314 431 uobis
341 378 415 448 toqui
441 380 522 447 quasi
548 376 751 447 spiritualibus,
778 376 861 434 seda
879 376 910 431 in
937 378 1022 434 domo
1049 379 1165 435 Domini
1190 397 1257 435 vasa
1282 383 1406 454 pretiosa
1423 400 1484 440 esse
1510 388 1669 459 cupiamus.
1684 394 1731 450 AEs

74 467 238 534 montibus,
257 471 310 519 etc.
723 498 727 504 -
878 471 974 520 autem
989 466 1174 538 liquefactum
1190 468 1257 539 igne
1271 471 1379 541 argillae
1395 473 1500 528 lormas
1515 476 1684 547 ingreditur.
1698 486 1729 536 ot

74 557 220 610 insitiuum.
247 557 319 608 liene
343 570 394 625 per
419 554 563 608 basilicam
593 555 733 620 grandem
758 570 823 609 car·
877 556 1021 624 possitvas
1041 561 1140 626 aptum
1169 558 1336 613 ministeriis
1361 563 1523 619 coelestibus
1551 565 1645 632 ellici,·
1663 583 1728 623 cum

74 643 273 714 significantur,
289 642 358 714 quia
368 643 459 696 multo
481 643 572 713 ritejor
587 647 629 696 est
654 643 684 697 in
702 641 823 697 Ecclesia
877 643 932 714 ipsi
947 644 1100 701 salubriter
1112 647 1293 716 humilitatis,
1307 653 1335 703 ct
1349 649 1465 707 tlamme
1489 653 1594 711 divine
1606 656 1731 713 charita-

76 749 109 787 us
136 733 236 787 talium
267 748 355 803 quum
387 731 653 801 perlectorumsed
680 738 822 802 quantum
877 731 913 784 tis
931 731 976 786 sel
998 731 1133 787 humanas
1163 734 1341 790 adversitatis
1376 739 1498 794 emolliti
1523 741 1599 796 viam
1613 744 1731 799 Patr-um

74 826 109 875 nt
124 835 254 884 numero,
272 824 384 873 tantum
400 820 591 874 succtnnbunt
610 820 723 874 merito.
744 820 822 874 Unde
876 818 949 874 bene
964 821 1108 892 operando
1120 822 1271 889 intramus,
1285 829 1316 878 ut
1330 825 1363 879 ad
1384 829 1503 896 praemia
1522 829 1639 887 illorum
1656 832 1728 887 bene

75 909 173 963 asilica
201 907 317 978 grandis
337 913 366 961 et
389 908 412 961 si
440 908 579 979 plurimos
600 908 688 978 capit,
712 909 820 963 nonad
875 908 1017 963 currendo
1032 909 1241 979 perveniamus.
1259 912 1316 965 Neo
1330 912 1406 967 euim
1422 929 1535 987 semper
1552 932 1604 972 uos
1620 919 1728 989 regulis
1766 924 1768 929 '

74 1012 100 1052 m
135 996 242 1061 altaris,
286 1012 343 1049 non
384 996 415 1049 in
443 1012 539 1067 ipsum
575 1012 690 1069 quoque
717 997 820 1051 atrium
876 995 949 1050 bene
964 996 1109 1066 operando
1123 1013 1236 1053 necesse
1253 1004 1295 1053 est
1309 1001 1422 1067 arctari,
1438 1003 1489 1058 sed
1503 1005 1645 1076 completa
1659 1022 1727 1077 ope-

74 1090 149 1142 otum
188 1086 288 1138 saltem
321 1084 498 1152 intromittit,
526 1085 595 1156 quia
636 1086 765 1139 carnutes
794 1088 822 1139 et
875 1083 985 1137 ratione
1000 1083 1085 1150 bone,
1115 1085 1212 1155 palma
1239 1086 1329 1142 beatre
1359 1088 1524 1145 tributionis
1547 1097 1590 1147 est
1612 1109 1727 1163 speran-

74 1174 206 1230 ietsiob
236 1173 372 1226 meritum
402 1178 485 1227 ccstae
512 1172 580 1228 fidei
610 1174 766 1243 etpietatis
784 1174 820 1229 ad
875 1171 921 1226 da.
943 1171 1015 1236 Quia
1041 1188 1099 1227 non
1121 1189 1235 1244 semper
1260 1175 1368 1231 t'asaitl
1396 1178 1498 1233 formis
1521 1180 1630 1251 argilla
1645 1188 1728 1238 tene-

74 1278 126 1318 um
152 1267 258 1315 sortem
289 1261 443 1330 pertinent,
476 1260 560 1330 longe
587 1265 684 1316 mmen
713 1261 748 1316 ab
776 1262 822 1316 his
875 1260 982 1316 bantur
994 1260 1121 1317 inclusa:
1147 1263 1197 1318 ubi
1212 1265 1246 1320 ad
1272 1264 1477 1336 perfectionem
1502 1274 1648 1335 venerant,
1669 1270 1729 1325 lra-

74 1350 103 1406 ai
122 1350 222 1404 dicunt
236 1364 245 1417 ;
273 1349 336 1401 Non
359 1347 451 1401 audeo
477 1347 556 1419 loqui
585 1348 693 1420 aliquid
719 1365 820 1404 eorum
875 1349 927 1403 ctis
950 1349 1108 1405 lormerum
1131 1352 1262 1406 claustris
1285 1354 1556 1423 producebanturin
1575 1358 1680 1427 lucem,
1697 1364 1726 1415 et

74 1452 158 1494 erma
178 1453 236 1491 non
255 1435 342 1490 allicit
363 1436 501 1503 Christus,
529 1435 560 1490 in
575 1436 735 1491 obedientia
749 1453 820 1509 gen·
875 1437 1025 1508 intemplo
1049 1438 1171 1493 Domino
1196 1455 1247 1510 pro
1272 1444 1331 1494 suis
1350 1458 1473 1514 qumque
1497 1444 1567 1500 locis
1596 1445 1728 1518 dispone·

74 1526 144 1581 erbo
160 1531 190 1578 et
203 1525 292 1579 l'actis.
874 1525 989 1580 bantur.
1004 1525 1067 1580 Non
1081 1527 1157 1598 quod
1172 1543 1258 1598 opera
1287 1535 1452 1585 sanctorum
1476 1530 1629 1588 interitura
1658 1535 1726 1601 sint,

74 1617 125 1671 ttie
152 1614 181 1667 in
204 1613 327 1666 basilico.
357 1613 421 1666 llaec
448 1613 562 1683 signant
584 1612 736 1667 introitum
751 1613 818 1670 fidei
836 1658 857 1713 B
875 1613 924 1669 sed
941 1613 990 1667 ubi
1005 1630 1140 1670 coronam
1165 1616 1287 1687 justitias
1313 1619 1482 1690 acceperint,
1503 1621 1654 1677 cessabunt
1666 1623 1729 1679 olli·

74 1718 104 1758 ne
131 1702 343 1773 predicationis
370 1701 538 1772 preparari,
568 1704 600 1754 ut
613 1701 760 1756 uenientes
775 1701 817 1756 di·
875 1703 918 1758 cia
937 1703 1086 1759 laboriosae
1102 1706 1286 1775 operationis.

74 1793 212 1864 {uomodo
238 1805 290 1861 per
311 1790 398 1844 fidem
423 1789 527 1844 Christi
555 1791 599 1844 vel
627 1789 819 1846 salutariasa-
922 1792 955 1847 lu
975 1794 1084 1860 regione
1109 1793 1247 1848 ludonis.
1265 1794 1298 1849 ln
1327 1811 1384 1866 quo
1411 1795 1538 1852 cbristus
1566 1798 1727 1870 baptizatus

74 1880 249 1936 redebetur
261 1880 367 1932 intrare
381 1878 533 1933 Ecclesiam
545 1878 606 1945 Dei,
624 1884 653 1932 et
667 1886 820 1950 postquam
874 1881 1148 1951 est,cujustinrtns
1182 1884 1266 1937 nudis
1297 1899 1439 1954 aquarum
1465 1885 1547 1941 nobis
1574 1889 1728 1944 vertitele-

73 1971 149 2035 irint,
167 1986 253 2040 quarn
273 1968 406 2038 religiose
422 1968 545 2022 debeant
563 1966 733 2023 conuersari.
874 1973 1004 2024 mentum
1017 1968 1048 2023 in
1074 1969 1252 2026 ablutionem
1278 1977 1471 2042 peccatorum.
1498 1974 1532 2029 ltt
1553 1975 1623 2047 quie
1642 1993 1728 2033 omne

74 2091 86 2114 ..
103 2062 145 2113 ll.
160 2060 281 2112 —Fecit
304 2066 394 2111 autem
421 2058 535 2112 Hiram.
566 2057 682 2112 tenetes
711 2056 821 2112 cineres
874 2056 1002 2112 fidelium
1013 2056 1153 2128 baptisma
1167 2075 1225 2130 qno
1239 2060 1360 2116 Domino
1374 2078 1574 2118 consecramus
1587 2064 1618 2119 in
1629 2080 1727 2121 exem·

86 2146 255 2216 suscipiunt,
286 2160 351 2199 oum
377 2145 475 2199 lideles
513 2146 644 2216 exempla
667 2150 701 2208 ,et
727 2161 820 2200 sacra·
873 2144 955 2215 plum
968 2143 1046 2199 illius
1061 2145 1196 2216 baptismi
1210 2147 1380 2212 celebratur,
1398 2155 1472 2204 recte
1488 2151 1646 2221 inregione
1660 2153 1724 2208 tor-

91 2235 248 2291 Dominicae
280 2233 421 2305 passionis
449 2234 484 2289 ad
518 2233 675 2288 custodiam
703 2234 747 2288 sui
772 2234 822 2304 pia
874 2232 956 2287 denis
974 2231 1331 2291 factasuntvesadomns.
1349 2236 1474 2292 Domini.
1491 2238 1554 2292 Non
1572 2240 1650 2294 enirn
1677 2239 1729 2296 eli-

95 2328 260 2389 retractant,
290 2324 333 2376 uel
357 2321 466 2377 exitum
491 2323 636 2393 justornm
665 2322 822 2394 diligenter
873 2324 919 2375 ter
932 2337 1000 2377 vasa
1013 2321 1161 2377 electionis
1187 2321 1250 2377 lieri
1274 2339 1437 2394 possumus,
1467 2325 1524 2380 nisi
1539 2327 1573 2382 ad
1585 2328 1729 2399 baptisma

74 2418 123 2477 int,
141 2412 191 2483 qni
210 2411 321 2480 magnis
348 2410 499 2464 elaboratis
526 2410 677 2480 agonibus,
705 2411 740 2465 de
754 2427 820 2482 per·
875 2408 937 2478 ejus
952 2407 1134 2481 respicientes
1149 2409 1227 2464 vitali
1243 2409 1361 2465 llumine
1380 2411 1459 2466 ablui
1482 2416 1655 2482 satagamus.
1675 2413 1728 2468 No·

74 2500 162 2556 >rasio
178 2499 239 2552 sine
256 2499 312 2552 line
338 2498 483 2566 letentur,
509 2503 540 2551 ut
558 2497 742 2552 consideratis
759 2514 819 2553 ma·
874 2496 993 2552 tandum
1008 2500 1116 2564 cirtem,
1132 2497 1209 2568 qnod
1230 2514 1287 2552 non
1314 2502 1426 2553 tuntum
1443 2498 1473 2553 in
1494 2499 1613 2570 regione
1626 2500 1726 2556 torda-

79 2588 233 2643 rirtntibus
262 2594 290 2642 et
318 2587 371 2657 ipsi
399 2585 496 2655 magni
524 2585 819 2653 alliciantur3unde:
874 2584 929 2650 nis,
943 2585 991 2640 sed
1005 2583 1037 2640 in
1059 2585 1212 2656 campestri
1235 2586 1353 2658 regione
1374 2587 1452 2641 illius
1473 2586 1544 2642 lacta
1568 2587 1726 2649 aasadieit.

74 2690 89 2730 a
113 2677 246 2729 intuentes
277 2675 382 2729 auitum
423 2674 631 2727 convasationis
660 2675 822 2728 intueamini
874 2671 1039 2743 significans
1055 2673 1324 2744 multiplicationem
1353 2675 1494 2743 fidolium,
1520 2692 1585 2748 qum
1610 2693 1670 2732 non
1684 2693 1726 2733 so·

92 2805 100 2818 ,
874 2759 934 2814 lum
948 2760 980 2815 in
993 2761 1103 2827 tudae,
1119 2761 1208 2816 sedin
1222 2762 1352 2833 gentium
1363 2762 1515 2819 latitudine
1535 2763 1632 2820 futura
1648 2769 1725 2831 erat3

82 2867 219 2921 mesurae.
248 2852 377 2922 creagra.
405 2849 606 2922 predicatores
633 2849 749 2920 signant
770 2851 820 2922 qni
875 2848 973 2903 unde:
1003 2848 1168 2905 Goudebuut
1189 2853 1279 2921 campi
1302 2856 1327 2906 et
1350 2854 1441 2907 omniu
1468 2868 1527 2922 que
1555 2855 1727 2912 insistunt

74 2957 79 2994 t
106 2938 235 2993 fidelium
266 2940 352 2993 serbo
381 2938 430 2992 Dei
459 2938 591 2992 reliciunt
620 2937 816 3008 spiritualibus
832 2938 854 2993 C
873 2937 962 3008 (Paul.
989 2938 1058 3006 xcv).
1084 2938 1117 2993 lit
1139 2937 1225 2993 alibi:
1254 2939 1419 2996 Audivimus
1449 2957 1508 2997 eum
1529 2943 1559 2996 iu
1586 2943 1723 3013 llpttrutu,

74 3029 128 3086 alia
153 3035 360 3099 comparantes,
392 3027 553 3082 carnalibus
580 3043 646 3081 vero
678 3026 720 3081 lac
749 3027 818 3083 sim·
873 3027 1024 3080 invenimus
1048 3041 1108 3081 eam
1131 3028 1282 3098 inrumpis
1304 3029 1380 3084 uiua
1405 3029 1491 3095 (lbid.
1515 3031 1616 3101 cxxxi).
1641 3031 1726 3087 Fudit

74 3119 202 3175 loctrinae
221 3117 434 3172 ministrantes:
451 3116 503 3187 qui
522 3119 618 3169 autem
643 3120 820 3170 sacramenta
873 3129 942 3184 ergo
956 3129 1006 3168 rex
1033 3130 1100 3169 vasa
1125 3115 1226 3171 domus
1247 3116 1362 3172 Domini
1385 3117 1415 3171 in
1437 3119 1590 3189 campestri
1608 3119 1727 3192 regione

82 3207 248 3261 summatim
267 3219 436 3275 cognoscere
451 3201 484 3258 et
498 3203 534 3257 ad
556 3203 747 3258 imitationem
760 3220 820 3258 sns-
871 3201 1012 3268 iordanis,
1024 3201 1093 3274 quia
1108 3201 1246 3258 [lominus
1259 3202 1403 3275 baptismo
1423 3206 1522 3260 sallitis
1551 3207 1586 3262 de
1600 3223 1658 3279 quo
1673 3224 1722 3263 ra·

74 3298 185 3361 volunt,
217 3295 297 3366 quasi
323 3291 598 3347 carnalibushostiae
621 3291 753 3346 salutaris
772 3309 818 3348 sa·
873 3306 904 3344 sa
928 3289 1130 3346 misericordiae
1158 3290 1274 3359 taceret,
1298 3298 1389 3349 totam
1415 3295 1516 3349 mundi
1541 3295 1722 3352 latitudinem

74 3390 145 3451 ·;et
171 3383 238 3454 qsria
261 3384 410 3438 doctorum
439 3386 482 3435 est
507 3380 610 3451 cuique
636 3381 819 3452 congruedi·
872 3378 1012 3450 implerit.

74 3515 77 3536 ,
102 3480 177 3528 recte
205 3473 280 3527 tiunt
304 3470 497 3526 sacerdotibus
537 3469 819 3542 luscinulae,quibns
931 3468 1012 3525 Vens.
1040 3471 1082 3524 l8.
1101 3498 1138 3511 -
1169 3470 1298 3539 Fecitque
1331 3472 1467 3529 Salomon.
1499 3471 1618 3528 Dictavit
1646 3474 1726 3545 quod

82 3563 244 3620 hostiarum
267 3567 352 3633 prout
380 3565 494 3631 oportet
519 3562 703 3630 componant,
720 3558 819 3614 etatis
873 3557 969 3613 Hiram
983 3557 1045 3629 ipso
1057 3574 1144 3629 opera
1159 3559 1321 3630 complevit.
1334 3559 1494 3632 ltllcgorice
1511 3575 1577 3615 vero
1606 3561 1726 3618 Redem-

74 3654 135 3710 ibus
159 3651 274 3706 mundis
303 3651 435 3721 quasdam
470 3648 599 3714 afferent,
635 3645 691 3701 alia
722 3647 818 3702 altaris
871 3652 939 3718 ptor
951 3652 1050 3702 noster
1063 3646 1094 3701 in
1115 3648 1218 3702 sanctis
1241 3648 1477 3718 predicatoribus
1494 3653 1524 3703 et
1542 3649 1676 3705 omuibus
1690 3650 1724 3706 u-

74 3741 291 3798 sconsumenda
310 3739 495 3809 relinquant;
514 3736 646 3808 quadam
673 3736 750 3791 enim
765 3752 818 3792 no·
871 3735 983 3790 delibus
1000 3740 1134 3790 ornatum
1158 3734 1287 3789 Ecclesiae
1313 3741 1406 3806 parat,
1420 3741 1449 3791 et
1475 3736 1614 3793 virtutum
1635 3738 1724 3794 efficit

74 3830 202 3887 umilitati
218 3829 254 3883 ad
273 3827 456 3881 relectionem
484 3826 657 3887 revelantur,
684 3824 817 3896 quadam
872 3839 970 3895 opera,
985 3822 1037 3895 qui
1057 3823 1120 3878 ait:
1143 3824 1221 3879 netu
1247 3825 1305 3877 siue
1318 3839 1362 3879 mc
1390 3826 1503 3894 potestis
1529 3826 1722 3894 [mersitona.

74 3918 148 3974 nodo
164 3914 503 3988 pamntscientioesaneti
521 3913 644 3984 Spiritus
661 3930 668 3981 ;
686 3913 817 3985 quedam
871 3911 977 3981 xv);et
1003 3910 1091 3966 alibi:
1117 3910 1199 3967 Omne
1225 3910 1417 3967 enimdutum
1450 3912 1584 3981 optimum
1609 3919 1724 3970 ctomue

74 4006 251 4078 mtipomenis
279 4021 344 4076 quse
360 4004 389 4057 in
415 4005 528 4074 Regum
556 4003 684 4072 exposita
703 4006 818 4074 praeter·
871 4000 972 4055 domm
982 4001 1133 4070 perfectum
1146 3998 1361 4066 desursumetc.
1379 3998 1453 4071 (Jac.
1475 3999 1505 4071 ι).

80 4094 215 4169 qnedim
244 4093 373 4164 exposita
402 4108 462 4145 non
484 4090 647 4145 invenimus
670 4094 818 4145 etnostrae
920 4089 1002 4144 Vens.
1032 4090 1075 4143 te.
1097 4117 1134 4128 -
1148 4088 1246 4142 Attum
1268 4102 1389 4143 weram.
1407 4088 1499 4145 Corda
1527 4088 1722 4159 perlectorum

74 4186 115 4239 rtis
138 4183 375 4238 consuetudinem
404 4179 539 4235 excedere
569 4178 712 4234 nolumus.
746 4178 818 4232 lins-
871 4175 1334 4233 intarnoeobaritetisetcastitatis
1359 4177 1421 4232 luce
1444 4176 1628 4249 fulgentium,
1645 4194 1722 4251 qno·

74 4274 147 4329 enim
160 4288 275 4343 paruos
291 4269 400 4340 aliquid
410 4267 603 4338 exposuimus.
829 4304 853 4362 D
873 4283 937 4323 rnm
947 4266 1153 4323 sublimitatem
1168 4265 1312 4337 significat
1333 4265 1421 4322 ctiam
1433 4267 1512 4322 locus
1536 4267 1644 4323 altaris.
1660 4269 1722 4325 Ste-

74 4362 169 4417 lsiatos.
193 4359 300 4415 Phiale
330 4357 462 4412 latiorem
476 4361 504 4411 et
519 4355 690 4427 apertiorem
711 4359 815 4410 sanctae
870 4357 920 4413 hat
934 4355 1013 4412 enim
1026 4360 1091 4411 ante
1108 4355 1213 4411 esuum
1224 4355 1314 4411 sancti
1334 4360 1509 4424 sanctorum,
1525 4356 1597 4412 utin
1611 4358 1723 4413 iactura

74 4467 105 4507 tae
123 4448 288 4521 significant
301 4462 474 4512 sermonem,
491 4446 541 4518 qui
553 4446 687 4501 haustum
702 4444 815 4516 sapien·
870 4443 1045 4500 tabernaculi
1061 4443 1193 4513 legimus,
1212 4442 1314 4514 inquo
1343 4459 1401 4499 non
1420 4445 1580 4501 hostiarum
1603 4447 1720 4518 sanguis

74 4538 256 4595 ssitientibus
273 4535 423 4605 impendit,
440 4539 468 4589 et
484 4534 530 4604 pie
558 4532 755 4589 laborantibus
769 4549 815 4588 re·
869 4547 964 4604 neque
987 4531 1135 4599 libamina,
1160 4531 1210 4588 sed
1237 4520 1424 4603 thymiamata
1445 4537 1558 4589 tantum
1585 4534 1720 4591 incende·

74 4626 169 4682 ionem
185 4622 634 4696 congruamperpraedicatorum
657 4619 815 4675 ministeria
869 4621 984 4688 bantur,
1012 4635 1137 4692 quorum
1166 4619 1483 4691 superiosaascendens
1506 4623 1653 4694 operiebat
1671 4639 1718 4679 ar·

74 4714 370 4780 ,ntadlontomvitae
386 4719 501 4767 aeternae
529 4710 679 4782 pervenire
693 4709 813 4782 possint,
869 4708 1205 4781 cam,atqueoraoulum
1230 4708 1318 4765 odore
1345 4710 1493 4766 suavitatis
1522 4711 1670 4784 implebat.
1686 4714 1720 4768 ln

85 4804 216 4861 bibentes
228 4820 285 4859 non
300 4803 397 4856 sitient
410 4802 440 4855 in
452 4805 601 4855 aeternum.
869 4813 927 4870 qno
942 4797 1033 4853 sancti
1052 4796 1224 4868 figurantur,
1245 4797 1296 4871 qni
1310 4798 1380 4853 dum
1408 4799 1544 4871 neglectis
1571 4805 1719 4874 tempora·

75 4937 81 4950 .
114 4897 156 4949 Π.
172 4923 208 4935 -
225 4895 257 4947 ln
280 4892 421 4961 argillosa.
452 4890 593 4960 Argillosa
619 4892 695 4943 terre
709 4886 744 4943 de
758 4903 816 4959 qua
867 4885 941 4941 lium
953 4884 1159 4956 cupiditatibus
1173 4891 1233 4942 tota
1255 4886 1416 4943 intentione
1435 4888 1560 4945 coelestia
1573 4893 1718 4961 quierunt,

85 4988 153 5039 sunt
167 4983 266 5037 torma
281 4982 317 5036 ad
340 4979 486 5035 fundenda
501 4995 578 5044 vasa,
605 4993 716 5032 sacram
740 4975 814 5032 Scri·
868 4974 952 5047 quasi
974 4973 1053 5030 intus
1075 4975 1157 5046 juxta
1181 4976 1329 5031 oraculum
1350 4976 1435 5047 positi
1450 4980 1535 5045 sunt;
1555 4994 1608 5034 nec
1633 4979 1720 5050 longe

74 5073 144 5142 tide
170 5087 228 5142 qua
254 5071 328 5125 bene
356 5069 470 5124 vivendi
495 5067 625 5140 regulam
648 5063 814 5136 accipimus)
868 5063 973 5119 remoti
990 5081 1010 5119 e
1035 5064 1098 5119 selo
1126 5066 1266 5136 templum
1294 5070 1323 5120 ct
1355 5072 1453 5121 sancta
1480 5071 1643 5123 sanctorum
1677 5069 1720 5125 di-

74 5166 115 5216 at.
131 5159 217 5225 Quasi
236 5159 314 5213 enim
343 5158 444 5229 argilla
470 5157 536 5228 igne
563 5156 674 5220 durata,
691 5154 814 5209 formem
869 5152 1035 5222 timentum
1058 5152 1127 5225 qnia
1152 5168 1272 5224 corpore
1302 5158 1414 5209 tantum
1446 5158 1552 5210 terrem
1580 5155 1717 5221 incolunt,

74 5249 179 5317 omini,
196 5254 303 5320 quanta
319 5250 347 5302 et
362 5247 459 5317 qualia
473 5245 536 5300 lieri
553 5242 812 5300 debentexhibet:
869 5241 919 5297 sed
939 5245 999 5298 tota
1027 5246 1122 5297 mente
1147 5241 1179 5295 in
1202 5241 1273 5297 coelo
1302 5247 1377 5297 sunt.
1406 5243 1538 5299 Ascendit
1563 5249 1660 5301 autem
1683 5245 1719 5301 ab

74 5339 124 5395 ibis
143 5339 289 5409 Scriptura
301 5337 431 5407 regulam
446 5350 533 5405 quarn
548 5348 704 5404 sequamur
728 5331 814 5403 justi·
869 5332 923 5388 boe
949 5331 1032 5387 attari
1058 5331 1155 5387 fumus
1181 5330 1363 5388 incensorum
1388 5331 1466 5388 iutra
1494 5339 1591 5391 sancta
1606 5341 1720 5392 macto·-

82 5434 247 5484 sanctornm
263 5425 387 5480 ostendit
406 5424 547 5494 exempla,
571 5423 622 5493 qui
637 5422 704 5493 igne
722 5421 814 5476 tribu-
868 5435 933 5475 rum
954 5418 1003 5474 nbi
1016 5435 1082 5474 arca
1095 5424 1139 5474 est
1153 5419 1300 5475 recondita
1314 5436 1322 5487 ;
1339 5423 1371 5474 ut
1383 5420 1529 5477 orationes
1555 5427 1719 5480 sanctorum

74 5515 315 5572 :invincibilesin
343 5513 478 5568 omnibus
491 5512 689 5585 perstiterunt,
713 5513 747 5566 ut
760 5525 814 5565 nos
869 5509 988 5564 llsmma
1013 5506 1160 5564 manuus
1187 5507 1316 5564 exeimte
1337 5506 1374 5564 ad
1400 5509 1506 5565 mum
1536 5511 1717 5581 perveniant,
