3892 6106
92 245 147 298 353
669 240 797 298 GLOSSA
817 241 1022 297 ounluaela.
1045 272 1078 279 -
1100 241 1166 296 utu.
1188 241 1299 297 aevis.
1802 247 1855 302 sut

92 366 248 437 pythones,
273 363 415 417 velsatsos
435 362 599 434 prophelae,
620 361 720 434 quide
737 367 834 418 ventre
855 363 987 422 cordish
1039 366 1091 420 Nec
1115 366 1242 431 coluerit,
1267 367 1320 417 etc.
1350 364 1457 435 (telae.)
1487 364 1590 419 Melum
1619 369 1662 417 est
1687 366 1855 434 permittere

94 454 138 509 sui
154 454 266 508 sabelus
287 452 425 524 qrvasdam
441 457 468 505 ct
482 452 603 506 fetentes
623 452 768 507 doctrinas
789 453 946 523 proterunt.
1004 454 1090 506 etiam
1115 471 1163 507 eos
1187 453 1238 524 qni
1266 452 1334 505 ioris
1351 457 1428 520 sunt,
1449 453 1582 507 fornicari
1607 454 1697 507 niteo
1714 459 1743 507 et
1756 454 1855 509 edhe-

130 544 224 611 Nepae
238 542 272 595 ab
291 542 396 601 ariolis,
415 545 467 593 etc.
488 540 573 595 LXX:
605 541 742 609 Veneficis,
769 541 820 612 qui
842 540 948 594 demo·
1004 559 1066 596 rere
1087 542 1289 596 diaholotsed
1306 541 1395 595 multo
1412 542 1548 612 magisde
1565 542 1658 596 medio
1674 542 1785 613 populi,
1800 543 1854 598 hoc

96 649 168 687 uum
185 632 292 685 scilicet
311 630 431 684 nomina
450 629 591 698 invocant,
613 635 641 683 et
660 629 816 699 aliquando
846 645 948 699 corpus
1005 637 1046 685 est
1063 630 1141 685 enim
1156 635 1248 685 totum
1264 647 1381 702 gregem
1397 631 1464 702 lupo
1479 632 1646 685 concedere.
1664 632 1852 687 Consentiun-

96 725 211 786 curent,
225 726 257 774 ut
272 719 399 772 animam
415 717 597 779 interficiant,
1004 726 1045 773 tes
1062 724 1165 779 autem,
1182 718 1231 790 qui
1245 719 1351 772 scilicet
1366 724 1485 789 possunt
1499 735 1641 786 accusare,
1658 720 1701 774 vel
1718 736 1850 792 arguere,

129 811 214 864 Vens.
232 812 274 863 3⁶2.
295 838 330 848 -
350 809 451 862 Coram
465 823 531 861 cerno
545 808 642 876 capite,
664 811 716 861 etc.
728 808 762 861 In
783 805 891 860 senibus
909 809 948 859 esl
1002 809 1046 862 vet
1064 824 1190 876 monere,
1206 813 1233 861 et
1248 824 1305 862 non
1324 807 1443 876 faciunt,
1459 825 1517 862 non
1540 808 1678 879 effugient
1699 809 1853 880 judicium.

96 902 245 969 sapientia,
272 902 298 952 et
323 901 353 952 ia
376 898 460 952 multo
488 902 604 966 tempore
631 895 781 965 prudentia
809 895 865 965 (lob
887 894 947 965 111).
1003 896 1088 951 Ponit
1114 898 1188 951 Deus
1216 896 1419 968 iaciemsuper
1447 897 1540 964 illum,
1566 897 1600 951 da
1637 914 1695 968 quo
1724 898 1852 954 dicitur:

96 990 170 1045 ilinc
188 989 294 1043 Paulus
314 987 353 1041 ait
369 1003 376 1040 :
394 986 552 1055 Presbyteri
566 986 670 1055 duplici
684 986 783 1040 honore
803 985 883 1052 dipni
896 987 949 1039 ba·
1006 987 1103 1041 Vultus
1125 991 1215 1040 aulem
1228 987 1335 1040 Domini
1349 1000 1432 1055 super
1445 988 1575 1054 lucentes
1587 978 1670 1054 ricla,
1687 999 1742 1042 etc.
1764 988 1849 1059 (Psal.

97 1081 223 1146 beantur,
246 1079 365 1132 maaime
389 1078 437 1145 qui
461 1075 586 1129 laborant
614 1076 643 1128 in
667 1075 746 1129 aerbo
770 1078 795 1129 et
824 1073 949 1128 doctrina
1003 1073 1110 1144 nuru.)

97 1170 120 1239 tl
136 1170 207 1223 Tim.
222 1167 259 1236 v).
1040 1165 1121 1217 Vens.
1137 1166 1162 1217 o.
1185 1163 1338 1217 —Anima
1354 1178 1412 1232 pue
1426 1162 1602 1218 declinaverit
1617 1165 1655 1218 ad
1668 1180 1771 1234 mapos,
1797 1171 1850 1223 ctc.

130 1256 215 1309 Vens.
242 1255 286 1308 33.
311 1281 345 1293 -
373 1253 405 1307 Si
423 1251 587 1305 habitaverit
602 1249 718 1317 aduena,
745 1253 797 1304 etc.
821 1251 907 1305 Terra
931 1268 948 1306 a
1003 1251 1115 1307 Grande
1126 1255 1271 1322 peccatum
1287 1257 1329 1305 est
1344 1251 1378 1305 ad
1396 1267 1495 1321 magos
1517 1257 1544 1306 ct
1559 1251 1662 1307 ariolos
1682 1253 1848 1310 declinare:

98 1345 153 1398 Deo
167 1341 252 1396 nobis
268 1341 343 1408 dala,
359 1344 401 1394 est
416 1339 554 1393 virtutum
574 1337 679 1391 scilicet
694 1337 816 1404 cultura,
831 1343 859 1393 et
873 1339 950 1392 bone
1004 1343 1058 1396 hoc
1073 1346 1115 1395 est
1139 1340 1216 1395 enim
1235 1357 1250 1394 e
1266 1341 1324 1393 heo
1343 1340 1486 1394 recedere.
1502 1341 1574 1395 Sunt
1591 1348 1688 1397 autem
1712 1343 1790 1415 magi
1807 1344 1851 1398 in-

98 1433 238 1488 doctrine.
265 1430 293 1485 Si
322 1430 387 1501 quis
408 1443 476 1498 ergo
500 1429 534 1481 ad
555 1426 641 1480 fidem
673 1432 799 1480 nostram
824 1427 950 1482 converti
1003 1427 1181 1497 telligibiles,
1198 1427 1290 1500 quiin
1305 1429 1422 1482 nornine
1448 1428 1558 1483 Demini
1575 1430 1642 1484 laisa
1657 1432 1850 1502 prophetent:

96 1521 231 1584 voluerit,
255 1523 284 1572 ct
308 1519 376 1572 civis
400 1522 483 1571 torroe
507 1522 610 1569 nostre
626 1515 740 1584 ascribi,
756 1531 813 1569 non
835 1514 949 1586 attliga-
1004 1523 1070 1573 sunt
1094 1517 1176 1571 arioli
1200 1517 1366 1587 deceptores
1390 1522 1418 1571 et
1446 1519 1619 1581 adulatores,
1645 1520 1695 1590 qni
1719 1521 1852 1575 veneticis

98 1625 162 1663 mus
176 1625 257 1677 oum,
274 1624 325 1661 noc
341 1607 524 1676 imponamus
547 1619 632 1674 greve
651 1603 767 1673 jugum,
783 1602 855 1656 sicut
880 1603 949 1656 rna-
1006 1606 1098 1661 verbis
1118 1606 1233 1661 auditus
1257 1607 1412 1661 multorum
1436 1613 1627 1678 corrumpunt
1648 1613 1676 1662 et
1700 1625 1717 1662 a
1735 1609 1853 1664 veritate

96 1696 182 1759 risaei,
196 1697 232 1751 de
249 1696 354 1767 quibus
369 1695 473 1748 dicitur
489 1709 495 1746 ε
512 1692 642 1758 Allipant
657 1707 738 1745 onera
749 1694 846 1759 praela
860 1695 885 1745 et
896 1693 949 1744 im·
1005 1699 1145 1750 evertunt.

95 1784 258 1855 portabilia,
284 1782 372 1850 dipilo
392 1785 543 1835 aalemsuo
562 1779 820 1833 nolunlcamocere
837 1778 948 1848 (hallis.
1039 1787 1119 1840 Vens.
1137 1788 1214 1840 o.-
1236 1784 1290 1852 pat
1307 1782 1481 1839 maledixerit
1490 1786 1568 1854 patri
1584 1799 1642 1852 suo,
1666 1790 1719 1840 etc.
1749 1785 1852 1857 (Oete,

97 1869 184 1939 nro).
214 1870 257 1924 Sit
273 1869 353 1923 nobis
376 1869 448 1921 sicut
470 1866 615 1935 indigena,
642 1865 691 1935 qui
707 1865 812 1920 scilicet
827 1865 951 1920 nutritus
1018 1872 1852 1944 tom,tttnLeo.)[)ehissupcriuspraeceptededit,etc,

98 1958 185 2010 estin
205 1955 273 2023 fide,
294 1963 322 2009 ut
340 1955 428 2009 crevit
447 1955 476 2006 in
496 1953 611 2024 pietate.
633 1951 705 2006 Hinc
725 1953 825 2007 Petrus
842 1954 876 2008 ed
903 1970 951 2007 eos
1005 1959 1139 2029 usquead
1152 1976 1186 2013 ne
1202 1959 1303 2031 puniat
1318 1965 1544 2030 contemptorem
1565 1976 1689 2015 servum.

98 2045 148 2117 qui
175 2044 324 2098 credentes
352 2043 541 2114 degentibus
573 2040 775 2095 circumcidere
807 2041 950 2108 volebant,
1040 2048 1235 2120 (1⁰.)N0m011
1257 2049 1403 2120 patrissat
1428 2048 1536 2114 matris,
1561 2055 1626 2115 etc„
1650 2051 1792 2120 usquead
1819 2051 1854 2107 ad

98 2133 160 2186 ait:
192 2130 266 2196 Ouid
285 2135 395 2186 uitiatis
422 2132 508 2185 Dium
528 2130 775 2200 imponerejapum
801 2145 950 2200 supercit-
1005 2137 1132 2209 aliquam
1156 2142 1297 2192 terrenam
1321 2136 1626 2193 civitatcrniuverluut
1650 2139 1782 2195 sensibus
1802 2141 1853 2194 do-

98 2224 166 2275 uiccs
180 2219 397 2285 decipula-emt
413 2219 487 2291 (Act.
509 2222 564 2283 xv.)
1005 2229 1154 2298 pramis?

132 2315 217 2369 Viui-
234 2313 279 2369 35·
298 2340 328 2350 -
358 2309 447 2365 Nssll'ie
467 2311 567 2379 liciti,
583 2315 639 2364 010·
671 2309 702 2362 1¹¹
723 2304 952 2378 itioeoedffliibus
1042 2317 1161 2384 sanquis
1184 2314 1253 2384 pus,
1270 2318 1322 2368 etc.
1338 2313 1410 2379 Quia
1425 2313 1486 2385 ipse
1508 2319 1550 2369 est
1565 2315 1620 2369 sibi
1635 2332 1719 2370 causa
1741 2318 1853 2373 mortis.

97 2403 231 2473 principit
249 2401 278 2455 in
292 2398 400 2470 judicio
413 2399 554 2468 justitium
572 2397 689 2464 servari,
711 2396 798 2450 hiciu
814 2393 952 2466 ponderi·
1005 2405 1033 2459 Si
1060 2404 1099 2459 sic
1121 2403 1252 2474 punitur,
1277 2403 1448 2475 quic-,trualt
1464 2403 1539 2474 patri
1563 2404 1752 2472 maledixerit,
1779 2424 1854 2478 quo.

101 2493 150 2545 bus
161 2499 189 2545 et
206 2488 360 2554 mensuris,
377 2494 405 2541 ct
420 2504 455 2541 ne
470 2487 624 2542 abutamur
635 2487 668 2541 ad
684 2485 856 2557 injustitiam
869 2483 952 2555 justi·
1007 2493 1092 2547 modo
1115 2492 1251 2563 punietur
1276 2491 1326 2563 qni
1352 2491 1499 2546 Christum
1525 2492 1775 2563 blasphemaverit,
1802 2513 1854 2550 nec

99 2580 143 2633 tiae
157 2578 309 2633 terminis:
327 2578 386 2630 hec
399 2577 475 2630 euim
491 2577 608 2630 termini
624 2581 691 2630 sunt
705 2574 899 2629 vendentibus
924 2577 953 2626 et
1010 2580 1158 2635 obaudivit
1174 2579 1278 2634 dicenti
1296 2597 1302 2634 :
1328 2581 1391 2637 Nisi
1410 2582 1470 2651 qais
1490 2586 1600 2634 renatus
1615 2583 1701 2649 [uerit
1724 2599 1757 2636 ea
1781 2600 1856 2652 apua

101 2667 272 2729 ementibus,
290 2665 362 2718 sicut
379 2661 950 2734 tegesjudicibus;utehomniinjusti·
1005 2671 1146 2739 etspirttu
1163 2673 1263 2733 sancto,
1282 2673 1334 2723 etc,
1360 2669 1449 2739 (Joan,
1464 2668 1516 2740 111),
1540 2673 1630 2722 morte
1659 2670 1766 2724 scilicet
1790 2688 1855 2726 mo-

102 2755 138 2807 lta
166 2762 268 2808 contra
297 2752 459 2823 proximum
485 2757 627 2807 caveatur.
656 2753 737 2818 Quod
764 2752 843 2806 enim
872 2750 953 2806 diviti
1005 2758 1105 2827 rietur,
1126 2757 1299 2812 alienatusa
1329 2774 1417 2828 regno
1445 2759 1582 2812 castorum
1608 2775 1675 2813 reus
1701 2761 1855 2815 est÷nihit

103 2859 235 2914 agrorum
259 2842 455 2913 possessiones
479 2846 507 2894 et
527 2840 658 2911 pecuniae
674 2840 812 2907 thesauri,
829 2839 882 2894 hoc
894 2854 953 2909 peu
1006 2847 1081 2902 enim
1097 2862 1192 2916 grave,
1209 2862 1262 2900 nec
1288 2862 1451 2917 operosum,
1469 2851 1519 2900 aut
1542 2846 1716 2902 laboriosum
1739 2849 1766 2903 ei
1779 2865 1854 2920 prus-

102 2931 161 3002 pcri
175 2947 310 2985 mensura
325 2929 382 2984 vini
395 2934 423 2983 et
439 2929 537 2998 tritici,
552 2935 582 2984 et
596 2929 772 3000 hujusmodi.
966 2947 986 3003 ρ
1007 2941 1122 3005 ceptum
1138 2940 1193 2989 est,

136 3022 240 3091 (isica.)
261 3021 351 3077 Nolite
374 3021 474 3086 facere,
502 3024 555 3072 etc.
576 3018 735 3089 injudicio
764 3017 868 3071 mentis
891 3033 949 3071 non
1038 3024 1124 3076 Vens.
1146 3022 1239 3077 tO.-
1259 3021 1293 3076 st
1310 3023 1544 3093 moecliatusquis,
1568 3028 1621 3078 etc.
1639 3024 1732 3096 (tua,
1756 3033 1853 3095 quest.

103 3111 239 3164 dehemus
255 3109 360 3179 injuste
380 3123 474 3177 agore,
491 3123 543 3161 nec
558 3123 705 3161 mensuras
718 3105 856 3160 naturalis
864 3105 949 3175 iusti·
1003 3115 1038 3167 73
1052 3113 1082 3165 in
1095 3112 1171 3182 Leo.)
1193 3111 1242 3165 iiic
1255 3110 1364 3182 eliquid
1380 3112 1470 3166 voluit
1495 3112 1607 3176 distare,
1633 3119 1696 3182 etc,
1719 3115 1856 3187 usquead

103 3200 147 3254 tiae
161 3214 358 3269 corrmnpere,
375 3197 457 3250 aliter
473 3201 579 3258 nostra,
601 3196 684 3250 uhter
698 3193 822 3266 proximi
834 3199 951 3264 peccata
1005 3218 1092 3273 quam
1106 3201 1194 3255 homo
1211 3200 1333 3256 homini,

100 3287 271 3357 judicantes.
301 3287 332 3340 tn
356 3286 492 3354 quoenim
507 3285 612 3353 judicio
631 3284 857 3353 judicaverimus,
871 3282 947 3351 judi·
1039 3289 1071 3344 si
1096 3289 1253 3356 mactatas,
1287 3294 1340 3344 etc.
1366 3288 1473 3361 (israe.)
1497 3290 1677 3346 Adulterium
1705 3296 1854 3363 corporate

102 3377 207 3431 cabitur
225 3380 251 3430 et
273 3375 307 3429 de
325 3374 418 3439 nobis;
435 3378 460 3427 et
484 3376 512 3426 in
526 3389 581 3441 pua
604 3388 732 3427 mensura
759 3373 845 3426 mensi
865 3370 952 3437 sueri·

101 3480 170 3533 mus,
185 3466 342 3517 remetietur
355 3461 432 3516 nobis
446 3461 560 3530 (Malli.
573 3461 629 3528 vn).

135 3554 218 3606 Vens.
235 3555 280 3607 36.
295 3582 330 3592 -
346 3554 454 3607 Stalera
471 3550 561 3619 justa,
577 3552 629 3602 etc.
653 3548 714 3619 (ie.)
736 3546 861 3602 Statores
883 3563 952 3620 quo-

101 3659 156 3714 que
172 3640 295 3707 divinas,
312 3645 340 3693 et
351 3637 616 3692 mensurasdivinas
624 3637 716 3709 justas
732 3637 905 3703 habeamus;
923 3636 950 3691 id

100 3735 153 3796 est,
169 3730 249 3801 leges
274 3727 378 3782 divinae
400 3727 554 3797 Scripturas
573 3731 667 3780 sancte
681 3733 710 3781 et
723 3726 798 3798 juste
812 3725 952 3780 custodia-

101 3836 165 3874 mus
183 3836 190 3873 :
207 3819 279 3873 nihil
295 3823 423 3871 nostrum
439 3816 602 3881 inferentes,
620 3815 690 3870 nihil
712 3831 795 3869 suum
816 3813 951 3868 auteren-

102 3915 154 3974 tes,
181 3924 218 3960 ne
242 3906 325 3961 nobis
350 3905 424 3959 istud
453 3904 586 3958 dicatur:
614 3905 703 3970 Quare
725 3902 953 3971 transpredimini

1003 3379 1112 3431 matum
1133 3381 1185 3446 est,
1201 3384 1267 3446 etc,
1283 3393 1367 3449 usque
1383 3378 1421 3432 ad
1435 3377 1485 3450 qui
1499 3379 1527 3434 ei
1542 3380 1687 3444 commisit
1710 3380 1784 3435 hunc
1805 3397 1854 3434 cu-

1004 3482 1074 3529 ram,

1039 3557 1121 3609 Vens.
1151 3557 1192 3610 lt.
1223 3586 1257 3596 —
1285 3557 1337 3626 Qui
1362 3555 1512 3621 dormierit,
1542 3562 1595 3612 etc.
1636 3559 1700 3613 hee
1723 3558 1856 3631 superias

1005 3642 1121 3698 dictaei
1139 3643 1268 3714 exposita
1288 3648 1365 3710 suut,
1387 3645 1436 3699 uhi
1456 3644 1646 3701 dictumest:
1676 3649 1736 3705 Non
1750 3648 1855 3702 revela·

1006 3733 1047 3787 bis
1072 3731 1271 3802 turpitudinem
1283 3734 1374 3801 patris
1393 3735 1444 3798 tui,
1460 3737 1512 3787 etc.
1536 3734 1590 3789 Sed
1606 3735 1652 3789 hic
1678 3740 1774 3807 aperte
1791 3741 1855 3790 ten·

1004 3821 1048 3891 git
1063 3837 1130 3876 etim
1145 3820 1196 3891 qui
1211 3820 1288 3874 idem
1304 3820 1379 3891 quod
1404 3821 1553 3891 proximus
1575 3824 1643 3894 agit,
1666 3840 1719 3878 nec
1745 3823 1856 3897 peccati

1005 3909 1139 3963 societate
1162 3909 1343 3976 erubescens,
1359 3908 1468 3979 prodil3
1494 3909 1597 3982 inquo
1623 3911 1722 3965 mortis
1736 3928 1853 3983 poenam

101 3996 264 4050 mandoline
275 3997 446 4066 Deipropter
459 3993 620 4048 traditiones
633 3991 757 4047 uestras?
773 3991 950 4063 (uatium).
1004 3995 1153 4068 legislator
1177 3996 1278 4051 sanxit.
1303 3997 1435 4051 Noveram
1455 4003 1550 4052 eutem
1576 3998 1669 4052 virum
1695 4000 1853 4070 conjunxit,

436 4126 550 4180 CAPUT
569 4127 621 4180 XX·
1005 4085 1073 4157 quia
1086 4085 1161 4157 quod
1174 4085 1203 4139 in
1218 4091 1330 4184 petrem
1345 4084 1429 4184 atilio
1441 4084 1628 4186 delinquitur,
1644 4087 1699 4141 hoc
1711 4087 1744 4189 in
1760 4087 1853 4186 titium

138 4261 219 4314 Vens.
248 4262 272 4313 t.
290 4287 325 4298 -
347 4259 461 4313 Locutus
477 4262 516 4313 est
538 4259 680 4324 Dominus,
708 4261 760 4311 etc.
777 4233 987 4327 FrequenterD
1005 4178 1341 4335 tizgiglzfffflssrffi
1356 4175 1857 4336 establit-iililictiiiivoilsiimetlciipiaestirie

103 4347 148 4402 lex
172 4346 274 4400 eadem
293 4345 407 4415 repetit,
433 4351 464 4399 ut
488 4361 589 4399 eorum
605 4345 775 4399 memoriam
795 4345 896 4417 infigat
915 4345 949 4399 le
1007 4351 1045 4405 ad
1057 4367 1115 4406 non
1137 4353 1230 4407 solum
1248 4368 1303 4424 pro
1327 4352 1474 4425 qualitate,
1496 4354 1648 4410 sedetiam
1671 4372 1724 4426 pro
1740 4354 1855 4428 quanti·

104 4434 205 4506 genti:
233 4432 366 4504 quaedam
386 4438 483 4486 tamen
507 4447 578 4486 nova
608 4431 763 4500 interserit,
793 4448 829 4487 nc
854 4447 952 4503 super·
1008 4442 1075 4493 tate,

105 4524 193 4577 tloere
208 4521 347 4575 videatur.
369 4519 423 4575 Sed
440 4536 513 4574 nova
528 4519 701 4591 inquirendo
717 4521 778 4591 jem
797 4520 872 4575 dicte
893 4526 953 4575 stu·
1041 4526 1123 4580 Vens.
1157 4528 1198 4582 ti.
1215 4527 1320 4593 -Qui
1334 4527 1476 4584 dormierit
1494 4544 1554 4584 cum
1570 4531 1698 4597 masculo,
1718 4534 1772 4586 etc.
1794 4531 1854 4586 Hoc

104 4612 212 4667 diosius
228 4610 420 4681 inquirantur.
438 4607 517 4662 Unde
539 4608 670 4678 superius
697 4608 830 4679 quedam
855 4609 953 4680 prohi-
1007 4618 1155 4685 peccatum
1166 4613 1274 4685 injurie
1284 4619 1395 4670 naturai
1409 4621 1452 4672 est
1468 4633 1475 4671 :
1490 4617 1565 4672 unde
1579 4624 1608 4673 et
1618 4625 1709 4674 morte
1721 4619 1857 4675 mulctari

104 4701 196 4756 hendo
217 4695 447 4770 poenamtecuit,
475 4700 507 4750 ul
530 4704 770 4766 querentesque}
795 4697 837 4751 vel
861 4698 954 4770 qualis
1007 4703 1152 4758 decretum
1171 4702 1542 4774 est.Spiriluatiterautem
1563 4707 1692 4779 eumqui
1715 4707 1855 4764 tortisest
1918 4711 1924 4722 '

106 4789 150 4856 sit,
177 4788 208 4842 in
243 4784 428 4857 sequentibus
455 4783 610 4854 diligenter
635 4784 848 4856 investigemus.
883 4785 955 4840 Cum
1008 4792 1150 4846 aninroet
1170 4793 1313 4846 masculus
1341 4791 1396 4864 (vir
1421 4793 1498 4848 enim
1523 4793 1554 4849 in
1578 4795 1675 4849 divina
1699 4795 1856 4868 Scriptura,

106 4875 182 4931 enim
198 4874 330 4947 superius
346 4873 454 4928 ltioioch
468 4871 635 4943 prohiberet
652 4872 813 4940 sacrificari,
829 4873 955 4944 idipsum
1007 4880 1150 4950 perlectus
1172 4880 1365 4936 invirtutibus
1393 4882 1569 4954 nominatur)
1584 4883 1676 4939 verbis
1690 4885 1785 4955 pravis
1811 4888 1857 4942 vel

105 4981 219 5035 paenam
240 4962 371 5017 addendo
395 4961 499 5032 repetit
516 4977 522 5014 ε
538 4960 654 5030 populus
669 4959 776 5015 scilicet
792 4965 869 5015 letrae
883 4962 956 5032 lapi·
1009 4967 1169 5022 actionibus
1183 4968 1348 5051 effeminare
1361 4985 1521 5040 caveamus,
1536 4986 1572 5026 ne
1596 4988 1661 5026 cum
1681 4972 1744 5044 ipso
1757 4973 1857 5030 dissol-

107 5053 183 5110 dabit
197 5068 268 5118 eum,
289 5068 346 5105 non
362 5051 457 5104 solum
485 5049 637 5121 principes.
660 5049 717 5103 Nec
740 5048 784 5102 his
806 5055 956 5105 contentos
1009 5072 1110 5109 vamur
1124 5062 1151 5110 et
1166 5057 1251 5112 simut
1267 5057 1436 5112 moriamur.

108 5143 205 5198 addit:
224 5142 286 5208 Epo
303 5155 405 5210 portam
420 5141 520 5204 sacient
535 5154 620 5192 meam
635 5144 729 5193 contra
744 5138 832 5205 illum,
848 5143 901 5194 etc.
1012 5142 1015 5146 ’
1044 5145 1124 5198 Vens.
1143 5145 1184 5200 lb.
1203 5176 1237 5184 —
1262 5144 1315 5212 Qui
1331 5161 1416 5215 supra
1441 5161 1560 5216 uxorem,
1577 5152 1630 5204 etc.
1651 5148 1761 5207 Seram
1790 5151 1858 5209 huic

140 5233 224 5286 Vm·
246 5231 273 5284 4·
295 5260 330 5268 ··
345 5228 424 5295 Qtwd
439 5230 463 5282 δι’
475 5229 624 5296 melisius,
646 5233 698 5281 etc.
725 5228 861 5282 Provocat
887 5228 956 5282 elios
1008 5231 1112 5286 delicto
1128 5248 1241 5302 poeuem
1256 5233 1392 5289 decernit.
1410 5234 1463 5300 Qui
1478 5235 1556 5291 cuim
1569 5253 1602 5292 ex
1618 5245 1709 5296 matre
1723 5247 1791 5297 sunt
1805 5259 1856 5315 ge·

107 5325 204 5376 contra
230 5319 322 5384 illum,
348 5323 375 5372 et
398 5323 497 5386 terret,
520 5316 544 5370 si
565 5315 743 5388 neglexerint
767 5332 880 5388 poenem
896 5321 956 5373 tam
1009 5319 1074 5387 niti,
1085 5319 1130 5374 his
1144 5336 1217 5391 qnos
1231 5321 1291 5375 tilia
1310 5323 1420 5393 genuit,
1436 5340 1502 5379 cum
1515 5342 1591 5381 uuus
1605 5333 1689 5400 pater
1704 5329 1751 5398 sit,
1768 5332 1858 5388 ineer-

107 5410 232 5465 studiose
263 5411 445 5480 praeceptam,
473 5407 531 5461 Deo
550 5404 612 5478 ipso
639 5404 781 5460 irascente
807 5409 836 5461 et
862 5405 957 5463 terent
1008 5414 1070 5465 tum
1100 5414 1129 5464 et
1158 5413 1256 5463 utrum
1285 5410 1387 5466 trahes
1401 5412 1459 5468 sint
1485 5430 1521 5469 an
1547 5418 1691 5475 avunculi.
1720 5419 1859 5476 caveatur

107 5497 289 5557 sententiam.
1009 5514 1078 5570 ergo
1088 5501 1149 5554 tem
1162 5497 1271 5556 incerta
1285 5501 1455 5559 commistio.
1471 5503 1525 5560 Sed
1543 5505 1612 5578 quie
1634 5507 1730 5565 omnis
1749 5510 1858 5582 peccati
