<?xml version="1.0" encoding="UTF-8"?>
<!DOCTYPE html PUBLIC "-//W3C//DTD XHTML 1.0 Transitional//EN"
    "http://www.w3.org/TR/xhtml1/DTD/xhtml1-transitional.dtd">
<html xmlns="http://www.w3.org/1999/xhtml" xml:lang="en" lang="en">
 <head>
  <title>
</title>
<meta http-equiv="Content-Type" content="text/html;charset=utf-8" />
  <meta name='ocr-system' content='tesseract 3.04.00' />
  <meta name='ocr-capabilities' content='ocr_page ocr_carea ocr_par ocr_line ocrx_word'/>
</head>
<body>
  <div class='ocr_page' id='page_1' title='image "./patrologiaecurs04migngoog_0483.png"; bbox 0 0 3892 6106; ppageno 0'>
   <div class='ocr_carea' id='block_1_1' title="bbox 137 212 1891 273">
    <p class='ocr_par' dir='ltr' id='par_1_1' title="bbox 137 212 1891 273">
     <span class='ocr_line' id='line_1_1' title="bbox 137 212 1891 273; baseline -0.001 -2"><span class='ocrx_word' id='word_1_1' title='bbox 137 217 189 271; x_wconf 79' lang='lat' dir='ltr'><strong>stt</strong></span> <span class='ocrx_word' id='word_1_2' title='bbox 457 214 654 271; x_wconf 73' lang='lat' dir='ltr'><strong>wltllulul</strong></span> <span class='ocrx_word' id='word_1_3' title='bbox 674 214 798 273; x_wconf 72' lang='lat' dir='ltr'><strong>saltatu</strong></span> <span class='ocrx_word' id='word_1_4' title='bbox 818 215 919 273; x_wconf 79' lang='lat' dir='ltr'><strong>FULD.</strong></span> <span class='ocrx_word' id='word_1_5' title='bbox 940 212 1021 270; x_wconf 85' lang='lat' dir='ltr'><strong>llou.</strong></span> <span class='ocrx_word' id='word_1_6' title='bbox 1039 212 1116 270; x_wconf 86' lang='grc' dir='ltr'><strong>ΟΡΡ.</strong></span> <span class='ocrx_word' id='word_1_7' title='bbox 1137 213 1226 270; x_wconf 75' lang='lat' dir='ltr'><strong>Plus</strong></span> <span class='ocrx_word' id='word_1_8' title='bbox 1244 212 1265 269; x_wconf 90' lang='grc' dir='ltr'><strong>Ι.</strong></span> <span class='ocrx_word' id='word_1_9' title='bbox 1285 240 1320 254; x_wconf 85' lang='grc'><strong>-</strong></span> <span class='ocrx_word' id='word_1_10' title='bbox 1340 212 1567 271; x_wconf 78' lang='lat' dir='ltr'><strong>Tullowclcl.</strong></span> <span class='ocrx_word' id='word_1_11' title='bbox 1840 217 1891 270; x_wconf 74' lang='lat' dir='ltr'><strong>sss</strong></span> 
     </span>
    </p>
   </div>
   <div class='ocr_carea' id='block_1_2' title="bbox 134 336 1894 2982">
    <p class='ocr_par' dir='ltr' id='par_1_2' title="bbox 134 336 1894 587">
     <span class='ocr_line' id='line_1_2' title="bbox 173 336 1891 412; baseline 0.002 -20"><span class='ocrx_word' id='word_1_12' title='bbox 173 338 258 393; x_wconf 82' lang='lat' dir='ltr'><strong>Vane.</strong></span> <span class='ocrx_word' id='word_1_13' title='bbox 287 340 329 393; x_wconf 79' lang='lat' dir='ltr'><strong>lt.</strong></span> <span class='ocrx_word' id='word_1_14' title='bbox 358 367 393 377; x_wconf 94' lang='lat'>—</span> <span class='ocrx_word' id='word_1_15' title='bbox 408 336 478 403; x_wconf 82' lang='lat' dir='ltr'><strong>Quia</strong></span> <span class='ocrx_word' id='word_1_16' title='bbox 502 337 630 392; x_wconf 80' lang='lat' dir='ltr'><strong>liberabit</strong></span> <span class='ocrx_word' id='word_1_17' title='bbox 653 353 800 408; x_wconf 78' lang='lat' dir='ltr'><strong><em>pauperem</em></strong></span> <span class='ocrx_word' id='word_1_18' title='bbox 822 354 840 393; x_wconf 89' lang='lat' dir='ltr'><strong>o</strong></span> <span class='ocrx_word' id='word_1_19' title='bbox 864 337 1022 410; x_wconf 66' lang='lat' dir='ltr'><strong>potestat</strong></span> <span class='ocrx_word' id='word_1_20' title='bbox 1040 336 1125 392; x_wconf 89' lang='lat' dir='ltr'><strong>lsrael</strong></span> <span class='ocrx_word' id='word_1_21' title='bbox 1150 341 1278 409; x_wconf 87' lang='lat' dir='ltr'><strong>tempore</strong></span> <span class='ocrx_word' id='word_1_22' title='bbox 1299 337 1410 393; x_wconf 84' lang='lat' dir='ltr'><strong>Veteris</strong></span> <span class='ocrx_word' id='word_1_23' title='bbox 1435 338 1611 395; x_wconf 72' lang='lat' dir='ltr'><strong>Testamenti</strong></span> <span class='ocrx_word' id='word_1_24' title='bbox 1639 338 1671 394; x_wconf 89' lang='lat' dir='ltr'><strong>in</strong></span> <span class='ocrx_word' id='word_1_25' title='bbox 1695 354 1757 412; x_wconf 89' lang='lat' dir='ltr'><strong>quo</strong></span> <span class='ocrx_word' id='word_1_26' title='bbox 1783 340 1891 397; x_wconf 82' lang='lat' dir='ltr'><strong>Nurum</strong></span> 
     </span>
     <span class='ocr_line' id='line_1_3' title="bbox 135 421 1894 498; baseline 0.002 -17"><span class='ocrx_word' id='word_1_27' title='bbox 135 429 188 482; x_wconf 89' lang='lat' dir='ltr'><strong>etc.</strong></span> <span class='ocrx_word' id='word_1_28' title='bbox 207 425 306 497; x_wconf 74' lang='lat' dir='ltr'><strong>(Cass.)</strong></span> <span class='ocrx_word' id='word_1_29' title='bbox 324 428 362 481; x_wconf 90' lang='lat' dir='ltr'><strong>De</strong></span> <span class='ocrx_word' id='word_1_30' title='bbox 386 425 523 497; x_wconf 89' lang='lat' dir='ltr'><strong>operibus</strong></span> <span class='ocrx_word' id='word_1_31' title='bbox 550 425 696 497; x_wconf 86' lang='lat' dir='ltr'><strong>ejusagit‚</strong></span> <span class='ocrx_word' id='word_1_32' title='bbox 713 431 778 494; x_wconf 83' lang='lat' dir='ltr'><strong>etc,</strong></span> <span class='ocrx_word' id='word_1_33' title='bbox 796 441 881 498; x_wconf 82' lang='lat' dir='ltr'><strong>usqua</strong></span> <span class='ocrx_word' id='word_1_34' title='bbox 902 426 984 482; x_wconf 87' lang='lat' dir='ltr'><strong>udin</strong></span> <span class='ocrx_word' id='word_1_35' title='bbox 1039 430 1109 494; x_wconf 90' lang='lat' dir='ltr'><strong>arat,</strong></span> <span class='ocrx_word' id='word_1_36' title='bbox 1137 427 1187 481; x_wconf 90' lang='lat' dir='ltr'><strong>sed</strong></span> <span class='ocrx_word' id='word_1_37' title='bbox 1210 421 1373 482; x_wconf 86' lang='lat' dir='ltr'><strong>occultum:</strong></span> <span class='ocrx_word' id='word_1_38' title='bbox 1399 426 1472 482; x_wconf 90' lang='lat' dir='ltr'><strong>sicut</strong></span> <span class='ocrx_word' id='word_1_39' title='bbox 1494 433 1524 483; x_wconf 90' lang='lat' dir='ltr'><strong>ot</strong></span> <span class='ocrx_word' id='word_1_40' title='bbox 1553 426 1683 485; x_wconf 81' lang='lat' dir='ltr'><strong>Christus</strong></span> <span class='ocrx_word' id='word_1_41' title='bbox 1708 427 1743 483; x_wconf 92' lang='lat' dir='ltr'><strong>in</strong></span> <span class='ocrx_word' id='word_1_42' title='bbox 1767 427 1894 485; x_wconf 77' lang='lat' dir='ltr'><strong>Deridet</strong></span> 
     </span>
     <span class='ocr_line' id='line_1_4' title="bbox 134 513 1891 587; baseline 0.002 -18"><span class='ocrx_word' id='word_1_43' title='bbox 134 514 355 587; x_wconf 71' lang='lat' dir='ltr'><strong>participatione</strong></span> <span class='ocrx_word' id='word_1_44' title='bbox 371 513 498 585; x_wconf 79' lang='lat' dir='ltr'><strong>justitia.</strong></span> <span class='ocrx_word' id='word_1_45' title='bbox 1038 513 1069 568; x_wconf 94' lang='lat' dir='ltr'><strong>in</strong></span> <span class='ocrx_word' id='word_1_46' title='bbox 1084 514 1238 583; x_wconf 77' lang='lat' dir='ltr'><strong>Abraham,</strong></span> <span class='ocrx_word' id='word_1_47' title='bbox 1255 515 1305 571; x_wconf 89' lang='lat' dir='ltr'><strong>sed</strong></span> <span class='ocrx_word' id='word_1_48' title='bbox 1332 515 1470 585; x_wconf 86' lang='lat' dir='ltr'><strong>occultus,</strong></span> <span class='ocrx_word' id='word_1_49' title='bbox 1485 520 1519 572; x_wconf 88' lang='lat' dir='ltr'><strong>ut</strong></span> <span class='ocrx_word' id='word_1_50' title='bbox 1531 515 1641 572; x_wconf 90' lang='lat' dir='ltr'><strong>lrnctus</strong></span> <span class='ocrx_word' id='word_1_51' title='bbox 1662 519 1708 572; x_wconf 91' lang='lat' dir='ltr'><strong>est</strong></span> <span class='ocrx_word' id='word_1_52' title='bbox 1730 516 1762 572; x_wconf 94' lang='lat' dir='ltr'><strong>in</strong></span> <span class='ocrx_word' id='word_1_53' title='bbox 1786 516 1891 584; x_wconf 86' lang='lat' dir='ltr'><strong>radice,</strong></span> 
     </span>
    </p>

    <p class='ocr_par' dir='ltr' id='par_1_3' title="bbox 135 600 1892 1119">
     <span class='ocr_line' id='line_1_5' title="bbox 172 600 1892 678; baseline 0.005 -24"><span class='ocrx_word' id='word_1_54' title='bbox 172 602 252 655; x_wconf 86' lang='lat' dir='ltr'><strong>Vnae.</strong></span> <span class='ocrx_word' id='word_1_55' title='bbox 283 601 323 654; x_wconf 81' lang='lat'><strong>14.</strong></span> <span class='ocrx_word' id='word_1_56' title='bbox 340 631 375 641; x_wconf 95' lang='lat'><strong>—</strong></span> <span class='ocrx_word' id='word_1_57' title='bbox 398 603 442 654; x_wconf 83' lang='lat' dir='ltr'><strong>De</strong></span> <span class='ocrx_word' id='word_1_58' title='bbox 466 601 568 654; x_wconf 68' lang='lat' dir='ltr'><strong>neuun.</strong></span> <span class='ocrx_word' id='word_1_59' title='bbox 603 600 698 671; x_wconf 69' lang='lat' dir='ltr'><strong>(Aue.)</strong></span> <span class='ocrx_word' id='word_1_60' title='bbox 730 603 831 668; x_wconf 77' lang='lat' dir='ltr'><strong>Uaure,</strong></span> <span class='ocrx_word' id='word_1_61' title='bbox 856 603 983 671; x_wconf 85' lang='lat' dir='ltr'><strong>peccata,</strong></span> <span class='ocrx_word' id='word_1_62' title='bbox 1039 603 1156 659; x_wconf 80' lang='lat' dir='ltr'><strong>sednon</strong></span> <span class='ocrx_word' id='word_1_63' title='bbox 1172 608 1299 676; x_wconf 85' lang='lat' dir='ltr'><strong>apparet.</strong></span> <span class='ocrx_word' id='word_1_64' title='bbox 1317 605 1462 660; x_wconf 76' lang='lat' dir='ltr'><strong>Noverunt</strong></span> <span class='ocrx_word' id='word_1_65' title='bbox 1476 610 1573 662; x_wconf 89' lang='lat' dir='ltr'><strong>autem</strong></span> <span class='ocrx_word' id='word_1_66' title='bbox 1598 607 1684 678; x_wconf 84' lang='lat' dir='ltr'><strong>pauci</strong></span> <span class='ocrx_word' id='word_1_67' title='bbox 1699 607 1892 678; x_wconf 68' lang='lat' dir='ltr'><strong>Prophetnet</strong></span> 
     </span>
     <span class='ocr_line' id='line_1_6' title="bbox 135 688 1891 764; baseline 0.004 -21"><span class='ocrx_word' id='word_1_68' title='bbox 135 694 202 755; x_wconf 86' lang='lat' dir='ltr'><strong>etc,</strong></span> <span class='ocrx_word' id='word_1_69' title='bbox 218 703 302 759; x_wconf 83' lang='lat' dir='ltr'><strong>usque</strong></span> <span class='ocrx_word' id='word_1_70' title='bbox 324 688 361 742; x_wconf 89' lang='lat' dir='ltr'><strong>cd</strong></span> <span class='ocrx_word' id='word_1_71' title='bbox 373 688 501 759; x_wconf 85' lang='lat' dir='ltr'><strong>juvando</strong></span> <span class='ocrx_word' id='word_1_72' title='bbox 524 703 577 759; x_wconf 90' lang='lat' dir='ltr'><strong>per</strong></span> <span class='ocrx_word' id='word_1_73' title='bbox 603 689 726 760; x_wconf 89' lang='lat' dir='ltr'><strong>gratiam</strong></span> <span class='ocrx_word' id='word_1_74' title='bbox 741 689 776 745; x_wconf 94' lang='lat' dir='ltr'><strong>ad</strong></span> <span class='ocrx_word' id='word_1_75' title='bbox 790 689 984 761; x_wconf 87' lang='lat' dir='ltr'><strong>justitiemia·</strong></span> <span class='ocrx_word' id='word_1_76' title='bbox 1039 692 1195 760; x_wconf 83' lang='lat' dir='ltr'>Christum,</span> <span class='ocrx_word' id='word_1_77' title='bbox 1220 698 1249 748; x_wconf 89' lang='lat' dir='ltr'><strong>et</strong></span> <span class='ocrx_word' id='word_1_78' title='bbox 1283 694 1393 749; x_wconf 86' lang='lat' dir='ltr'><strong>Noram</strong></span> <span class='ocrx_word' id='word_1_79' title='bbox 1415 694 1640 764; x_wconf 73' lang='lat' dir='ltr'><strong>Testamentum,</strong></span> <span class='ocrx_word' id='word_1_80' title='bbox 1663 694 1774 751; x_wconf 76' lang='lat' dir='ltr'><strong>scilioet</strong></span> <span class='ocrx_word' id='word_1_81' title='bbox 1794 695 1827 750; x_wconf 90' lang='lat' dir='ltr'><strong>in</strong></span> <span class='ocrx_word' id='word_1_82' title='bbox 1846 711 1891 750; x_wconf 91' lang='lat' dir='ltr'><strong>oc·</strong></span> 
     </span>
     <span class='ocr_line' id='line_1_7' title="bbox 135 776 1891 854; baseline 0.003 -23"><span class='ocrx_word' id='word_1_83' title='bbox 135 777 280 832; x_wconf 79' lang='lat' dir='ltr'><strong>ciendam.</strong></span> <span class='ocrx_word' id='word_1_84' title='bbox 308 776 368 843; x_wconf 90' lang='lat' dir='ltr'><strong>Vel,</strong></span> <span class='ocrx_word' id='word_1_85' title='bbox 396 791 430 831; x_wconf 81' lang='lat' dir='ltr'><strong>ea</strong></span> <span class='ocrx_word' id='word_1_86' title='bbox 454 779 556 844; x_wconf 65' lang='lat' dir='ltr'><strong>neuma,</strong></span> <span class='ocrx_word' id='word_1_87' title='bbox 573 777 608 832; x_wconf 91' lang='lat' dir='ltr'><strong>de</strong></span> <span class='ocrx_word' id='word_1_88' title='bbox 635 777 744 846; x_wconf 85' lang='lat' dir='ltr'><strong>loturo,</strong></span> <span class='ocrx_word' id='word_1_89' title='bbox 772 777 802 833; x_wconf 95' lang='lat' dir='ltr'><strong>id</strong></span> <span class='ocrx_word' id='word_1_90' title='bbox 822 784 873 844; x_wconf 90' lang='lat' dir='ltr'><strong>eet,</strong></span> <span class='ocrx_word' id='word_1_91' title='bbox 890 778 985 849; x_wconf 86' lang='lat' dir='ltr'><strong>poenie</strong></span> <span class='ocrx_word' id='word_1_92' title='bbox 1039 782 1127 849; x_wconf 84' lang='lat' dir='ltr'><strong>culto,</strong></span> <span class='ocrx_word' id='word_1_93' title='bbox 1145 782 1809 854; x_wconf 79' lang='lat' dir='ltr'><strong>etpronuntiaverunt.revelandumllloergo</strong></span> <span class='ocrx_word' id='word_1_94' title='bbox 1824 787 1891 837; x_wconf 90' lang='lat' dir='ltr'><strong>tem·</strong></span> 
     </span>
     <span class='ocr_line' id='line_1_8' title="bbox 136 864 1890 943; baseline 0.003 -22"><span class='ocrx_word' id='word_1_95' title='bbox 136 864 252 921; x_wconf 77' lang='lat' dir='ltr'><strong>aeternis</strong></span> <span class='ocrx_word' id='word_1_96' title='bbox 265 885 277 931; x_wconf 91' lang='lat'><strong>,·</strong></span> <span class='ocrx_word' id='word_1_97' title='bbox 293 867 485 935; x_wconf 81' lang='lat' dir='ltr'><strong>etintquilute,</strong></span> <span class='ocrx_word' id='word_1_98' title='bbox 508 865 606 934; x_wconf 88' lang='lat' dir='ltr'><strong>idest,</strong></span> <span class='ocrx_word' id='word_1_99' title='bbox 635 870 749 938; x_wconf 86' lang='lat' dir='ltr'><strong>peccato</strong></span> <span class='ocrx_word' id='word_1_100' title='bbox 774 866 847 938; x_wconf 88' lang='lat' dir='ltr'><strong>ipso,</strong></span> <span class='ocrx_word' id='word_1_101' title='bbox 859 883 911 938; x_wconf 94' lang='lat' dir='ltr'><strong>pro</strong></span> <span class='ocrx_word' id='word_1_102' title='bbox 927 883 984 940; x_wconf 90' lang='lat' dir='ltr'><strong>quo</strong></span> <span class='ocrx_word' id='word_1_103' title='bbox 1039 885 1119 942; x_wconf 88' lang='lat' dir='ltr'><strong>pore,</strong></span> <span class='ocrx_word' id='word_1_104' title='bbox 1136 886 1189 941; x_wconf 92' lang='lat' dir='ltr'><strong>pro</strong></span> <span class='ocrx_word' id='word_1_105' title='bbox 1212 864 1302 942; x_wconf 88' lang='lat' dir='ltr'><strong>regno</strong></span> <span class='ocrx_word' id='word_1_106' title='bbox 1317 871 1378 935; x_wconf 85' lang='lat' dir='ltr'><strong>illo,</strong></span> <span class='ocrx_word' id='word_1_107' title='bbox 1402 871 1452 926; x_wconf 91' lang='lat' dir='ltr'><strong>ubi</strong></span> <span class='ocrx_word' id='word_1_108' title='bbox 1466 871 1598 943; x_wconf 83' lang='lat' dir='ltr'><strong>regnavit</strong></span> <span class='ocrx_word' id='word_1_109' title='bbox 1611 871 1701 926; x_wconf 90' lang='lat' dir='ltr'><strong>homo</strong></span> <span class='ocrx_word' id='word_1_110' title='bbox 1711 869 1792 927; x_wconf 87' lang='lat' dir='ltr'><strong>iilius</strong></span> <span class='ocrx_word' id='word_1_111' title='bbox 1804 870 1890 938; x_wconf 80' lang='lat' dir='ltr'><strong>iesse,</strong></span> 
     </span>
     <span class='ocr_line' id='line_1_9' title="bbox 137 953 1891 1037; baseline 0.002 -28"><span class='ocrx_word' id='word_1_112' title='bbox 137 971 222 1027; x_wconf 89' lang='lat' dir='ltr'><strong>poena</strong></span> <span class='ocrx_word' id='word_1_113' title='bbox 240 953 409 1009; x_wconf 85' lang='lat' dir='ltr'><strong>debebatur.</strong></span> <span class='ocrx_word' id='word_1_114' title='bbox 429 956 540 1012; x_wconf 82' lang='lat' dir='ltr'><strong>Nomen.</strong></span> <span class='ocrx_word' id='word_1_115' title='bbox 577 955 780 1013; x_wconf 81' lang='lat' dir='ltr'><strong>Christianum.</strong></span> <span class='ocrx_word' id='word_1_116' title='bbox 807 957 904 1013; x_wconf 85' lang='lat' dir='ltr'><strong>Corum</strong></span> <span class='ocrx_word' id='word_1_117' title='bbox 926 957 983 1012; x_wconf 83' lang='lat' dir='ltr'><strong>iilo.</strong></span> <span class='ocrx_word' id='word_1_118' title='bbox 1039 959 1269 1037; x_wconf 19' lang='lat' dir='ltr'><strong>prothujusmodi</strong></span> <span class='ocrx_word' id='word_1_119' title='bbox 1289 959 1452 1014; x_wconf 89' lang='lat' dir='ltr'><strong>carnalibus</strong></span> <span class='ocrx_word' id='word_1_120' title='bbox 1475 959 1596 1014; x_wconf 87' lang='lat' dir='ltr'><strong>carnalis</strong></span> <span class='ocrx_word' id='word_1_121' title='bbox 1611 959 1740 1030; x_wconf 88' lang='lat' dir='ltr'><strong>populus</strong></span> <span class='ocrx_word' id='word_1_122' title='bbox 1756 958 1891 1013; x_wconf 87' lang='lat' dir='ltr'><strong>laudabat</strong></span> 
     </span>
     <span class='ocr_line' id='line_1_10' title="bbox 136 1043 1891 1119; baseline 0.003 -21"><span class='ocrx_word' id='word_1_123' title='bbox 136 1044 209 1109; x_wconf 83' lang='lat' dir='ltr'><strong>Quia</strong></span> <span class='ocrx_word' id='word_1_124' title='bbox 224 1043 254 1098; x_wconf 91' lang='lat' dir='ltr'><strong>in</strong></span> <span class='ocrx_word' id='word_1_125' title='bbox 265 1043 327 1115; x_wconf 88' lang='lat' dir='ltr'><strong>ejus</strong></span> <span class='ocrx_word' id='word_1_126' title='bbox 347 1058 438 1114; x_wconf 91' lang='lat' dir='ltr'><strong>regno</strong></span> <span class='ocrx_word' id='word_1_127' title='bbox 453 1049 520 1098; x_wconf 91' lang='lat' dir='ltr'><strong>ante</strong></span> <span class='ocrx_word' id='word_1_128' title='bbox 540 1043 636 1115; x_wconf 87' lang='lat' dir='ltr'><strong>ipsum</strong></span> <span class='ocrx_word' id='word_1_129' title='bbox 652 1045 754 1099; x_wconf 79' lang='lat' dir='ltr'><strong>victuri</strong></span> <span class='ocrx_word' id='word_1_130' title='bbox 769 1049 844 1100; x_wconf 90' lang='lat' dir='ltr'><strong>sunt.</strong></span> <span class='ocrx_word' id='word_1_131' title='bbox 1040 1048 1141 1103; x_wconf 90' lang='lat' dir='ltr'><strong>Deum.</strong></span> <span class='ocrx_word' id='word_1_132' title='bbox 1162 1047 1215 1103; x_wconf 87' lang='lat' dir='ltr'><strong>Sed</strong></span> <span class='ocrx_word' id='word_1_133' title='bbox 1231 1063 1321 1118; x_wconf 88' lang='lat' dir='ltr'><strong>regno</strong></span> <span class='ocrx_word' id='word_1_134' title='bbox 1336 1048 1386 1103; x_wconf 93' lang='lat' dir='ltr'><strong>illo</strong></span> <span class='ocrx_word' id='word_1_135' title='bbox 1401 1053 1429 1104; x_wconf 89' lang='lat' dir='ltr'><strong>el</strong></span> <span class='ocrx_word' id='word_1_136' title='bbox 1442 1048 1552 1103; x_wconf 78' lang='lat' dir='ltr'><strong>calaris</strong></span> <span class='ocrx_word' id='word_1_137' title='bbox 1566 1047 1736 1119; x_wconf 87' lang='lat' dir='ltr'><strong>hujusmodi</strong></span> <span class='ocrx_word' id='word_1_138' title='bbox 1755 1046 1891 1103; x_wconf 88' lang='lat' dir='ltr'><strong>delicien-</strong></span> 
     </span>
    </p>

    <p class='ocr_par' dir='ltr' id='par_1_4' title="bbox 137 1134 1893 1674">
     <span class='ocr_line' id='line_1_11' title="bbox 173 1134 1891 1207; baseline 0.002 -20"><span class='ocrx_word' id='word_1_139' title='bbox 173 1135 252 1189; x_wconf 86' lang='lat' dir='ltr'><strong>Vaas.</strong></span> <span class='ocrx_word' id='word_1_140' title='bbox 271 1137 316 1189; x_wconf 72' lang='lat' dir='ltr'><strong>lt.</strong></span> <span class='ocrx_word' id='word_1_141' title='bbox 346 1162 382 1174; x_wconf 93' lang='lat'><em>-</em></span> <span class='ocrx_word' id='word_1_142' title='bbox 400 1136 529 1200; x_wconf 82' lang='lat' dir='ltr'><strong>iltuiuet,</strong></span> <span class='ocrx_word' id='word_1_143' title='bbox 553 1138 578 1188; x_wconf 90' lang='lat' dir='ltr'><strong>et</strong></span> <span class='ocrx_word' id='word_1_144' title='bbox 602 1134 715 1189; x_wconf 83' lang='lat' dir='ltr'><strong>deditur</strong></span> <span class='ocrx_word' id='word_1_145' title='bbox 740 1135 810 1190; x_wconf 83' lang='lat' dir='ltr'><strong>eide</strong></span> <span class='ocrx_word' id='word_1_146' title='bbox 825 1150 903 1205; x_wconf 85' lang='lat' dir='ltr'><strong>auro,</strong></span> <span class='ocrx_word' id='word_1_147' title='bbox 931 1138 984 1190; x_wconf 90' lang='lat' dir='ltr'><strong>etc.</strong></span> <span class='ocrx_word' id='word_1_148' title='bbox 1040 1136 1126 1204; x_wconf 81' lang='lat' dir='ltr'><strong>unua,</strong></span> <span class='ocrx_word' id='word_1_149' title='bbox 1141 1136 1238 1192; x_wconf 86' lang='lat' dir='ltr'><strong>delicit</strong></span> <span class='ocrx_word' id='word_1_150' title='bbox 1255 1137 1328 1204; x_wconf 86' lang='lat' dir='ltr'><strong>lans,</strong></span> <span class='ocrx_word' id='word_1_151' title='bbox 1347 1152 1406 1191; x_wconf 94' lang='lat' dir='ltr'><strong>non</strong></span> <span class='ocrx_word' id='word_1_152' title='bbox 1423 1136 1487 1192; x_wconf 81' lang='lat' dir='ltr'>Filii</span> <span class='ocrx_word' id='word_1_153' title='bbox 1507 1136 1568 1205; x_wconf 92' lang='lat' dir='ltr'><strong>Dei,</strong></span> <span class='ocrx_word' id='word_1_154' title='bbox 1594 1137 1643 1192; x_wconf 89' lang='lat' dir='ltr'><strong>aad</strong></span> <span class='ocrx_word' id='word_1_155' title='bbox 1664 1137 1825 1207; x_wconf 61' lang='lat' dir='ltr'><strong>nitidem.</strong></span> <span class='ocrx_word' id='word_1_156' title='bbox 1845 1137 1891 1191; x_wconf 87' lang='lat' dir='ltr'><strong>ilia</strong></span> 
     </span>
     <span class='ocr_line' id='line_1_12' title="bbox 137 1223 1890 1297; baseline -0.001 -16"><span class='ocrx_word' id='word_1_157' title='bbox 137 1225 224 1296; x_wconf 85' lang='lat' dir='ltr'><strong>(Cas.)</strong></span> <span class='ocrx_word' id='word_1_158' title='bbox 247 1226 286 1279; x_wconf 89' lang='lat' dir='ltr'><strong>De</strong></span> <span class='ocrx_word' id='word_1_159' title='bbox 309 1223 529 1280; x_wconf 86' lang='lat' dir='ltr'><strong>honoriticentia</strong></span> <span class='ocrx_word' id='word_1_160' title='bbox 554 1225 641 1297; x_wconf 89' lang='lat' dir='ltr'><strong>regis.</strong></span> <span class='ocrx_word' id='word_1_161' title='bbox 665 1225 789 1280; x_wconf 62' lang='lat' dir='ltr'><strong>Arnim.</strong></span> <span class='ocrx_word' id='word_1_162' title='bbox 810 1225 905 1297; x_wconf 77' lang='lat' dir='ltr'><strong>(Aua.)</strong></span> <span class='ocrx_word' id='word_1_163' title='bbox 935 1227 987 1280; x_wconf 88' lang='lat' dir='ltr'><strong>Per</strong></span> <span class='ocrx_word' id='word_1_164' title='bbox 1041 1229 1138 1280; x_wconf 91' lang='lat' dir='ltr'><strong>eutem</strong></span> <span class='ocrx_word' id='word_1_165' title='bbox 1161 1224 1361 1281; x_wconf 78' lang='lat' dir='ltr'><strong>delinientibus</strong></span> <span class='ocrx_word' id='word_1_166' title='bbox 1385 1241 1451 1297; x_wconf 77' lang='lat' dir='ltr'><strong>qua</strong></span> <span class='ocrx_word' id='word_1_167' title='bbox 1470 1227 1546 1282; x_wconf 90' lang='lat' dir='ltr'><strong>Deus</strong></span> <span class='ocrx_word' id='word_1_168' title='bbox 1568 1225 1711 1287; x_wconf 83' lang='lat' dir='ltr'><strong>subtraxit</strong></span> <span class='ocrx_word' id='word_1_169' title='bbox 1730 1230 1890 1296; x_wconf 72' lang='lat' dir='ltr'><strong>utquam-</strong></span> 
     </span>
     <span class='ocr_line' id='line_1_13' title="bbox 137 1312 1893 1386; baseline -0.001 -17"><span class='ocrx_word' id='word_1_170' title='bbox 137 1315 281 1381; x_wconf 74' lang='lat' dir='ltr'><strong>Arabiam,</strong></span> <span class='ocrx_word' id='word_1_171' title='bbox 302 1318 420 1386; x_wconf 86' lang='lat' dir='ltr'><strong>gentes;</strong></span> <span class='ocrx_word' id='word_1_172' title='bbox 449 1329 502 1385; x_wconf 92' lang='lat' dir='ltr'><strong>per</strong></span> <span class='ocrx_word' id='word_1_173' title='bbox 525 1329 639 1380; x_wconf 85' lang='lat' dir='ltr'><strong>eurum,</strong></span> <span class='ocrx_word' id='word_1_174' title='bbox 655 1314 838 1384; x_wconf 83' lang='lat' dir='ltr'><strong>sapientiem,</strong></span> <span class='ocrx_word' id='word_1_175' title='bbox 854 1330 919 1385; x_wconf 75' lang='lat' dir='ltr'><strong>qua</strong></span> <span class='ocrx_word' id='word_1_176' title='bbox 938 1330 986 1369; x_wconf 86' lang='lat' dir='ltr'><strong>ex·</strong></span> <span class='ocrx_word' id='word_1_177' title='bbox 1041 1319 1141 1370; x_wconf 89' lang='lat' dir='ltr'><strong>rentur</strong></span> <span class='ocrx_word' id='word_1_178' title='bbox 1164 1329 1197 1368; x_wconf 90' lang='lat' dir='ltr'><strong>ea</strong></span> <span class='ocrx_word' id='word_1_179' title='bbox 1213 1329 1278 1385; x_wconf 78' lang='lat' dir='ltr'><strong>quae</strong></span> <span class='ocrx_word' id='word_1_180' title='bbox 1295 1313 1405 1370; x_wconf 87' lang='lat' dir='ltr'><strong>occulta</strong></span> <span class='ocrx_word' id='word_1_181' title='bbox 1423 1313 1454 1369; x_wconf 91' lang='lat' dir='ltr'><strong>in</strong></span> <span class='ocrx_word' id='word_1_182' title='bbox 1481 1313 1539 1369; x_wconf 91' lang='lat' dir='ltr'><strong>illis</strong></span> <span class='ocrx_word' id='word_1_183' title='bbox 1559 1314 1743 1386; x_wconf 86' lang='lat' dir='ltr'><strong>tegebantur,</strong></span> <span class='ocrx_word' id='word_1_184' title='bbox 1763 1312 1893 1385; x_wconf 84' lang='lat' dir='ltr'><strong>loquitur</strong></span> 
     </span>
     <span class='ocr_line' id='line_1_14' title="bbox 137 1399 1891 1474; baseline -0.001 -17"><span class='ocrx_word' id='word_1_185' title='bbox 137 1403 214 1458; x_wconf 84' lang='lat' dir='ltr'><strong>cellit</strong></span> <span class='ocrx_word' id='word_1_186' title='bbox 227 1403 304 1458; x_wconf 92' lang='lat' dir='ltr'><strong>inter</strong></span> <span class='ocrx_word' id='word_1_187' title='bbox 314 1402 468 1458; x_wconf 86' lang='lat' dir='ltr'><strong>doctrines.</strong></span> <span class='ocrx_word' id='word_1_188' title='bbox 488 1403 527 1457; x_wconf 86' lang='lat' dir='ltr'><strong>De</strong></span> <span class='ocrx_word' id='word_1_189' title='bbox 554 1405 741 1473; x_wconf 79' lang='lat' dir='ltr'><strong>ipsosemper.</strong></span> <span class='ocrx_word' id='word_1_190' title='bbox 761 1402 823 1474; x_wconf 82' lang='lat' dir='ltr'><strong>(ln.)</strong></span> <span class='ocrx_word' id='word_1_191' title='bbox 849 1403 988 1474; x_wconf 88' lang='lat' dir='ltr'><strong>llultipli·</strong></span> <span class='ocrx_word' id='word_1_192' title='bbox 1041 1402 1147 1472; x_wconf 77' lang='lat' dir='ltr'><strong>Asopi,</strong></span> <span class='ocrx_word' id='word_1_193' title='bbox 1163 1402 1193 1457; x_wconf 94' lang='lat' dir='ltr'><strong>id</strong></span> <span class='ocrx_word' id='word_1_194' title='bbox 1206 1408 1249 1458; x_wconf 88' lang='lat' dir='ltr'><strong>ast</strong></span> <span class='ocrx_word' id='word_1_195' title='bbox 1262 1402 1422 1474; x_wconf 76' lang='lat' dir='ltr'><strong>synagoge,</strong></span> <span class='ocrx_word' id='word_1_196' title='bbox 1448 1403 1499 1458; x_wconf 90' lang='lat' dir='ltr'><strong>sed</strong></span> <span class='ocrx_word' id='word_1_197' title='bbox 1523 1402 1628 1471; x_wconf 86' lang='lat' dir='ltr'><strong>fidelis,</strong></span> <span class='ocrx_word' id='word_1_198' title='bbox 1647 1417 1715 1474; x_wconf 84' lang='lat' dir='ltr'><strong>quae</strong></span> <span class='ocrx_word' id='word_1_199' title='bbox 1735 1399 1786 1473; x_wconf 88' lang='lat' dir='ltr'><strong>pie</strong></span> <span class='ocrx_word' id='word_1_200' title='bbox 1805 1401 1891 1456; x_wconf 89' lang='lat' dir='ltr'><strong>Deum</strong></span> 
     </span>
     <span class='ocr_line' id='line_1_15' title="bbox 138 1489 1891 1563; baseline -0.002 -15"><span class='ocrx_word' id='word_1_201' title='bbox 138 1492 240 1559; x_wconf 88' lang='lat' dir='ltr'><strong>cando,</strong></span> <span class='ocrx_word' id='word_1_202' title='bbox 270 1490 315 1546; x_wconf 86' lang='lat' dir='ltr'><strong>vel</strong></span> <span class='ocrx_word' id='word_1_203' title='bbox 338 1491 551 1563; x_wconf 89' lang='lat' dir='ltr'><strong>consequendo,</strong></span> <span class='ocrx_word' id='word_1_204' title='bbox 577 1490 620 1546; x_wconf 86' lang='lat' dir='ltr'><strong>ael</strong></span> <span class='ocrx_word' id='word_1_205' title='bbox 650 1492 686 1547; x_wconf 89' lang='lat' dir='ltr'><strong>da</strong></span> <span class='ocrx_word' id='word_1_206' title='bbox 708 1492 770 1563; x_wconf 87' lang='lat' dir='ltr'><strong>ejus</strong></span> <span class='ocrx_word' id='word_1_207' title='bbox 796 1491 985 1558; x_wconf 89' lang='lat' dir='ltr'><strong>institutione,</strong></span> <span class='ocrx_word' id='word_1_208' title='bbox 1041 1490 1219 1554; x_wconf 85' lang='lat' dir='ltr'><strong>coluit,licet</strong></span> <span class='ocrx_word' id='word_1_209' title='bbox 1233 1496 1351 1562; x_wconf 89' lang='lat' dir='ltr'><strong>propter</strong></span> <span class='ocrx_word' id='word_1_210' title='bbox 1374 1494 1496 1557; x_wconf 82' lang='lat' dir='ltr'><strong>terrem,</strong></span> <span class='ocrx_word' id='word_1_211' title='bbox 1523 1506 1620 1562; x_wconf 80' lang='lat' dir='ltr'><strong>quea</strong></span> <span class='ocrx_word' id='word_1_212' title='bbox 1640 1491 1712 1557; x_wconf 89' lang='lat' dir='ltr'><strong>Deo,</strong></span> <span class='ocrx_word' id='word_1_213' title='bbox 1736 1489 1891 1545; x_wconf 75' lang='lat' dir='ltr'><strong>nonade-</strong></span> 
     </span>
     <span class='ocr_line' id='line_1_16' title="bbox 138 1577 1893 1674; baseline -0.002 -39"><span class='ocrx_word' id='word_1_214' title='bbox 138 1580 277 1654; x_wconf 86' lang='lat' dir='ltr'><strong>quiaipse</strong></span> <span class='ocrx_word' id='word_1_215' title='bbox 290 1594 373 1635; x_wconf 86' lang='lat' dir='ltr'><strong>orere</strong></span> <span class='ocrx_word' id='word_1_216' title='bbox 388 1580 494 1635; x_wconf 91' lang='lat' dir='ltr'><strong>docuit.</strong></span> <span class='ocrx_word' id='word_1_217' title='bbox 1001 1579 1185 1674; x_wconf 66' lang='lat' dir='ltr'><strong>Bmonibus,</strong></span> <span class='ocrx_word' id='word_1_218' title='bbox 1211 1585 1244 1635; x_wconf 91' lang='lat' dir='ltr'><strong>ut</strong></span> <span class='ocrx_word' id='word_1_219' title='bbox 1269 1583 1376 1650; x_wconf 85' lang='lat' dir='ltr'><strong>gentes,</strong></span> <span class='ocrx_word' id='word_1_220' title='bbox 1415 1579 1572 1651; x_wconf 81' lang='lat' dir='ltr'><strong>qnaerebet.</strong></span> <span class='ocrx_word' id='word_1_221' title='bbox 1604 1577 1769 1633; x_wconf 76' lang='lat' dir='ltr'><strong>Attendens</strong></span> <span class='ocrx_word' id='word_1_222' title='bbox 1799 1582 1893 1633; x_wconf 83' lang='lat' dir='ltr'><strong>autem</strong></span> 
     </span>
    </p>

    <p class='ocr_par' dir='ltr' id='par_1_5' title="bbox 138 1665 1892 2093">
     <span class='ocr_line' id='line_1_17' title="bbox 174 1665 1892 1740; baseline -0.002 -18"><span class='ocrx_word' id='word_1_223' title='bbox 174 1668 259 1724; x_wconf 85' lang='lat' dir='ltr'><strong>Vens.</strong></span> <span class='ocrx_word' id='word_1_224' title='bbox 288 1671 330 1725; x_wconf 82' lang='lat' dir='ltr'><strong>lu.</strong></span> <span class='ocrx_word' id='word_1_225' title='bbox 354 1697 391 1710; x_wconf 88' lang='lat'><em>-</em></span> <span class='ocrx_word' id='word_1_226' title='bbox 416 1670 639 1723; x_wconf 73' lang='lat' dir='ltr'><strong>rimamarum.</strong></span> <span class='ocrx_word' id='word_1_227' title='bbox 663 1667 756 1740; x_wconf 76' lang='lat' dir='ltr'><strong>(Anu.)</strong></span> <span class='ocrx_word' id='word_1_228' title='bbox 776 1669 985 1740; x_wconf 85' lang='lat' dir='ltr'><strong>Prophetarum</strong></span> <span class='ocrx_word' id='word_1_229' title='bbox 1041 1665 1223 1738; x_wconf 85' lang='lat' dir='ltr'><strong>blasphemos</strong></span> <span class='ocrx_word' id='word_1_230' title='bbox 1252 1665 1298 1722; x_wconf 89' lang='lat' dir='ltr'><strong>his</strong></span> <span class='ocrx_word' id='word_1_231' title='bbox 1329 1666 1487 1729; x_wconf 87' lang='lat' dir='ltr'><strong>abundare,</strong></span> <span class='ocrx_word' id='word_1_232' title='bbox 1516 1682 1570 1738; x_wconf 80' lang='lat' dir='ltr'><strong>pao</strong></span> <span class='ocrx_word' id='word_1_233' title='bbox 1599 1666 1707 1737; x_wconf 88' lang='lat' dir='ltr'><strong>quibus</strong></span> <span class='ocrx_word' id='word_1_234' title='bbox 1739 1665 1892 1735; x_wconf 79' lang='lat' dir='ltr'><strong>serviebat,</strong></span> 
     </span>
     <span class='ocr_line' id='line_1_18' title="bbox 138 1753 1892 1827; baseline 0.001 -19"><span class='ocrx_word' id='word_1_235' title='bbox 138 1759 191 1823; x_wconf 90' lang='lat' dir='ltr'><strong>eet,</strong></span> <span class='ocrx_word' id='word_1_236' title='bbox 220 1753 289 1826; x_wconf 90' lang='lat' dir='ltr'><strong>quia</strong></span> <span class='ocrx_word' id='word_1_237' title='bbox 311 1756 388 1827; x_wconf 90' lang='lat' dir='ltr'><strong>quod</strong></span> <span class='ocrx_word' id='word_1_238' title='bbox 411 1754 617 1825; x_wconf 71' lang='lat' dir='ltr'><strong>praedixerunt,</strong></span> <span class='ocrx_word' id='word_1_239' title='bbox 646 1754 788 1827; x_wconf 86' lang='lat' dir='ltr'><strong>implevit.</strong></span> <span class='ocrx_word' id='word_1_240' title='bbox 815 1759 847 1812; x_wconf 94' lang='lat' dir='ltr'><strong>ln</strong></span> <span class='ocrx_word' id='word_1_241' title='bbox 871 1760 987 1816; x_wconf 80' lang='lat' dir='ltr'><strong>sumnia</strong></span> <span class='ocrx_word' id='word_1_242' title='bbox 1040 1755 1126 1827; x_wconf 87' lang='lat' dir='ltr'><strong>coepit</strong></span> <span class='ocrx_word' id='word_1_243' title='bbox 1149 1760 1263 1823; x_wconf 88' lang='lat' dir='ltr'><strong>nutare,</strong></span> <span class='ocrx_word' id='word_1_244' title='bbox 1296 1755 1427 1811; x_wconf 89' lang='lat' dir='ltr'><strong>nesciens</strong></span> <span class='ocrx_word' id='word_1_245' title='bbox 1445 1755 1513 1827; x_wconf 90' lang='lat' dir='ltr'><strong>quid</strong></span> <span class='ocrx_word' id='word_1_246' title='bbox 1533 1756 1564 1811; x_wconf 90' lang='lat' dir='ltr'><strong>in</strong></span> <span class='ocrx_word' id='word_1_247' title='bbox 1588 1756 1633 1812; x_wconf 90' lang='lat' dir='ltr'><strong>his</strong></span> <span class='ocrx_word' id='word_1_248' title='bbox 1654 1754 1761 1827; x_wconf 82' lang='lat' dir='ltr'><strong>figuris</strong></span> <span class='ocrx_word' id='word_1_249' title='bbox 1780 1755 1892 1824; x_wconf 82' lang='lat' dir='ltr'><strong>lateret,</strong></span> 
     </span>
     <span class='ocr_line' id='line_1_19' title="bbox 138 1842 1890 1917; baseline -0.002 -17"><span class='ocrx_word' id='word_1_250' title='bbox 138 1846 282 1900; x_wconf 70' lang='lat' dir='ltr'><strong>montium</strong></span> <span class='ocrx_word' id='word_1_251' title='bbox 314 1843 374 1915; x_wconf 87' lang='lat' dir='ltr'><strong>(lo.)</strong></span> <span class='ocrx_word' id='word_1_252' title='bbox 401 1847 537 1898; x_wconf 76' lang='lat' dir='ltr'><strong>ductores</strong></span> <span class='ocrx_word' id='word_1_253' title='bbox 559 1843 770 1915; x_wconf 89' lang='lat' dir='ltr'><strong>Scripturarum</strong></span> <span class='ocrx_word' id='word_1_254' title='bbox 794 1846 943 1917; x_wconf 77' lang='lat' dir='ltr'><strong>Prophetae</strong></span> <span class='ocrx_word' id='word_1_255' title='bbox 958 1850 987 1902; x_wconf 89' lang='lat' dir='ltr'><strong>et</strong></span> <span class='ocrx_word' id='word_1_256' title='bbox 1041 1844 1122 1916; x_wconf 81' lang='lat' dir='ltr'><strong>quasi</strong></span> <span class='ocrx_word' id='word_1_257' title='bbox 1147 1859 1204 1899; x_wconf 94' lang='lat' dir='ltr'><strong>non</strong></span> <span class='ocrx_word' id='word_1_258' title='bbox 1227 1851 1301 1900; x_wconf 88' lang='lat' dir='ltr'><strong>esset</strong></span> <span class='ocrx_word' id='word_1_259' title='bbox 1324 1844 1434 1916; x_wconf 82' lang='lat' dir='ltr'><strong>aliquid</strong></span> <span class='ocrx_word' id='word_1_260' title='bbox 1459 1845 1561 1900; x_wconf 89' lang='lat' dir='ltr'><strong>melius</strong></span> <span class='ocrx_word' id='word_1_261' title='bbox 1581 1844 1660 1917; x_wconf 82' lang='lat' dir='ltr'><strong>quod</strong></span> <span class='ocrx_word' id='word_1_262' title='bbox 1686 1844 1765 1899; x_wconf 88' lang='lat' dir='ltr'><strong>Deus</strong></span> <span class='ocrx_word' id='word_1_263' title='bbox 1789 1842 1890 1898; x_wconf 88' lang='lat' dir='ltr'><strong>daret:</strong></span> 
     </span>
     <span class='ocr_line' id='line_1_20' title="bbox 138 1931 1892 2006; baseline 0 -20"><span class='ocrx_word' id='word_1_264' title='bbox 138 1931 289 2003; x_wconf 80' lang='lat' dir='ltr'><strong>Apostoli3</strong></span> <span class='ocrx_word' id='word_1_265' title='bbox 306 1947 378 2004; x_wconf 90' lang='lat' dir='ltr'><strong>quos</strong></span> <span class='ocrx_word' id='word_1_266' title='bbox 393 1931 496 1999; x_wconf 83' lang='lat' dir='ltr'><strong>llrmat,</strong></span> <span class='ocrx_word' id='word_1_267' title='bbox 523 1932 592 2004; x_wconf 90' lang='lat' dir='ltr'><strong>quia</strong></span> <span class='ocrx_word' id='word_1_268' title='bbox 606 1933 703 1988; x_wconf 89' lang='lat' dir='ltr'><strong>omnia</strong></span> <span class='ocrx_word' id='word_1_269' title='bbox 727 1934 763 1990; x_wconf 90' lang='lat' dir='ltr'><strong>ab</strong></span> <span class='ocrx_word' id='word_1_270' title='bbox 777 1934 835 1990; x_wconf 84' lang='lat' dir='ltr'><strong>eliis</strong></span> <span class='ocrx_word' id='word_1_271' title='bbox 848 1934 987 2006; x_wconf 82' lang='lat' dir='ltr'><strong>praedicta</strong></span> <span class='ocrx_word' id='word_1_272' title='bbox 1040 1931 1265 1990; x_wconf 90' lang='lat' dir='ltr'><strong>sededmonitus</strong></span> <span class='ocrx_word' id='word_1_273' title='bbox 1289 1949 1342 2005; x_wconf 88' lang='lat' dir='ltr'><strong>per</strong></span> <span class='ocrx_word' id='word_1_274' title='bbox 1364 1933 1426 1988; x_wconf 73' lang='lat' dir='ltr'><strong>baeu</strong></span> <span class='ocrx_word' id='word_1_275' title='bbox 1448 1932 1503 1989; x_wconf 89' lang='lat' dir='ltr'><strong>sibi</strong></span> <span class='ocrx_word' id='word_1_276' title='bbox 1530 1932 1677 1990; x_wconf 84' lang='lat' dir='ltr'><strong>subtracta</strong></span> <span class='ocrx_word' id='word_1_277' title='bbox 1703 1947 1840 2004; x_wconf 71' lang='lat' dir='ltr'><strong>qnmmre</strong></span> <span class='ocrx_word' id='word_1_278' title='bbox 1861 1946 1892 1986; x_wconf 82' lang='lat' dir='ltr'><strong>aa</strong></span> 
     </span>
     <span class='ocr_line' id='line_1_21' title="bbox 138 2019 1892 2093; baseline 0 -19"><span class='ocrx_word' id='word_1_279' title='bbox 138 2019 229 2075; x_wconf 93' lang='lat' dir='ltr'><strong>inillo</strong></span> <span class='ocrx_word' id='word_1_280' title='bbox 246 2026 315 2076; x_wconf 91' lang='lat' dir='ltr'><strong>sunt</strong></span> <span class='ocrx_word' id='word_1_281' title='bbox 328 2020 455 2092; x_wconf 90' lang='lat' dir='ltr'><strong>impleta.</strong></span> <span class='ocrx_word' id='word_1_282' title='bbox 1041 2037 1106 2093; x_wconf 76' lang='lat' dir='ltr'><strong>qua</strong></span> <span class='ocrx_word' id='word_1_283' title='bbox 1120 2037 1178 2076; x_wconf 93' lang='lat' dir='ltr'><strong>non</strong></span> <span class='ocrx_word' id='word_1_284' title='bbox 1193 2020 1279 2077; x_wconf 89' lang='lat' dir='ltr'><strong>habet</strong></span> <span class='ocrx_word' id='word_1_285' title='bbox 1298 2037 1364 2077; x_wconf 90' lang='lat' dir='ltr'><strong>cum</strong></span> <span class='ocrx_word' id='word_1_286' title='bbox 1384 2020 1468 2076; x_wconf 88' lang='lat' dir='ltr'><strong>malis</strong></span> <span class='ocrx_word' id='word_1_287' title='bbox 1495 2020 1672 2090; x_wconf 87' lang='lat' dir='ltr'><strong>communie,</strong></span> <span class='ocrx_word' id='word_1_288' title='bbox 1702 2021 1851 2092; x_wconf 84' lang='lat' dir='ltr'><strong>castigans</strong></span> <span class='ocrx_word' id='word_1_289' title='bbox 1866 2035 1892 2074; x_wconf 88' lang='lat' dir='ltr'><strong>so</strong></span> 
     </span>
    </p>

    <p class='ocr_par' dir='ltr' id='par_1_6' title="bbox 139 2107 1891 2354">
     <span class='ocr_line' id='line_1_22' title="bbox 174 2107 1891 2181; baseline 0.001 -19"><span class='ocrx_word' id='word_1_290' title='bbox 174 2109 207 2163; x_wconf 88' lang='lat' dir='ltr'><strong>ln</strong></span> <span class='ocrx_word' id='word_1_291' title='bbox 232 2112 313 2163; x_wconf 77' lang='lat' dir='ltr'><strong>turc.</strong></span> <span class='ocrx_word' id='word_1_292' title='bbox 343 2107 417 2174; x_wconf 85' lang='lat' dir='ltr'><strong>Quia</strong></span> <span class='ocrx_word' id='word_1_293' title='bbox 446 2112 566 2180; x_wconf 89' lang='lat' dir='ltr'><strong>propter</strong></span> <span class='ocrx_word' id='word_1_294' title='bbox 602 2125 652 2165; x_wconf 88' lang='lat' dir='ltr'><strong>eos</strong></span> <span class='ocrx_word' id='word_1_295' title='bbox 679 2110 781 2181; x_wconf 92' lang='lat' dir='ltr'><strong>quiin</strong></span> <span class='ocrx_word' id='word_1_296' title='bbox 805 2115 882 2166; x_wconf 66' lang='lat' dir='ltr'><strong>wera</strong></span> <span class='ocrx_word' id='word_1_297' title='bbox 909 2115 986 2180; x_wconf 85' lang='lat' dir='ltr'><strong>sunt,</strong></span> <span class='ocrx_word' id='word_1_298' title='bbox 1040 2126 1106 2167; x_wconf 87' lang='lat' dir='ltr'><strong>cum</strong></span> <span class='ocrx_word' id='word_1_299' title='bbox 1127 2109 1328 2176; x_wconf 77' lang='lat' dir='ltr'><strong>admiratione,</strong></span> <span class='ocrx_word' id='word_1_300' title='bbox 1351 2109 1421 2165; x_wconf 93' lang='lat' dir='ltr'><strong>dicit</strong></span> <span class='ocrx_word' id='word_1_301' title='bbox 1444 2124 1452 2167; x_wconf 72' lang='grc' dir='ltr'><em>τ</em></span> <span class='ocrx_word' id='word_1_302' title='bbox 1476 2110 1563 2178; x_wconf 62' lang='lat' dir='ltr'><strong>Qum</strong></span> <span class='ocrx_word' id='word_1_303' title='bbox 1589 2109 1675 2166; x_wconf 84' lang='lat' dir='ltr'><strong>bonus</strong></span> <span class='ocrx_word' id='word_1_304' title='bbox 1706 2109 1820 2164; x_wconf 78' lang='lat' dir='ltr'><strong>lsrael!</strong></span> <span class='ocrx_word' id='word_1_305' title='bbox 1843 2107 1891 2165; x_wconf 79' lang='lat' dir='ltr'><strong>dod</strong></span> 
     </span>
     <span class='ocr_line' id='line_1_23' title="bbox 140 2191 1890 2270; baseline -0.002 -19"><span class='ocrx_word' id='word_1_306' title='bbox 140 2195 239 2251; x_wconf 89' lang='lat' dir='ltr'><strong>omnia</strong></span> <span class='ocrx_word' id='word_1_307' title='bbox 252 2196 357 2267; x_wconf 87' lang='lat' dir='ltr'><strong>scripte</strong></span> <span class='ocrx_word' id='word_1_308' title='bbox 378 2201 455 2252; x_wconf 92' lang='lat' dir='ltr'><strong>sunt.</strong></span> <span class='ocrx_word' id='word_1_309' title='bbox 472 2199 552 2253; x_wconf 88' lang='lat' dir='ltr'><strong>llnde</strong></span> <span class='ocrx_word' id='word_1_310' title='bbox 567 2202 595 2254; x_wconf 93' lang='lat' dir='ltr'><strong>et</strong></span> <span class='ocrx_word' id='word_1_311' title='bbox 609 2199 672 2270; x_wconf 88' lang='lat' dir='ltr'><strong>ipse</strong></span> <span class='ocrx_word' id='word_1_312' title='bbox 686 2199 716 2254; x_wconf 91' lang='lat' dir='ltr'><strong>in</strong></span> <span class='ocrx_word' id='word_1_313' title='bbox 737 2203 844 2255; x_wconf 91' lang='lat' dir='ltr'><strong>terrem</strong></span> <span class='ocrx_word' id='word_1_314' title='bbox 856 2200 944 2269; x_wconf 89' lang='lat' dir='ltr'><strong>venit,</strong></span> <span class='ocrx_word' id='word_1_315' title='bbox 954 2204 988 2256; x_wconf 91' lang='lat' dir='ltr'><strong>ut</strong></span> <span class='ocrx_word' id='word_1_316' title='bbox 1041 2195 1146 2269; x_wconf 82' lang='lat' dir='ltr'><strong>quibus</strong></span> <span class='ocrx_word' id='word_1_317' title='bbox 1156 2194 1170 2249; x_wconf 81' lang='lat' dir='ltr'><strong>‘l</strong></span> <span class='ocrx_word' id='word_1_318' title='bbox 1180 2197 1268 2253; x_wconf 83' lang='lat' dir='ltr'><strong>itastis</strong></span> <span class='ocrx_word' id='word_1_319' title='bbox 1282 2194 1370 2250; x_wconf 79' lang='lat' dir='ltr'><strong>corda</strong></span> <span class='ocrx_word' id='word_1_320' title='bbox 1386 2193 1482 2250; x_wconf 87' lang='lat' dir='ltr'><strong>Primo</strong></span> <span class='ocrx_word' id='word_1_321' title='bbox 1499 2209 1569 2264; x_wconf 89' lang='lat' dir='ltr'><strong>crgo</strong></span> <span class='ocrx_word' id='word_1_322' title='bbox 1596 2192 1766 2250; x_wconf 85' lang='lat' dir='ltr'><strong>describens</strong></span> <span class='ocrx_word' id='word_1_323' title='bbox 1792 2191 1890 2264; x_wconf 86' lang='lat' dir='ltr'><strong>neqni-</strong></span> 
     </span>
     <span class='ocr_line' id='line_1_24' title="bbox 139 2283 1887 2354; baseline -0.001 -15"><span class='ocrx_word' id='word_1_324' title='bbox 139 2299 174 2339; x_wconf 85' lang='lat' dir='ltr'><strong>ea</strong></span> <span class='ocrx_word' id='word_1_325' title='bbox 189 2283 334 2354; x_wconf 87' lang='lat' dir='ltr'><strong>impleret.</strong></span> <span class='ocrx_word' id='word_1_326' title='bbox 1040 2286 1111 2341; x_wconf 89' lang='lat' dir='ltr'><strong>tiam</strong></span> <span class='ocrx_word' id='word_1_327' title='bbox 1145 2284 1299 2350; x_wconf 90' lang='lat' dir='ltr'><strong>melorum,</strong></span> <span class='ocrx_word' id='word_1_328' title='bbox 1331 2283 1399 2339; x_wconf 90' lang='lat' dir='ltr'><strong>dicit</strong></span> <span class='ocrx_word' id='word_1_329' title='bbox 1421 2300 1452 2338; x_wconf 91' lang='lat' dir='ltr'><strong>se</strong></span> <span class='ocrx_word' id='word_1_330' title='bbox 1477 2283 1584 2338; x_wconf 86' lang='lat' dir='ltr'><strong>zelasse</strong></span> <span class='ocrx_word' id='word_1_331' title='bbox 1612 2297 1755 2354; x_wconf 83' lang='lat' dir='ltr'><strong>prospera</strong></span> <span class='ocrx_word' id='word_1_332' title='bbox 1785 2297 1887 2351; x_wconf 84' lang='lat' dir='ltr'><strong>eornm,</strong></span> 
     </span>
    </p>

    <p class='ocr_par' dir='ltr' id='par_1_7' title="bbox 139 2366 1892 2982">
     <span class='ocr_line' id='line_1_25' title="bbox 185 2366 1848 2449; baseline -0.002 -19"><span class='ocrx_word' id='word_1_333' title='bbox 185 2366 272 2444; x_wconf 77' lang='lat' dir='ltr'><strong>siper</strong></span> <span class='ocrx_word' id='word_1_334' title='bbox 299 2375 441 2431; x_wconf 76' lang='lat' dir='ltr'><strong>bibonum.</strong></span> <span class='ocrx_word' id='word_1_335' title='bbox 479 2375 572 2447; x_wconf 75' lang='lat' dir='ltr'><strong>(Aua.)</strong></span> <span class='ocrx_word' id='word_1_336' title='bbox 595 2374 672 2431; x_wconf 88' lang='lat' dir='ltr'><strong>Sicut</strong></span> <span class='ocrx_word' id='word_1_337' title='bbox 700 2374 824 2431; x_wconf 90' lang='lat' dir='ltr'><strong>Libanus</strong></span> <span class='ocrx_word' id='word_1_338' title='bbox 855 2392 988 2449; x_wconf 88' lang='lat' dir='ltr'><strong>proceres</strong></span> <span class='ocrx_word' id='word_1_339' title='bbox 1041 2379 1140 2431; x_wconf 67' lang='lat' dir='ltr'><strong>umen</strong></span> <span class='ocrx_word' id='word_1_340' title='bbox 1154 2372 1222 2429; x_wconf 92' lang='lat' dir='ltr'><strong>inde</strong></span> <span class='ocrx_word' id='word_1_341' title='bbox 1237 2376 1406 2440; x_wconf 87' lang='lat' dir='ltr'><strong>correctum,</strong></span> <span class='ocrx_word' id='word_1_342' title='bbox 1422 2376 1450 2428; x_wconf 90' lang='lat' dir='ltr'><strong>et</strong></span> <span class='ocrx_word' id='word_1_343' title='bbox 1472 2374 1616 2428; x_wconf 87' lang='lat' dir='ltr'><strong>correctus</strong></span> <span class='ocrx_word' id='word_1_344' title='bbox 1630 2371 1705 2427; x_wconf 86' lang='lat' dir='ltr'><strong>alios</strong></span> <span class='ocrx_word' id='word_1_345' title='bbox 1717 2371 1848 2444; x_wconf 87' lang='lat' dir='ltr'><strong>corrigit.</strong></span> 
     </span>
     <span class='ocr_line' id='line_1_26' title="bbox 139 2458 1889 2534; baseline -0.004 -15"><span class='ocrx_word' id='word_1_346' title='bbox 139 2462 240 2519; x_wconf 85' lang='lat' dir='ltr'><strong>cedros</strong></span> <span class='ocrx_word' id='word_1_347' title='bbox 259 2463 402 2534; x_wconf 82' lang='lat' dir='ltr'><strong>producit,</strong></span> <span class='ocrx_word' id='word_1_348' title='bbox 439 2462 479 2519; x_wconf 89' lang='lat' dir='ltr'><strong>sic</strong></span> <span class='ocrx_word' id='word_1_349' title='bbox 506 2463 633 2519; x_wconf 86' lang='lat' dir='ltr'><strong>Christus</strong></span> <span class='ocrx_word' id='word_1_350' title='bbox 659 2469 771 2519; x_wconf 87' lang='lat' dir='ltr'><strong>sanctos</strong></span> <span class='ocrx_word' id='word_1_351' title='bbox 799 2465 835 2520; x_wconf 94' lang='lat' dir='ltr'><strong>ed</strong></span> <span class='ocrx_word' id='word_1_352' title='bbox 872 2467 986 2522; x_wconf 86' lang='lat' dir='ltr'><strong>coelum.</strong></span> <span class='ocrx_word' id='word_1_353' title='bbox 1042 2462 1127 2534; x_wconf 83' lang='lat' dir='ltr'><strong>(Cae.)</strong></span> <span class='ocrx_word' id='word_1_354' title='bbox 1158 2461 1208 2516; x_wconf 89' lang='lat' dir='ltr'><strong>ilic</strong></span> <span class='ocrx_word' id='word_1_355' title='bbox 1236 2460 1342 2532; x_wconf 87' lang='lat' dir='ltr'><strong>egitur,</strong></span> <span class='ocrx_word' id='word_1_356' title='bbox 1372 2461 1449 2532; x_wconf 88' lang='lat' dir='ltr'><strong>quod</strong></span> <span class='ocrx_word' id='word_1_357' title='bbox 1479 2459 1573 2516; x_wconf 80' lang='lat' dir='ltr'><strong>laudes</strong></span> <span class='ocrx_word' id='word_1_358' title='bbox 1604 2460 1794 2528; x_wconf 65' lang='lat' dir='ltr'><strong>defeemeatt:</strong></span> <span class='ocrx_word' id='word_1_359' title='bbox 1830 2458 1889 2531; x_wconf 78' lang='lat' dir='ltr'><strong>qaia</strong></span> 
     </span>
     <span class='ocr_line' id='line_1_27' title="bbox 139 2547 1890 2623; baseline -0.003 -16"><span class='ocrx_word' id='word_1_360' title='bbox 139 2551 216 2607; x_wconf 80' lang='lat' dir='ltr'><strong>Siout</strong></span> <span class='ocrx_word' id='word_1_361' title='bbox 238 2553 341 2619; x_wconf 72' lang='lat' dir='ltr'><strong>fenum.</strong></span> <span class='ocrx_word' id='word_1_362' title='bbox 370 2551 457 2622; x_wconf 80' lang='lat' dir='ltr'><strong>(Cas.)</strong></span> <span class='ocrx_word' id='word_1_363' title='bbox 493 2552 556 2608; x_wconf 89' lang='lat' dir='ltr'><strong>Non</strong></span> <span class='ocrx_word' id='word_1_364' title='bbox 584 2557 652 2607; x_wconf 73' lang='lat' dir='ltr'><strong>retes</strong></span> <span class='ocrx_word' id='word_1_365' title='bbox 688 2552 749 2607; x_wconf 89' lang='lat' dir='ltr'><strong>seni</strong></span> <span class='ocrx_word' id='word_1_366' title='bbox 784 2554 834 2609; x_wconf 89' lang='lat' dir='ltr'><strong>sed</strong></span> <span class='ocrx_word' id='word_1_367' title='bbox 860 2553 988 2609; x_wconf 86' lang='lat' dir='ltr'><strong>viriditas</strong></span> <span class='ocrx_word' id='word_1_368' title='bbox 1039 2551 1099 2623; x_wconf 88' lang='lat' dir='ltr'><strong>jam</strong></span> <span class='ocrx_word' id='word_1_369' title='bbox 1116 2565 1175 2604; x_wconf 94' lang='lat' dir='ltr'><strong>non</strong></span> <span class='ocrx_word' id='word_1_370' title='bbox 1198 2550 1247 2606; x_wconf 92' lang='lat' dir='ltr'><strong>dat</strong></span> <span class='ocrx_word' id='word_1_371' title='bbox 1268 2551 1343 2605; x_wconf 90' lang='lat' dir='ltr'><strong>Deus</strong></span> <span class='ocrx_word' id='word_1_372' title='bbox 1364 2549 1479 2617; x_wconf 87' lang='lat' dir='ltr'><strong>blenda,</strong></span> <span class='ocrx_word' id='word_1_373' title='bbox 1495 2553 1527 2604; x_wconf 91' lang='lat' dir='ltr'><strong>at</strong></span> <span class='ocrx_word' id='word_1_374' title='bbox 1544 2547 1643 2620; x_wconf 89' lang='lat' dir='ltr'><strong>pueris</strong></span> <span class='ocrx_word' id='word_1_375' title='bbox 1657 2548 1693 2604; x_wconf 92' lang='lat' dir='ltr'><strong>ed</strong></span> <span class='ocrx_word' id='word_1_376' title='bbox 1710 2547 1890 2605; x_wconf 78' lang='lat' dir='ltr'><strong>serviendum</strong></span> 
     </span>
     <span class='ocr_line' id='line_1_28' title="bbox 139 2635 1892 2714; baseline -0.003 -20"><span class='ocrx_word' id='word_1_377' title='bbox 139 2639 244 2694; x_wconf 89' lang='lat' dir='ltr'><strong>sanctis</strong></span> <span class='ocrx_word' id='word_1_378' title='bbox 258 2646 454 2711; x_wconf 86' lang='lat' dir='ltr'><strong>comparetur.</strong></span> <span class='ocrx_word' id='word_1_379' title='bbox 474 2641 546 2697; x_wconf 84' lang='lat' dir='ltr'><strong>Doni</strong></span> <span class='ocrx_word' id='word_1_380' title='bbox 560 2641 595 2697; x_wconf 91' lang='lat' dir='ltr'><strong>de</strong></span> <span class='ocrx_word' id='word_1_381' title='bbox 612 2641 666 2696; x_wconf 84' lang='lat' dir='ltr'><strong>iate</strong></span> <span class='ocrx_word' id='word_1_382' title='bbox 688 2641 802 2698; x_wconf 85' lang='lat' dir='ltr'><strong>civitate</strong></span> <span class='ocrx_word' id='word_1_383' title='bbox 825 2642 985 2714; x_wconf 82' lang='lat' dir='ltr'><strong>praesentia.</strong></span> <span class='ocrx_word' id='word_1_384' title='bbox 1042 2637 1212 2705; x_wconf 88' lang='lat' dir='ltr'><strong>alliciendis,</strong></span> <span class='ocrx_word' id='word_1_385' title='bbox 1223 2642 1253 2693; x_wconf 89' lang='lat' dir='ltr'><strong>ct</strong></span> <span class='ocrx_word' id='word_1_386' title='bbox 1266 2638 1321 2693; x_wconf 91' lang='lat' dir='ltr'><strong>hoc</strong></span> <span class='ocrx_word' id='word_1_387' title='bbox 1335 2636 1403 2692; x_wconf 90' lang='lat' dir='ltr'><strong>dicit</strong></span> <span class='ocrx_word' id='word_1_388' title='bbox 1420 2637 1573 2709; x_wconf 86' lang='lat' dir='ltr'><strong>synagoga</strong></span> <span class='ocrx_word' id='word_1_389' title='bbox 1587 2652 1652 2708; x_wconf 80' lang='lat' dir='ltr'><strong>qua</strong></span> <span class='ocrx_word' id='word_1_390' title='bbox 1676 2637 1739 2709; x_wconf 90' lang='lat' dir='ltr'><strong>jam</strong></span> <span class='ocrx_word' id='word_1_391' title='bbox 1764 2635 1822 2691; x_wconf 88' lang='lat' dir='ltr'><strong>sibi</strong></span> <span class='ocrx_word' id='word_1_392' title='bbox 1833 2650 1892 2690; x_wconf 88' lang='lat' dir='ltr'><strong>cun-</strong></span> 
     </span>
     <span class='ocr_line' id='line_1_29' title="bbox 139 2720 1891 2800; baseline -0.004 -17"><span class='ocrx_word' id='word_1_393' title='bbox 139 2727 273 2784; x_wconf 86' lang='lat' dir='ltr'><strong>Eecleeiee</strong></span> <span class='ocrx_word' id='word_1_394' title='bbox 299 2729 457 2800; x_wconf 76' lang='lat' dir='ltr'><strong>migrantes</strong></span> <span class='ocrx_word' id='word_1_395' title='bbox 485 2729 516 2784; x_wconf 91' lang='lat' dir='ltr'><strong>in</strong></span> <span class='ocrx_word' id='word_1_396' title='bbox 542 2729 592 2784; x_wconf 91' lang='lat' dir='ltr'><strong>illa</strong></span> <span class='ocrx_word' id='word_1_397' title='bbox 624 2729 801 2786; x_wconf 89' lang='lat' dir='ltr'><strong>beatitudine</strong></span> <span class='ocrx_word' id='word_1_398' title='bbox 832 2730 986 2787; x_wconf 86' lang='lat' dir='ltr'><strong>florebunt.</strong></span> <span class='ocrx_word' id='word_1_399' title='bbox 1042 2729 1087 2781; x_wconf 90' lang='lat' dir='ltr'><strong>tra</strong></span> <span class='ocrx_word' id='word_1_400' title='bbox 1114 2726 1168 2780; x_wconf 89' lang='lat' dir='ltr'><strong>boc</strong></span> <span class='ocrx_word' id='word_1_401' title='bbox 1198 2724 1274 2796; x_wconf 89' lang='lat' dir='ltr'><strong>quod</strong></span> <span class='ocrx_word' id='word_1_402' title='bbox 1303 2723 1384 2796; x_wconf 85' lang='lat' dir='ltr'><strong>prius</strong></span> <span class='ocrx_word' id='word_1_403' title='bbox 1407 2723 1512 2796; x_wconf 89' lang='lat' dir='ltr'><strong>agebat</strong></span> <span class='ocrx_word' id='word_1_404' title='bbox 1544 2727 1677 2792; x_wconf 85' lang='lat' dir='ltr'><strong>testatur,</strong></span> <span class='ocrx_word' id='word_1_405' title='bbox 1714 2727 1749 2779; x_wconf 88' lang='lat' dir='ltr'><strong>ut</strong></span> <span class='ocrx_word' id='word_1_406' title='bbox 1768 2720 1891 2778; x_wconf 81' lang='lat' dir='ltr'><strong>credibi-</strong></span> 
     </span>
     <span class='ocr_line' id='line_1_30' title="bbox 139 2813 1153 2890; baseline -0.004 -17"><span class='ocrx_word' id='word_1_407' title='bbox 139 2817 231 2890; x_wconf 74' lang='lat' dir='ltr'><strong>(Aua.)</strong></span> <span class='ocrx_word' id='word_1_408' title='bbox 246 2818 279 2873; x_wconf 91' lang='lat' dir='ltr'><strong>ln</strong></span> <span class='ocrx_word' id='word_1_409' title='bbox 299 2817 401 2874; x_wconf 81' lang='lat' dir='ltr'><strong>Genesi</strong></span> <span class='ocrx_word' id='word_1_410' title='bbox 424 2820 484 2886; x_wconf 71' lang='lat' dir='ltr'><strong>feni</strong></span> <span class='ocrx_word' id='word_1_411' title='bbox 503 2820 620 2874; x_wconf 90' lang='lat' dir='ltr'><strong>nomine</strong></span> <span class='ocrx_word' id='word_1_412' title='bbox 633 2823 662 2874; x_wconf 93' lang='lat' dir='ltr'><strong>et</strong></span> <span class='ocrx_word' id='word_1_413' title='bbox 689 2819 866 2875; x_wconf 88' lang='lat' dir='ltr'><strong>frumentum</strong></span> <span class='ocrx_word' id='word_1_414' title='bbox 880 2820 988 2876; x_wconf 90' lang='lat' dir='ltr'><strong>intelli·</strong></span> <span class='ocrx_word' id='word_1_415' title='bbox 1042 2813 1153 2870; x_wconf 90' lang='lat' dir='ltr'><strong>liussit.</strong></span> 
     </span>
     <span class='ocr_line' id='line_1_31' title="bbox 139 2900 1025 2982; baseline 0.006 -21"><span class='ocrx_word' id='word_1_416' title='bbox 139 2906 226 2978; x_wconf 89' lang='lat' dir='ltr'><strong>gitur,</strong></span> <span class='ocrx_word' id='word_1_417' title='bbox 242 2911 314 2974; x_wconf 76' lang='lat' dir='ltr'><strong>etc,</strong></span> <span class='ocrx_word' id='word_1_418' title='bbox 329 2922 414 2976; x_wconf 77' lang='lat' dir='ltr'><strong>usque</strong></span> <span class='ocrx_word' id='word_1_419' title='bbox 428 2907 466 2962; x_wconf 86' lang='lat' dir='ltr'><strong>cd</strong></span> <span class='ocrx_word' id='word_1_420' title='bbox 480 2911 508 2962; x_wconf 89' lang='lat' dir='ltr'><strong>et</strong></span> <span class='ocrx_word' id='word_1_421' title='bbox 517 2907 716 2978; x_wconf 74' lang='lat' dir='ltr'><strong>cooperabitur</strong></span> <span class='ocrx_word' id='word_1_422' title='bbox 726 2909 793 2964; x_wconf 86' lang='lat' dir='ltr'><strong>feno</strong></span> <span class='ocrx_word' id='word_1_423' title='bbox 803 2913 887 2965; x_wconf 77' lang='lat' dir='ltr'><strong>terrae</strong></span> <span class='ocrx_word' id='word_1_424' title='bbox 900 2910 988 2982; x_wconf 87' lang='lat' dir='ltr'><strong>quid·</strong></span> <span class='ocrx_word' id='word_1_425' title='bbox 1003 2900 1025 2958; x_wconf 77' lang='lat' dir='ltr'>C</span> 
     </span>
    </p>
   </div>
   <div class='ocr_carea' id='block_1_3' title="bbox 139 2954 1615 3068">
    <p class='ocr_par' dir='ltr' id='par_1_8' title="bbox 139 2954 1615 3068">
     <span class='ocr_line' id='line_1_32' title="bbox 139 2954 1615 3068; baseline -0.018 -17"><span class='ocrx_word' id='word_1_426' title='bbox 139 2995 210 3068; x_wconf 89' lang='lat' dir='ltr'><strong>quid</strong></span> <span class='ocrx_word' id='word_1_427' title='bbox 222 3012 276 3067; x_wconf 90' lang='lat' dir='ltr'><strong>pru</strong></span> <span class='ocrx_word' id='word_1_428' title='bbox 291 3012 397 3067; x_wconf 91' lang='lat' dir='ltr'><strong>magno</strong></span> <span class='ocrx_word' id='word_1_429' title='bbox 413 2996 537 3051; x_wconf 87' lang='lat' dir='ltr'><strong>habetur</strong></span> <span class='ocrx_word' id='word_1_430' title='bbox 552 2996 583 3050; x_wconf 93' lang='lat' dir='ltr'><strong>in</strong></span> <span class='ocrx_word' id='word_1_431' title='bbox 596 2997 709 3053; x_wconf 73' lang='lat' dir='ltr'><strong>seculo.</strong></span> <span class='ocrx_word' id='word_1_432' title='bbox 1343 2954 1498 3012; x_wconf 55' lang='lat' dir='ltr'><strong>PSALflUs</strong></span> <span class='ocrx_word' id='word_1_433' title='bbox 1512 2954 1615 3012; x_wconf 65' lang='lat' dir='ltr'><strong>LXXII·</strong></span> 
     </span>
    </p>
   </div>
   <div class='ocr_carea' id='block_1_4' title="bbox 55 3079 1893 3154">
    <p class='ocr_par' dir='ltr' id='par_1_9' title="bbox 55 3079 1893 3154">
     <span class='ocr_line' id='line_1_33' title="bbox 55 3079 1893 3154; baseline 0.001 -22"><span class='ocrx_word' id='word_1_434' title='bbox 55 3141 57 3144; x_wconf 9' lang='lat' dir='ltr'>y</span> <span class='ocrx_word' id='word_1_435' title='bbox 175 3083 257 3138; x_wconf 68' lang='lat' dir='ltr'><strong>vias.</strong></span> <span class='ocrx_word' id='word_1_436' title='bbox 288 3086 334 3138; x_wconf 87' lang='lat' dir='ltr'><strong>l7.</strong></span> <span class='ocrx_word' id='word_1_437' title='bbox 370 3113 405 3123; x_wconf 95' lang='lat'>-</span> <span class='ocrx_word' id='word_1_438' title='bbox 436 3084 601 3139; x_wconf 71' lang='lat' dir='ltr'><strong>stannea</strong></span> <span class='ocrx_word' id='word_1_439' title='bbox 634 3085 693 3154; x_wconf 77' lang='lat' dir='ltr'><strong>ejus</strong></span> <span class='ocrx_word' id='word_1_440' title='bbox 735 3085 911 3146; x_wconf 85' lang='lat' dir='ltr'><strong>benedictum,</strong></span> <span class='ocrx_word' id='word_1_441' title='bbox 933 3089 985 3142; x_wconf 89' lang='lat' dir='ltr'><strong>etc.</strong></span> <span class='ocrx_word' id='word_1_442' title='bbox 1077 3082 1157 3135; x_wconf 83' lang='lat' dir='ltr'><strong>Vens.</strong></span> <span class='ocrx_word' id='word_1_443' title='bbox 1189 3083 1212 3135; x_wconf 91' lang='lat' dir='ltr'><strong>l.</strong></span> <span class='ocrx_word' id='word_1_444' title='bbox 1241 3110 1277 3121; x_wconf 93' lang='lat'><em>-</em></span> <span class='ocrx_word' id='word_1_445' title='bbox 1306 3080 1394 3146; x_wconf 63' lang='lat' dir='ltr'><strong>Qum</strong></span> <span class='ocrx_word' id='word_1_446' title='bbox 1428 3080 1521 3135; x_wconf 84' lang='lat' dir='ltr'><strong>bonus.</strong></span> <span class='ocrx_word' id='word_1_447' title='bbox 1543 3079 1630 3151; x_wconf 83' lang='lat' dir='ltr'><strong>(Cas.)</strong></span> <span class='ocrx_word' id='word_1_448' title='bbox 1656 3079 1757 3134; x_wconf 79' lang='lat' dir='ltr'><strong>nonas</strong></span> <span class='ocrx_word' id='word_1_449' title='bbox 1779 3081 1811 3134; x_wconf 90' lang='lat' dir='ltr'><strong>ut</strong></span> <span class='ocrx_word' id='word_1_450' title='bbox 1838 3094 1893 3134; x_wconf 91' lang='lat' dir='ltr'><strong>non</strong></span> 
     </span>
    </p>
   </div>
   <div class='ocr_carea' id='block_1_5' title="bbox 75 3156 1894 5543">
    <p class='ocr_par' dir='ltr' id='par_1_10' title="bbox 75 3156 1894 5543">
     <span class='ocr_line' id='line_1_34' title="bbox 140 3156 1808 3245; baseline -0.005 -18"><span class='ocrx_word' id='word_1_451' title='bbox 140 3170 226 3241; x_wconf 79' lang='lat' dir='ltr'><strong>(Cas.)</strong></span> <span class='ocrx_word' id='word_1_452' title='bbox 250 3156 346 3226; x_wconf 75' lang='lat' dir='ltr'><strong>Monet</strong></span> <span class='ocrx_word' id='word_1_453' title='bbox 369 3187 470 3226; x_wconf 84' lang='lat' dir='ltr'><strong>omnes</strong></span> <span class='ocrx_word' id='word_1_454' title='bbox 495 3172 595 3227; x_wconf 82' lang='lat' dir='ltr'><strong>laudes</strong></span> <span class='ocrx_word' id='word_1_455' title='bbox 615 3171 642 3227; x_wconf 90' lang='lat' dir='ltr'><strong>ei</strong></span> <span class='ocrx_word' id='word_1_456' title='bbox 665 3172 769 3239; x_wconf 84' lang='lat' dir='ltr'><strong>dicere,</strong></span> <span class='ocrx_word' id='word_1_457' title='bbox 800 3172 869 3245; x_wconf 87' lang='lat' dir='ltr'><strong>quia</strong></span> <span class='ocrx_word' id='word_1_458' title='bbox 888 3189 988 3230; x_wconf 88' lang='lat' dir='ltr'><strong>omnes</strong></span> <span class='ocrx_word' id='word_1_459' title='bbox 1042 3186 1095 3243; x_wconf 87' lang='lat' dir='ltr'><strong>pro</strong></span> <span class='ocrx_word' id='word_1_460' title='bbox 1111 3167 1329 3240; x_wconf 88' lang='lat' dir='ltr'><strong>temporalibus,</strong></span> <span class='ocrx_word' id='word_1_461' title='bbox 1341 3169 1390 3223; x_wconf 93' lang='lat' dir='ltr'><strong>sed</strong></span> <span class='ocrx_word' id='word_1_462' title='bbox 1409 3167 1524 3224; x_wconf 87' lang='lat' dir='ltr'><strong>aeternis</strong></span> <span class='ocrx_word' id='word_1_463' title='bbox 1538 3169 1630 3223; x_wconf 91' lang='lat' dir='ltr'><strong>Deum</strong></span> <span class='ocrx_word' id='word_1_464' title='bbox 1643 3167 1808 3224; x_wconf 85' lang='lat' dir='ltr'><strong>laedemus.</strong></span> 
     </span>
     <span class='ocr_line' id='line_1_35' title="bbox 140 3255 1892 3331; baseline -0.002 -18"><span class='ocrx_word' id='word_1_465' title='bbox 140 3260 171 3314; x_wconf 93' lang='lat' dir='ltr'><strong>in</strong></span> <span class='ocrx_word' id='word_1_466' title='bbox 187 3275 221 3314; x_wconf 88' lang='lat' dir='ltr'><strong>eo</strong></span> <span class='ocrx_word' id='word_1_467' title='bbox 250 3258 467 3315; x_wconf 85' lang='lat' dir='ltr'><strong>benedicentur.</strong></span> <span class='ocrx_word' id='word_1_468' title='bbox 505 3263 579 3316; x_wconf 83' lang='lat' dir='ltr'><strong>Ante</strong></span> <span class='ocrx_word' id='word_1_469' title='bbox 595 3261 686 3316; x_wconf 82' lang='lat' dir='ltr'><strong>solem.</strong></span> <span class='ocrx_word' id='word_1_470' title='bbox 710 3260 774 3331; x_wconf 85' lang='lat' dir='ltr'><strong>(lo.)</strong></span> <span class='ocrx_word' id='word_1_471' title='bbox 800 3261 832 3316; x_wconf 92' lang='lat' dir='ltr'><strong>ld</strong></span> <span class='ocrx_word' id='word_1_472' title='bbox 855 3265 906 3328; x_wconf 89' lang='lat' dir='ltr'><strong>est,</strong></span> <span class='ocrx_word' id='word_1_473' title='bbox 922 3265 989 3317; x_wconf 89' lang='lat' dir='ltr'><strong>ente</strong></span> <span class='ocrx_word' id='word_1_474' title='bbox 1077 3258 1161 3314; x_wconf 84' lang='lat' dir='ltr'><strong>Vens.</strong></span> <span class='ocrx_word' id='word_1_475' title='bbox 1188 3261 1215 3314; x_wconf 75' lang='lat'><strong>2.</strong></span> <span class='ocrx_word' id='word_1_476' title='bbox 1239 3285 1275 3299; x_wconf 92' lang='lat'>-</span> <span class='ocrx_word' id='word_1_477' title='bbox 1303 3256 1395 3313; x_wconf 86' lang='lat' dir='ltr'><strong>Pedes.</strong></span> <span class='ocrx_word' id='word_1_478' title='bbox 1427 3256 1512 3329; x_wconf 81' lang='lat' dir='ltr'><strong>(Cas.)</strong></span> <span class='ocrx_word' id='word_1_479' title='bbox 1540 3258 1596 3312; x_wconf 88' lang='lat' dir='ltr'><strong>Pru</strong></span> <span class='ocrx_word' id='word_1_480' title='bbox 1622 3255 1745 3311; x_wconf 83' lang='lat' dir='ltr'><strong>arbitrio</strong></span> <span class='ocrx_word' id='word_1_481' title='bbox 1778 3255 1892 3322; x_wconf 88' lang='lat' dir='ltr'><strong>mentis,</strong></span> 
     </span>
     <span class='ocr_line' id='line_1_36' title="bbox 141 3343 1893 3418; baseline -0.001 -16"><span class='ocrx_word' id='word_1_482' title='bbox 141 3362 258 3402; x_wconf 89' lang='lat' dir='ltr'><strong>omnem</strong></span> <span class='ocrx_word' id='word_1_483' title='bbox 273 3351 444 3413; x_wconf 84' lang='lat' dir='ltr'><strong>creaturam,</strong></span> <span class='ocrx_word' id='word_1_484' title='bbox 460 3362 496 3401; x_wconf 91' lang='lat' dir='ltr'><strong>ne</strong></span> <span class='ocrx_word' id='word_1_485' title='bbox 510 3352 592 3418; x_wconf 87' lang='lat' dir='ltr'><strong>putas</strong></span> <span class='ocrx_word' id='word_1_486' title='bbox 603 3349 793 3418; x_wconf 87' lang='lat' dir='ltr'><strong>temporalem</strong></span> <span class='ocrx_word' id='word_1_487' title='bbox 808 3349 858 3405; x_wconf 90' lang='lat' dir='ltr'><strong>Dei</strong></span> <span class='ocrx_word' id='word_1_488' title='bbox 873 3350 987 3404; x_wconf 84' lang='lat' dir='ltr'><strong>Filium.</strong></span> <span class='ocrx_word' id='word_1_489' title='bbox 1043 3347 1147 3417; x_wconf 84' lang='lat' dir='ltr'><strong>quode</strong></span> <span class='ocrx_word' id='word_1_490' title='bbox 1171 3345 1290 3402; x_wconf 72' lang='lat' dir='ltr'><strong>aecimis</strong></span> <span class='ocrx_word' id='word_1_491' title='bbox 1314 3344 1503 3417; x_wconf 73' lang='lat' dir='ltr'><strong>discrepabat.</strong></span> <span class='ocrx_word' id='word_1_492' title='bbox 1529 3346 1651 3414; x_wconf 76' lang='lat' dir='ltr'><strong>Gressua,</strong></span> <span class='ocrx_word' id='word_1_493' title='bbox 1681 3349 1764 3400; x_wconf 86' lang='lat' dir='ltr'><strong>aetus</strong></span> <span class='ocrx_word' id='word_1_494' title='bbox 1790 3343 1893 3417; x_wconf 74' lang='lat' dir='ltr'><strong>preci-</strong></span> 
     </span>
     <span class='ocr_line' id='line_1_37' title="bbox 142 3432 1501 3509; baseline -0.004 -17"><span class='ocrx_word' id='word_1_495' title='bbox 142 3436 237 3492; x_wconf 83' lang='lat' dir='ltr'><strong>Omnes</strong></span> <span class='ocrx_word' id='word_1_496' title='bbox 252 3440 356 3503; x_wconf 78' lang='lat' dir='ltr'><strong>gentes.</strong></span> <span class='ocrx_word' id='word_1_497' title='bbox 375 3434 469 3505; x_wconf 80' lang='lat' dir='ltr'><strong>(dua.)</strong></span> <span class='ocrx_word' id='word_1_498' title='bbox 497 3435 537 3490; x_wconf 89' lang='lat' dir='ltr'><strong>Ne</strong></span> <span class='ocrx_word' id='word_1_499' title='bbox 551 3436 644 3492; x_wconf 87' lang='lat' dir='ltr'><strong>tribus</strong></span> <span class='ocrx_word' id='word_1_500' title='bbox 675 3437 826 3492; x_wconf 88' lang='lat' dir='ltr'><strong>duodecim</strong></span> <span class='ocrx_word' id='word_1_501' title='bbox 855 3438 987 3509; x_wconf 90' lang='lat' dir='ltr'><strong>accipias,</strong></span> <span class='ocrx_word' id='word_1_502' title='bbox 1043 3433 1127 3505; x_wconf 89' lang='lat' dir='ltr'><strong>pitati</strong></span> <span class='ocrx_word' id='word_1_503' title='bbox 1143 3451 1150 3502; x_wconf 93' lang='lat'>;</span> <span class='ocrx_word' id='word_1_504' title='bbox 1163 3433 1324 3505; x_wconf 68' lang='lat' dir='ltr'><strong>panucula</strong></span> <span class='ocrx_word' id='word_1_505' title='bbox 1338 3432 1394 3488; x_wconf 90' lang='lat' dir='ltr'><strong>cito</strong></span> <span class='ocrx_word' id='word_1_506' title='bbox 1408 3432 1501 3488; x_wconf 90' lang='lat' dir='ltr'><strong>rediit.</strong></span> 
     </span>
     <span class='ocr_line' id='line_1_38' title="bbox 142 3519 1892 3595; baseline -0.002 -18"><span class='ocrx_word' id='word_1_507' title='bbox 142 3523 223 3578; x_wconf 90' lang='lat' dir='ltr'><strong>addit</strong></span> <span class='ocrx_word' id='word_1_508' title='bbox 235 3538 323 3578; x_wconf 85' lang='lat' dir='ltr'><strong>omnes</strong></span> <span class='ocrx_word' id='word_1_509' title='bbox 336 3527 440 3595; x_wconf 78' lang='lat' dir='ltr'><strong>pentes.</strong></span> <span class='ocrx_word' id='word_1_510' title='bbox 1079 3522 1241 3588; x_wconf 78' lang='lat' dir='ltr'><strong>Vnas.3,4.</strong></span> <span class='ocrx_word' id='word_1_511' title='bbox 1265 3551 1301 3563; x_wconf 95' lang='lat'><em>-</em></span> <span class='ocrx_word' id='word_1_512' title='bbox 1323 3523 1419 3578; x_wconf 83' lang='lat' dir='ltr'><strong>Pacem</strong></span> <span class='ocrx_word' id='word_1_513' title='bbox 1436 3525 1614 3591; x_wconf 69' lang='lat' dir='ltr'><strong>percensum.</strong></span> <span class='ocrx_word' id='word_1_514' title='bbox 1648 3519 1744 3593; x_wconf 73' lang='lat' dir='ltr'><strong>(Aac.)</strong></span> <span class='ocrx_word' id='word_1_515' title='bbox 1770 3522 1892 3592; x_wconf 82' lang='lat' dir='ltr'><strong>&#39;lampo-</strong></span> 
     </span>
     <span class='ocr_line' id='line_1_39' title="bbox 178 3609 1893 3682; baseline -0.001 -17"><span class='ocrx_word' id='word_1_516' title='bbox 178 3612 257 3667; x_wconf 83' lang='lat' dir='ltr'><strong>Vaas.</strong></span> <span class='ocrx_word' id='word_1_517' title='bbox 275 3614 317 3668; x_wconf 79' lang='lat' dir='ltr'><strong>ea.</strong></span> <span class='ocrx_word' id='word_1_518' title='bbox 332 3641 368 3652; x_wconf 90' lang='lat'><em>-</em></span> <span class='ocrx_word' id='word_1_519' title='bbox 382 3611 540 3668; x_wconf 81' lang='lat' dir='ltr'><strong>Benedictus</strong></span> <span class='ocrx_word' id='word_1_520' title='bbox 563 3614 692 3669; x_wconf 80' lang='lat' dir='ltr'><strong>Dominus</strong></span> <span class='ocrx_word' id='word_1_521' title='bbox 718 3617 787 3670; x_wconf 83' lang='lat' dir='ltr'><strong>Deus</strong></span> <span class='ocrx_word' id='word_1_522' title='bbox 816 3615 911 3682; x_wconf 83' lang='lat' dir='ltr'><strong>lsrael,</strong></span> <span class='ocrx_word' id='word_1_523' title='bbox 929 3619 984 3670; x_wconf 88' lang='lat' dir='ltr'><strong>etc.</strong></span> <span class='ocrx_word' id='word_1_524' title='bbox 1043 3611 1143 3678; x_wconf 83' lang='lat' dir='ltr'><strong>talem,</strong></span> <span class='ocrx_word' id='word_1_525' title='bbox 1167 3610 1284 3679; x_wconf 87' lang='lat' dir='ltr'><strong>lluxem,</strong></span> <span class='ocrx_word' id='word_1_526' title='bbox 1313 3610 1462 3666; x_wconf 86' lang='lat' dir='ltr'><strong>caducam.</strong></span> <span class='ocrx_word' id='word_1_527' title='bbox 1495 3609 1609 3666; x_wconf 79' lang='lat' dir='ltr'><strong>Videas.</strong></span> <span class='ocrx_word' id='word_1_528' title='bbox 1641 3611 1704 3665; x_wconf 90' lang='lat' dir='ltr'><strong>Non</strong></span> <span class='ocrx_word' id='word_1_529' title='bbox 1728 3609 1893 3681; x_wconf 86' lang='lat' dir='ltr'><strong>intelligens</strong></span> 
     </span>
     <span class='ocr_line' id='line_1_40' title="bbox 142 3696 1889 3770; baseline 0 -18"><span class='ocrx_word' id='word_1_530' title='bbox 142 3696 661 3770; x_wconf 74' lang='lat' dir='ltr'><strong>(Aca.i1tpartasuelaudat.llota</strong></span> <span class='ocrx_word' id='word_1_531' title='bbox 689 3704 921 3759; x_wconf 81' lang='lat' dir='ltr'><strong>exclamatoriam</strong></span> <span class='ocrx_word' id='word_1_532' title='bbox 936 3705 989 3761; x_wconf 87' lang='lat' dir='ltr'><strong>ba·</strong></span> <span class='ocrx_word' id='word_1_533' title='bbox 1044 3699 1117 3765; x_wconf 86' lang='lat' dir='ltr'><strong>Quia</strong></span> <span class='ocrx_word' id='word_1_534' title='bbox 1139 3699 1201 3754; x_wconf 78' lang='lat' dir='ltr'><strong>hec</strong></span> <span class='ocrx_word' id='word_1_535' title='bbox 1228 3713 1283 3769; x_wconf 88' lang='lat' dir='ltr'><strong>pax</strong></span> <span class='ocrx_word' id='word_1_536' title='bbox 1322 3697 1447 3766; x_wconf 79' lang='lat' dir='ltr'><strong>videtur,</strong></span> <span class='ocrx_word' id='word_1_537' title='bbox 1486 3713 1545 3752; x_wconf 94' lang='lat' dir='ltr'><strong>non</strong></span> <span class='ocrx_word' id='word_1_538' title='bbox 1582 3697 1769 3769; x_wconf 82' lang='lat' dir='ltr'><strong>intelligitur,</strong></span> <span class='ocrx_word' id='word_1_539' title='bbox 1795 3698 1889 3753; x_wconf 79' lang='lat' dir='ltr'><strong>ocnlm</strong></span> 
     </span>
     <span class='ocr_line' id='line_1_41' title="bbox 142 3785 1890 3863; baseline 0.001 -23"><span class='ocrx_word' id='word_1_540' title='bbox 142 3785 345 3855; x_wconf 90' lang='lat' dir='ltr'><strong>nedictionem,</strong></span> <span class='ocrx_word' id='word_1_541' title='bbox 365 3804 431 3843; x_wconf 90' lang='lat' dir='ltr'><strong>cnm</strong></span> <span class='ocrx_word' id='word_1_542' title='bbox 460 3789 656 3845; x_wconf 85' lang='lat' dir='ltr'><strong>admonitione</strong></span> <span class='ocrx_word' id='word_1_543' title='bbox 680 3794 709 3844; x_wconf 87' lang='lat' dir='ltr'><strong>et</strong></span> <span class='ocrx_word' id='word_1_544' title='bbox 733 3792 893 3863; x_wconf 85' lang='lat' dir='ltr'><strong>prophetia.</strong></span> <span class='ocrx_word' id='word_1_545' title='bbox 913 3795 988 3860; x_wconf 81' lang='lat' dir='ltr'><strong>Fiat,</strong></span> <span class='ocrx_word' id='word_1_546' title='bbox 1043 3787 1144 3854; x_wconf 88' lang='lat' dir='ltr'><strong>eludit,</strong></span> <span class='ocrx_word' id='word_1_547' title='bbox 1160 3785 1290 3843; x_wconf 90' lang='lat' dir='ltr'><strong>estenim</strong></span> <span class='ocrx_word' id='word_1_548' title='bbox 1304 3786 1380 3841; x_wconf 83' lang='lat' dir='ltr'><strong>fluxa</strong></span> <span class='ocrx_word' id='word_1_549' title='bbox 1394 3789 1422 3840; x_wconf 93' lang='lat' dir='ltr'><strong>et</strong></span> <span class='ocrx_word' id='word_1_550' title='bbox 1439 3786 1556 3842; x_wconf 88' lang='lat' dir='ltr'><strong>caduca.</strong></span> <span class='ocrx_word' id='word_1_551' title='bbox 1573 3785 1660 3858; x_wconf 83' lang='lat' dir='ltr'><strong>(Cas.)</strong></span> <span class='ocrx_word' id='word_1_552' title='bbox 1678 3788 1777 3842; x_wconf 83' lang='lat' dir='ltr'><strong>Pacem</strong></span> <span class='ocrx_word' id='word_1_553' title='bbox 1799 3803 1890 3857; x_wconf 80' lang='lat' dir='ltr'><strong>peace·</strong></span> 
     </span>
     <span class='ocr_line' id='line_1_42' title="bbox 140 3873 1891 3950; baseline 0 -20"><span class='ocrx_word' id='word_1_554' title='bbox 140 3875 204 3941; x_wconf 73' lang='lat' dir='ltr'><strong>fiet,</strong></span> <span class='ocrx_word' id='word_1_555' title='bbox 220 3879 276 3930; x_wconf 88' lang='lat' dir='ltr'><strong>etc.</strong></span> <span class='ocrx_word' id='word_1_556' title='bbox 296 3875 576 3948; x_wconf 83' lang='lat' dir='ltr'><strong>(Cae.)llagniiicum</strong></span> <span class='ocrx_word' id='word_1_557' title='bbox 592 3884 645 3942; x_wconf 88' lang='lat' dir='ltr'><strong>esi,</strong></span> <span class='ocrx_word' id='word_1_558' title='bbox 662 3879 738 3950; x_wconf 93' lang='lat' dir='ltr'><strong>quod</strong></span> <span class='ocrx_word' id='word_1_559' title='bbox 765 3879 805 3935; x_wconf 86' lang='lat' dir='ltr'><strong>sic</strong></span> <span class='ocrx_word' id='word_1_560' title='bbox 826 3880 988 3936; x_wconf 89' lang='lat' dir='ltr'><strong>concludit:</strong></span> <span class='ocrx_word' id='word_1_561' title='bbox 1043 3881 1132 3932; x_wconf 84' lang='lat' dir='ltr'><strong>torum</strong></span> <span class='ocrx_word' id='word_1_562' title='bbox 1154 3877 1221 3946; x_wconf 65' lang='lat' dir='ltr'><strong>qma</strong></span> <span class='ocrx_word' id='word_1_563' title='bbox 1245 3887 1300 3930; x_wconf 88' lang='lat' dir='ltr'><strong>uon</strong></span> <span class='ocrx_word' id='word_1_564' title='bbox 1319 3878 1358 3929; x_wconf 85' lang='lat' dir='ltr'><strong>est</strong></span> <span class='ocrx_word' id='word_1_565' title='bbox 1385 3873 1530 3929; x_wconf 57' lang='lat' dir='ltr'><strong>&amp;abactio</strong></span> <span class='ocrx_word' id='word_1_566' title='bbox 1557 3876 1641 3929; x_wconf 79' lang='lat' dir='ltr'><strong>morti</strong></span> <span class='ocrx_word' id='word_1_567' title='bbox 1666 3889 1772 3930; x_wconf 78' lang='lat' dir='ltr'><strong>eorum.</strong></span> <span class='ocrx_word' id='word_1_568' title='bbox 1792 3875 1823 3930; x_wconf 93' lang='lat' dir='ltr'><strong>ld</strong></span> <span class='ocrx_word' id='word_1_569' title='bbox 1843 3882 1891 3943; x_wconf 85' lang='lat' dir='ltr'><strong>est,</strong></span> 
     </span>
     <span class='ocr_line' id='line_1_43' title="bbox 143 3961 1894 4040; baseline -0.001 -21"><span class='ocrx_word' id='word_1_570' title='bbox 143 3962 274 4033; x_wconf 87' lang='lat' dir='ltr'><strong>Optantis</strong></span> <span class='ocrx_word' id='word_1_571' title='bbox 286 3969 328 4018; x_wconf 90' lang='lat' dir='ltr'><strong>eet</strong></span> <span class='ocrx_word' id='word_1_572' title='bbox 341 3965 430 4020; x_wconf 89' lang='lat' dir='ltr'><strong>semel</strong></span> <span class='ocrx_word' id='word_1_573' title='bbox 444 3965 549 4037; x_wconf 82' lang='lat' dir='ltr'><strong>dicere,</strong></span> <span class='ocrx_word' id='word_1_574' title='bbox 565 3966 688 4021; x_wconf 89' lang='lat' dir='ltr'><strong>nimium</strong></span> <span class='ocrx_word' id='word_1_575' title='bbox 703 3966 891 4024; x_wconf 88' lang='lat' dir='ltr'><strong>desiderantis</strong></span> <span class='ocrx_word' id='word_1_576' title='bbox 905 3985 989 4040; x_wconf 88' lang='lat' dir='ltr'><strong>repe·</strong></span> <span class='ocrx_word' id='word_1_577' title='bbox 1043 3980 1103 4020; x_wconf 94' lang='lat' dir='ltr'><strong>non</strong></span> <span class='ocrx_word' id='word_1_578' title='bbox 1117 3964 1174 4019; x_wconf 90' lang='lat' dir='ltr'><strong>cito</strong></span> <span class='ocrx_word' id='word_1_579' title='bbox 1190 3963 1365 4031; x_wconf 87' lang='lat' dir='ltr'><strong>moriuntur,</strong></span> <span class='ocrx_word' id='word_1_580' title='bbox 1382 3961 1429 4017; x_wconf 90' lang='lat' dir='ltr'><strong>sed</strong></span> <span class='ocrx_word' id='word_1_581' title='bbox 1440 3961 1489 4016; x_wconf 90' lang='lat' dir='ltr'><strong>diu</strong></span> <span class='ocrx_word' id='word_1_582' title='bbox 1505 3961 1625 4031; x_wconf 77' lang='lat' dir='ltr'><strong>aiaunt3</strong></span> <span class='ocrx_word' id='word_1_583' title='bbox 1652 3961 1707 4018; x_wconf 88' lang='lat' dir='ltr'><strong>etsi</strong></span> <span class='ocrx_word' id='word_1_584' title='bbox 1731 3963 1822 4034; x_wconf 79' lang='lat' dir='ltr'><strong>plage</strong></span> <span class='ocrx_word' id='word_1_585' title='bbox 1848 3963 1894 4018; x_wconf 87' lang='lat' dir='ltr'><strong>ali-</strong></span> 
     </span>
     <span class='ocr_line' id='line_1_44' title="bbox 143 4049 1891 4127; baseline 0.003 -20"><span class='ocrx_word' id='word_1_586' title='bbox 143 4055 216 4107; x_wconf 89' lang='lat' dir='ltr'><strong>tere.</strong></span> <span class='ocrx_word' id='word_1_587' title='bbox 236 4053 321 4117; x_wconf 81' lang='lat' dir='ltr'><strong>Quasi</strong></span> <span class='ocrx_word' id='word_1_588' title='bbox 343 4053 437 4109; x_wconf 85' lang='lat' dir='ltr'><strong>dieat:</strong></span> <span class='ocrx_word' id='word_1_589' title='bbox 466 4054 548 4121; x_wconf 85' lang='lat' dir='ltr'><strong>Quod</strong></span> <span class='ocrx_word' id='word_1_590' title='bbox 562 4056 681 4127; x_wconf 84' lang='lat' dir='ltr'><strong>jussisti,</strong></span> <span class='ocrx_word' id='word_1_591' title='bbox 704 4056 835 4120; x_wconf 88' lang='lat' dir='ltr'><strong>Domine,</strong></span> <span class='ocrx_word' id='word_1_592' title='bbox 862 4058 903 4113; x_wconf 87' lang='lat' dir='ltr'><strong>ite</strong></span> <span class='ocrx_word' id='word_1_593' title='bbox 926 4059 991 4126; x_wconf 84' lang='lat' dir='ltr'><strong>liat,</strong></span> <span class='ocrx_word' id='word_1_594' title='bbox 1044 4052 1233 4122; x_wconf 71' lang='grc'><strong>(1000010000</strong></span> <span class='ocrx_word' id='word_1_595' title='bbox 1260 4049 1355 4119; x_wconf 65' lang='lat' dir='ltr'><strong>firmil,</strong></span> <span class='ocrx_word' id='word_1_596' title='bbox 1381 4053 1415 4104; x_wconf 71' lang='lat' dir='ltr'><strong>ui</strong></span> <span class='ocrx_word' id='word_1_597' title='bbox 1436 4049 1683 4120; x_wconf 67' lang='lat' dir='ltr'><strong>durfliflflssellum</strong></span> <span class='ocrx_word' id='word_1_598' title='bbox 1701 4050 1891 4105; x_wconf 69' lang='lat' dir='ltr'><strong>causationis.</strong></span> 
     </span>
     <span class='ocr_line' id='line_1_45' title="bbox 143 4136 1892 4216; baseline -0.003 -21"><span class='ocrx_word' id='word_1_599' title='bbox 143 4138 204 4206; x_wconf 85' lang='lat' dir='ltr'><strong>liat,</strong></span> <span class='ocrx_word' id='word_1_600' title='bbox 218 4141 399 4211; x_wconf 87' lang='lat' dir='ltr'><strong>donecqnod</strong></span> <span class='ocrx_word' id='word_1_601' title='bbox 413 4142 660 4214; x_wconf 89' lang='lat' dir='ltr'><strong>coepiteflumine</strong></span> <span class='ocrx_word' id='word_1_602' title='bbox 685 4145 833 4216; x_wconf 82' lang='lat' dir='ltr'><strong>perveniet</strong></span> <span class='ocrx_word' id='word_1_603' title='bbox 848 4146 989 4216; x_wconf 88' lang='lat' dir='ltr'><strong>usquead</strong></span> <span class='ocrx_word' id='word_1_604' title='bbox 1044 4142 1079 4196; x_wconf 81' lang='lat' dir='ltr'><strong>iil</strong></span> <span class='ocrx_word' id='word_1_605' title='bbox 1089 4139 1333 4208; x_wconf 73' lang='lat' dir='ltr'><strong>finnomenrnmin</strong></span> <span class='ocrx_word' id='word_1_606' title='bbox 1347 4137 1543 4206; x_wconf 77' lang='lat' dir='ltr'><strong>pingueoaum.</strong></span> <span class='ocrx_word' id='word_1_607' title='bbox 1564 4137 1626 4192; x_wconf 88' lang='lat' dir='ltr'><strong>Non</strong></span> <span class='ocrx_word' id='word_1_608' title='bbox 1651 4136 1809 4194; x_wconf 81' lang='lat' dir='ltr'><strong>miseretur</strong></span> <span class='ocrx_word' id='word_1_609' title='bbox 1822 4139 1892 4194; x_wconf 84' lang='lat' dir='ltr'><strong>Dana</strong></span> 
     </span>
     <span class='ocr_line' id='line_1_46' title="bbox 143 4214 1890 4310; baseline 0.002 -27"><span class='ocrx_word' id='word_1_610' title='bbox 143 4228 283 4284; x_wconf 90' lang='lat' dir='ltr'><strong>terminos</strong></span> <span class='ocrx_word' id='word_1_611' title='bbox 306 4229 384 4285; x_wconf 91' lang='lat' dir='ltr'><strong>orbis</strong></span> <span class='ocrx_word' id='word_1_612' title='bbox 406 4234 499 4286; x_wconf 78' lang='lat' dir='ltr'><strong>terrac.</strong></span> <span class='ocrx_word' id='word_1_613' title='bbox 528 4231 632 4304; x_wconf 75' lang='lat' dir='ltr'><strong>(Dana.)</strong></span> <span class='ocrx_word' id='word_1_614' title='bbox 661 4233 903 4304; x_wconf 78' lang='lat' dir='ltr'><strong>sciendumquod</strong></span> <span class='ocrx_word' id='word_1_615' title='bbox 922 4250 986 4306; x_wconf 90' lang='lat' dir='ltr'><strong>sep·</strong></span> <span class='ocrx_word' id='word_1_616' title='bbox 1001 4255 1024 4310; x_wconf 65' lang='grc' dir='ltr'><strong>ι)</strong></span> <span class='ocrx_word' id='word_1_617' title='bbox 1042 4225 1475 4295; x_wconf 60' lang='grc'><strong>000001000000010800000001</strong></span> <span class='ocrx_word' id='word_1_618' title='bbox 1492 4239 1499 4278; x_wconf 76' lang='lat'>²</span> <span class='ocrx_word' id='word_1_619' title='bbox 1515 4214 1890 4292; x_wconf 66' lang='grc' dir='ltr'><strong>001,οθίωίῙὶωοοώὶοοε</strong></span> 
     </span>
     <span class='ocr_line' id='line_1_47' title="bbox 143 4312 1373 4392; baseline -0.006 -19"><span class='ocrx_word' id='word_1_620' title='bbox 143 4318 320 4389; x_wconf 87' lang='lat' dir='ltr'><strong>tuagesimus</strong></span> <span class='ocrx_word' id='word_1_621' title='bbox 335 4319 445 4391; x_wconf 89' lang='lat' dir='ltr'><strong>primus</strong></span> <span class='ocrx_word' id='word_1_622' title='bbox 469 4323 597 4392; x_wconf 87' lang='lat' dir='ltr'><strong>psalmos</strong></span> <span class='ocrx_word' id='word_1_623' title='bbox 612 4321 730 4377; x_wconf 89' lang='lat' dir='ltr'><strong>secundi</strong></span> <span class='ocrx_word' id='word_1_624' title='bbox 760 4321 827 4378; x_wconf 87' lang='lat' dir='ltr'><strong>libri</strong></span> <span class='ocrx_word' id='word_1_625' title='bbox 842 4322 908 4377; x_wconf 89' lang='lat' dir='ltr'><strong>finis</strong></span> <span class='ocrx_word' id='word_1_626' title='bbox 923 4327 989 4378; x_wconf 89' lang='lat' dir='ltr'><strong>eet:</strong></span> <span class='ocrx_word' id='word_1_627' title='bbox 1043 4315 1090 4372; x_wconf 87' lang='lat' dir='ltr'><strong>cui</strong></span> <span class='ocrx_word' id='word_1_628' title='bbox 1109 4314 1181 4368; x_wconf 87' lang='lat' dir='ltr'><strong>nihil</strong></span> <span class='ocrx_word' id='word_1_629' title='bbox 1195 4312 1373 4385; x_wconf 88' lang='lat' dir='ltr'><strong>prohibetur.</strong></span> 
     </span>
     <span class='ocr_line' id='line_1_48' title="bbox 116 4402 1889 4490; baseline 0.008 -29"><span class='ocrx_word' id='word_1_630' title='bbox 116 4480 122 4490; x_wconf 39' lang='grc' dir='ltr'><strong><em>Ι</em></strong></span> <span class='ocrx_word' id='word_1_631' title='bbox 144 4407 221 4462; x_wconf 89' lang='lat' dir='ltr'><strong>unde</strong></span> <span class='ocrx_word' id='word_1_632' title='bbox 245 4412 273 4462; x_wconf 92' lang='lat' dir='ltr'><strong>et</strong></span> <span class='ocrx_word' id='word_1_633' title='bbox 294 4408 324 4462; x_wconf 94' lang='lat' dir='ltr'><strong>in</strong></span> <span class='ocrx_word' id='word_1_634' title='bbox 347 4413 476 4464; x_wconf 85' lang='lat' dir='ltr'><strong>extremo</strong></span> <span class='ocrx_word' id='word_1_635' title='bbox 500 4410 605 4465; x_wconf 89' lang='lat' dir='ltr'><strong>habet:</strong></span> <span class='ocrx_word' id='word_1_636' title='bbox 630 4409 705 4478; x_wconf 75' lang='lat' dir='ltr'><strong>aur,</strong></span> <span class='ocrx_word' id='word_1_637' title='bbox 730 4410 800 4480; x_wconf 80' lang='lat' dir='ltr'><strong>fiet,</strong></span> <span class='ocrx_word' id='word_1_638' title='bbox 819 4426 944 4484; x_wconf 89' lang='lat' dir='ltr'><strong>proquo</strong></span> <span class='ocrx_word' id='word_1_639' title='bbox 959 4412 990 4467; x_wconf 92' lang='lat' dir='ltr'><strong>in</strong></span> <span class='ocrx_word' id='word_1_640' title='bbox 1079 4405 1157 4459; x_wconf 63' lang='lat' dir='ltr'><strong>Vssts·</strong></span> <span class='ocrx_word' id='word_1_641' title='bbox 1173 4405 1201 4458; x_wconf 75' lang='lat' dir='ltr'><strong>ss·</strong></span> <span class='ocrx_word' id='word_1_642' title='bbox 1220 4432 1257 4444; x_wconf 85' lang='lat'>-</span> <span class='ocrx_word' id='word_1_643' title='bbox 1271 4404 1367 4472; x_wconf 61' lang='lat' dir='ltr'><strong>Olmii</strong></span> <span class='ocrx_word' id='word_1_644' title='bbox 1384 4405 1449 4457; x_wconf 88' lang='lat' dir='ltr'><strong>sunt</strong></span> <span class='ocrx_word' id='word_1_645' title='bbox 1467 4402 1614 4471; x_wconf 67' lang='lat' dir='ltr'><strong>aequate</strong></span> <span class='ocrx_word' id='word_1_646' title='bbox 1631 4406 1658 4456; x_wconf 64' lang='lat' dir='ltr'><strong>‘i</strong></span> <span class='ocrx_word' id='word_1_647' title='bbox 1680 4404 1889 4473; x_wconf 54' lang='lat' dir='ltr'><strong>‘mimium-</strong></span> 
     </span>
     <span class='ocr_line' id='line_1_49' title="bbox 75 4489 1889 4567; baseline 0 -19"><span class='ocrx_word' id='word_1_648' title='bbox 75 4548 78 4553; x_wconf 86' lang='grc'><strong>,</strong></span> <span class='ocrx_word' id='word_1_649' title='bbox 146 4495 263 4550; x_wconf 83' lang='lat' dir='ltr'><strong>Hebraeo</strong></span> <span class='ocrx_word' id='word_1_650' title='bbox 279 4496 513 4567; x_wconf 75' lang='lat' dir='ltr'><strong>diciturzdmen,</strong></span> <span class='ocrx_word' id='word_1_651' title='bbox 529 4514 616 4554; x_wconf 89' lang='lat' dir='ltr'><strong>umen.</strong></span> <span class='ocrx_word' id='word_1_652' title='bbox 1045 4493 1184 4563; x_wconf 60' lang='lat' dir='ltr'><strong>(cistlla</strong></span> <span class='ocrx_word' id='word_1_653' title='bbox 1207 4490 1376 4562; x_wconf 81' lang='lat' dir='ltr'><strong>resipiscant</strong></span> <span class='ocrx_word' id='word_1_654' title='bbox 1392 4505 1399 4544; x_wconf 76' lang='grc' dir='ltr'><em>ι</em></span> <span class='ocrx_word' id='word_1_655' title='bbox 1415 4505 1474 4547; x_wconf 89' lang='lat' dir='ltr'><strong>non</strong></span> <span class='ocrx_word' id='word_1_656' title='bbox 1498 4489 1605 4557; x_wconf 86' lang='lat' dir='ltr'><strong>amicti,</strong></span> <span class='ocrx_word' id='word_1_657' title='bbox 1632 4495 1667 4545; x_wconf 91' lang='lat' dir='ltr'><strong>ut</strong></span> <span class='ocrx_word' id='word_1_658' title='bbox 1696 4492 1742 4546; x_wconf 86' lang='lat' dir='ltr'><strong>ael</strong></span> <span class='ocrx_word' id='word_1_659' title='bbox 1772 4492 1889 4548; x_wconf 85' lang='lat' dir='ltr'><strong>liberum</strong></span> 
     </span>
     <span class='ocr_line' id='line_1_50' title="bbox 180 4577 1545 4659; baseline -0.003 -23"><span class='ocrx_word' id='word_1_660' title='bbox 180 4583 264 4638; x_wconf 80' lang='lat' dir='ltr'><strong>vans.</strong></span> <span class='ocrx_word' id='word_1_661' title='bbox 284 4587 318 4639; x_wconf 82' lang='lat'><strong>20</strong></span> <span class='ocrx_word' id='word_1_662' title='bbox 363 4616 398 4626; x_wconf 93' lang='lat'>—</span> <span class='ocrx_word' id='word_1_663' title='bbox 424 4589 581 4655; x_wconf 69' lang='lat' dir='ltr'><strong>Defecerant</strong></span> <span class='ocrx_word' id='word_1_664' title='bbox 607 4587 710 4643; x_wconf 70' lang='lat' dir='ltr'><strong>Dades.</strong></span> <span class='ocrx_word' id='word_1_665' title='bbox 740 4587 803 4659; x_wconf 87' lang='lat' dir='ltr'><strong>(ln.)</strong></span> <span class='ocrx_word' id='word_1_666' title='bbox 834 4588 925 4643; x_wconf 82' lang='lat' dir='ltr'><strong>Etiam</strong></span> <span class='ocrx_word' id='word_1_667' title='bbox 938 4589 992 4644; x_wconf 80' lang='lat' dir='ltr'><strong>hoc</strong></span> <span class='ocrx_word' id='word_1_668' title='bbox 1043 4586 1131 4652; x_wconf 87' lang='lat' dir='ltr'><strong>eaput</strong></span> <span class='ocrx_word' id='word_1_669' title='bbox 1148 4579 1297 4644; x_wconf 86' lang='lat' dir='ltr'><strong>haberent,</strong></span> <span class='ocrx_word' id='word_1_670' title='bbox 1311 4578 1360 4633; x_wconf 92' lang='lat' dir='ltr'><strong>sed</strong></span> <span class='ocrx_word' id='word_1_671' title='bbox 1374 4577 1428 4633; x_wconf 91' lang='lat' dir='ltr'><strong>toti</strong></span> <span class='ocrx_word' id='word_1_672' title='bbox 1442 4577 1545 4649; x_wconf 87' lang='lat' dir='ltr'><strong>operti.</strong></span> 
     </span>
     <span class='ocr_line' id='line_1_51' title="bbox 145 4665 1889 4747; baseline 0.009 -20"><span class='ocrx_word' id='word_1_673' title='bbox 145 4671 311 4744; x_wconf 88' lang='lat' dir='ltr'><strong>diligentius</strong></span> <span class='ocrx_word' id='word_1_674' title='bbox 327 4674 535 4731; x_wconf 80' lang='lat' dir='ltr'><strong>observandum</strong></span> <span class='ocrx_word' id='word_1_675' title='bbox 551 4679 602 4736; x_wconf 84' lang='lat' dir='ltr'><strong>est,</strong></span> <span class='ocrx_word' id='word_1_676' title='bbox 618 4676 696 4747; x_wconf 90' lang='lat' dir='ltr'><strong>quod</strong></span> <span class='ocrx_word' id='word_1_677' title='bbox 706 4676 778 4732; x_wconf 89' lang='lat' dir='ltr'><strong>illud</strong></span> <span class='ocrx_word' id='word_1_678' title='bbox 795 4692 802 4732; x_wconf 92' lang='lat'>:</span> <span class='ocrx_word' id='word_1_679' title='bbox 830 4678 992 4744; x_wconf 71' lang='lat' dir='ltr'><strong>Defecerant</strong></span> <span class='ocrx_word' id='word_1_680' title='bbox 1080 4669 1161 4723; x_wconf 68' lang='lat' dir='ltr'><strong>Vm·</strong></span> <span class='ocrx_word' id='word_1_681' title='bbox 1173 4672 1201 4722; x_wconf 87' lang='lat'><strong>7·</strong></span> <span class='ocrx_word' id='word_1_682' title='bbox 1217 4699 1251 4707; x_wconf 89' lang='lat'><em>-</em></span> <span class='ocrx_word' id='word_1_683' title='bbox 1263 4667 1371 4723; x_wconf 63' lang='lat' dir='ltr'><strong>Pr⁰d⁸⁴ii</strong></span> <span class='ocrx_word' id='word_1_684' title='bbox 1385 4670 1475 4738; x_wconf 80' lang='lat' dir='ltr'><strong>quusi,</strong></span> <span class='ocrx_word' id='word_1_685' title='bbox 1495 4670 1553 4722; x_wconf 79' lang='lat' dir='ltr'><strong>etc·</strong></span> <span class='ocrx_word' id='word_1_686' title='bbox 1575 4665 1669 4739; x_wconf 76' lang='lat' dir='ltr'><strong>(Aac.)</strong></span> <span class='ocrx_word' id='word_1_687' title='bbox 1689 4667 1767 4724; x_wconf 65' lang='lat' dir='ltr'><strong>simi</strong></span> <span class='ocrx_word' id='word_1_688' title='bbox 1779 4669 1889 4741; x_wconf 61' lang='lat' dir='ltr'><strong>(lilim</strong></span> 
     </span>
     <span class='ocr_line' id='line_1_52' title="bbox 145 4755 1890 4837; baseline -0.002 -22"><span class='ocrx_word' id='word_1_689' title='bbox 145 4760 241 4830; x_wconf 74' lang='lat' dir='ltr'><strong>tymni</strong></span> <span class='ocrx_word' id='word_1_690' title='bbox 257 4763 349 4817; x_wconf 81' lang='lat' dir='ltr'><strong>Dauid</strong></span> <span class='ocrx_word' id='word_1_691' title='bbox 356 4762 417 4832; x_wconf 75' lang='lat' dir='ltr'><strong>filia·</strong></span> <span class='ocrx_word' id='word_1_692' title='bbox 429 4766 510 4831; x_wconf 74' lang='lat' dir='ltr'><strong>iesse,</strong></span> <span class='ocrx_word' id='word_1_693' title='bbox 525 4765 561 4819; x_wconf 89' lang='lat' dir='ltr'><strong>ad</strong></span> <span class='ocrx_word' id='word_1_694' title='bbox 576 4764 664 4820; x_wconf 85' lang='lat' dir='ltr'><strong>linem</strong></span> <span class='ocrx_word' id='word_1_695' title='bbox 684 4764 890 4835; x_wconf 88' lang='lat' dir='ltr'><strong>septuagesimi</strong></span> <span class='ocrx_word' id='word_1_696' title='bbox 903 4763 993 4837; x_wconf 91' lang='lat' dir='ltr'><strong>primi</strong></span> <span class='ocrx_word' id='word_1_697' title='bbox 1045 4757 1114 4813; x_wconf 70' lang='lat' dir='ltr'><strong>muli</strong></span> <span class='ocrx_word' id='word_1_698' title='bbox 1129 4774 1162 4812; x_wconf 79' lang='lat'><strong>0¹</strong></span> <span class='ocrx_word' id='word_1_699' title='bbox 1177 4757 1279 4820; x_wconf 75' lang='grc' dir='ltr'><strong>010οἰ0,</strong></span> <span class='ocrx_word' id='word_1_700' title='bbox 1296 4757 1324 4811; x_wconf 90' lang='lat' dir='ltr'><strong>id</strong></span> <span class='ocrx_word' id='word_1_701' title='bbox 1339 4760 1391 4825; x_wconf 86' lang='lat' dir='ltr'><strong>est,</strong></span> <span class='ocrx_word' id='word_1_702' title='bbox 1414 4755 1581 4812; x_wconf 85' lang='lat' dir='ltr'><strong>necessitate</strong></span> <span class='ocrx_word' id='word_1_703' title='bbox 1596 4772 1603 4811; x_wconf 92' lang='lat'><strong>:</strong></span> <span class='ocrx_word' id='word_1_704' title='bbox 1620 4755 1670 4812; x_wconf 90' lang='lat' dir='ltr'><strong>alii</strong></span> <span class='ocrx_word' id='word_1_705' title='bbox 1692 4772 1729 4813; x_wconf 84' lang='lat' dir='ltr'><strong>ex</strong></span> <span class='ocrx_word' id='word_1_706' title='bbox 1748 4758 1890 4815; x_wconf 82' lang='lat' dir='ltr'><strong>abnndan-</strong></span> 
     </span>
     <span class='ocr_line' id='line_1_53' title="bbox 145 4844 1888 4929; baseline -0.005 -25"><span class='ocrx_word' id='word_1_707' title='bbox 145 4849 249 4920; x_wconf 87' lang='lat' dir='ltr'><strong>psalmi</strong></span> <span class='ocrx_word' id='word_1_708' title='bbox 266 4851 416 4920; x_wconf 86' lang='lat' dir='ltr'><strong>pertineat</strong></span> <span class='ocrx_word' id='word_1_709' title='bbox 449 4852 478 4906; x_wconf 93' lang='lat' dir='ltr'><strong>ld</strong></span> <span class='ocrx_word' id='word_1_710' title='bbox 505 4867 570 4907; x_wconf 83' lang='lat' dir='ltr'><strong>vero</strong></span> <span class='ocrx_word' id='word_1_711' title='bbox 596 4852 673 4924; x_wconf 91' lang='lat' dir='ltr'><strong>quod</strong></span> <span class='ocrx_word' id='word_1_712' title='bbox 698 4852 829 4929; x_wconf 88' lang='lat' dir='ltr'><strong>sequitur</strong></span> <span class='ocrx_word' id='word_1_713' title='bbox 844 4868 851 4908; x_wconf 93' lang='lat'><strong>:</strong></span> <span class='ocrx_word' id='word_1_714' title='bbox 867 4854 992 4909; x_wconf 81' lang='lat' dir='ltr'><strong>Paclmua</strong></span> <span class='ocrx_word' id='word_1_715' title='bbox 1044 4847 1095 4914; x_wconf 91' lang='lat' dir='ltr'><strong>tia,</strong></span> <span class='ocrx_word' id='word_1_716' title='bbox 1110 4850 1142 4900; x_wconf 84' lang='lat' dir='ltr'><strong>ut</strong></span> <span class='ocrx_word' id='word_1_717' title='bbox 1155 4860 1266 4917; x_wconf 88' lang='lat' dir='ltr'><strong>pauper</strong></span> <span class='ocrx_word' id='word_1_718' title='bbox 1280 4849 1405 4917; x_wconf 88' lang='lat' dir='ltr'><strong>egestate</strong></span> <span class='ocrx_word' id='word_1_719' title='bbox 1420 4844 1542 4911; x_wconf 85' lang='lat' dir='ltr'><strong>iuratur,</strong></span> <span class='ocrx_word' id='word_1_720' title='bbox 1573 4844 1652 4899; x_wconf 84' lang='lat' dir='ltr'><strong>divos</strong></span> <span class='ocrx_word' id='word_1_721' title='bbox 1678 4845 1888 4919; x_wconf 79' lang='lat' dir='ltr'><strong>excupiditate.</strong></span> 
     </span>
     <span class='ocr_line' id='line_1_54' title="bbox 144 4932 1685 5012; baseline -0.003 -19"><span class='ocrx_word' id='word_1_722' title='bbox 144 4939 256 5009; x_wconf 78' lang='lat' dir='ltr'><strong>Asopia,</strong></span> <span class='ocrx_word' id='word_1_723' title='bbox 266 4938 382 4994; x_wconf 91' lang='lat' dir='ltr'><strong>initium</strong></span> <span class='ocrx_word' id='word_1_724' title='bbox 397 4939 433 4994; x_wconf 88' lang='lat' dir='ltr'><strong>eit</strong></span> <span class='ocrx_word' id='word_1_725' title='bbox 447 4940 604 5012; x_wconf 86' lang='lat' dir='ltr'><strong>sequentis.</strong></span> <span class='ocrx_word' id='word_1_726' title='bbox 1047 4937 1230 4993; x_wconf 73' lang='lat' dir='ltr'><strong>Transierunt.</strong></span> <span class='ocrx_word' id='word_1_727' title='bbox 1240 4933 1325 5006; x_wconf 86' lang='lat' dir='ltr'><strong>(Ces.)</strong></span> <span class='ocrx_word' id='word_1_728' title='bbox 1341 4933 1426 4998; x_wconf 81' lang='lat' dir='ltr'><strong>Quasi</strong></span> <span class='ocrx_word' id='word_1_729' title='bbox 1441 4932 1553 4988; x_wconf 88' lang='lat' dir='ltr'><strong>areclis</strong></span> <span class='ocrx_word' id='word_1_730' title='bbox 1567 4932 1685 4990; x_wconf 82' lang='lat' dir='ltr'><strong>semitis.</strong></span> 
     </span>
     <span class='ocr_line' id='line_1_55' title="bbox 182 5020 1891 5098; baseline -0.003 -16"><span class='ocrx_word' id='word_1_731' title='bbox 182 5028 310 5098; x_wconf 81' lang='lat' dir='ltr'><strong>Hymnus</strong></span> <span class='ocrx_word' id='word_1_732' title='bbox 335 5027 391 5082; x_wconf 89' lang='lat' dir='ltr'><strong>trie</strong></span> <span class='ocrx_word' id='word_1_733' title='bbox 418 5028 524 5083; x_wconf 89' lang='lat' dir='ltr'><strong>habet:</strong></span> <span class='ocrx_word' id='word_1_734' title='bbox 551 5027 665 5083; x_wconf 87' lang='lat' dir='ltr'><strong>laudem</strong></span> <span class='ocrx_word' id='word_1_735' title='bbox 691 5026 741 5082; x_wconf 92' lang='lat' dir='ltr'><strong>Dei</strong></span> <span class='ocrx_word' id='word_1_736' title='bbox 767 5043 834 5083; x_wconf 90' lang='lat' dir='ltr'><strong>cum</strong></span> <span class='ocrx_word' id='word_1_737' title='bbox 861 5027 990 5084; x_wconf 86' lang='lat' dir='ltr'><strong>cantico:</strong></span> <span class='ocrx_word' id='word_1_738' title='bbox 1080 5025 1163 5079; x_wconf 83' lang='lat' dir='ltr'><strong>Vens.</strong></span> <span class='ocrx_word' id='word_1_739' title='bbox 1193 5025 1221 5080; x_wconf 89' lang='lat'><strong>8.</strong></span> <span class='ocrx_word' id='word_1_740' title='bbox 1246 5051 1283 5065; x_wconf 95' lang='lat'>-</span> <span class='ocrx_word' id='word_1_741' title='bbox 1297 5023 1334 5077; x_wconf 88' lang='lat' dir='ltr'><strong>In</strong></span> <span class='ocrx_word' id='word_1_742' title='bbox 1361 5022 1471 5077; x_wconf 68' lang='lat' dir='ltr'><strong>mulso.</strong></span> <span class='ocrx_word' id='word_1_743' title='bbox 1498 5020 1588 5091; x_wconf 78' lang='lat' dir='ltr'><strong>(Auel</strong></span> <span class='ocrx_word' id='word_1_744' title='bbox 1614 5021 1714 5078; x_wconf 86' lang='lat' dir='ltr'><strong>Palem</strong></span> <span class='ocrx_word' id='word_1_745' title='bbox 1739 5023 1772 5079; x_wconf 91' lang='lat' dir='ltr'><strong>in</strong></span> <span class='ocrx_word' id='word_1_746' title='bbox 1806 5021 1891 5079; x_wconf 85' lang='lat' dir='ltr'><strong>mani·</strong></span> 
     </span>
     <span class='ocr_line' id='line_1_56' title="bbox 146 5110 1606 5190; baseline -0.003 -19"><span class='ocrx_word' id='word_1_747' title='bbox 146 5115 290 5172; x_wconf 88' lang='lat' dir='ltr'><strong>nisienim</strong></span> <span class='ocrx_word' id='word_1_748' title='bbox 305 5120 437 5172; x_wconf 89' lang='lat' dir='ltr'><strong>cantetur</strong></span> <span class='ocrx_word' id='word_1_749' title='bbox 454 5117 594 5185; x_wconf 88' lang='lat' dir='ltr'><strong>hilariter,</strong></span> <span class='ocrx_word' id='word_1_750' title='bbox 611 5135 671 5173; x_wconf 94' lang='lat' dir='ltr'><strong>non</strong></span> <span class='ocrx_word' id='word_1_751' title='bbox 697 5123 741 5173; x_wconf 89' lang='lat' dir='ltr'><strong>est</strong></span> <span class='ocrx_word' id='word_1_752' title='bbox 767 5118 911 5190; x_wconf 89' lang='lat' dir='ltr'><strong>hymnus:</strong></span> <span class='ocrx_word' id='word_1_753' title='bbox 933 5134 993 5173; x_wconf 92' lang='lat' dir='ltr'><strong>non</strong></span> <span class='ocrx_word' id='word_1_754' title='bbox 1044 5115 1137 5171; x_wconf 85' lang='lat' dir='ltr'><strong>iesto:</strong></span> <span class='ocrx_word' id='word_1_755' title='bbox 1158 5113 1202 5168; x_wconf 83' lang='lat' dir='ltr'><strong>ael</strong></span> <span class='ocrx_word' id='word_1_756' title='bbox 1217 5116 1317 5168; x_wconf 91' lang='lat' dir='ltr'><strong>contra</strong></span> <span class='ocrx_word' id='word_1_757' title='bbox 1332 5110 1606 5182; x_wconf 88' lang='lat' dir='ltr'><strong>Deusblasphemat.</strong></span> 
     </span>
     <span class='ocr_line' id='line_1_57' title="bbox 145 5198 1889 5278; baseline -0.005 -17"><span class='ocrx_word' id='word_1_758' title='bbox 145 5209 242 5261; x_wconf 87' lang='lat' dir='ltr'><strong>cantat</strong></span> <span class='ocrx_word' id='word_1_759' title='bbox 255 5205 412 5278; x_wconf 88' lang='lat' dir='ltr'><strong>eutemqui</strong></span> <span class='ocrx_word' id='word_1_760' title='bbox 434 5222 493 5261; x_wconf 93' lang='lat' dir='ltr'><strong>non</strong></span> <span class='ocrx_word' id='word_1_761' title='bbox 518 5211 608 5265; x_wconf 90' lang='lat' dir='ltr'><strong>emet.</strong></span> <span class='ocrx_word' id='word_1_762' title='bbox 632 5206 661 5262; x_wconf 81' lang='lat' dir='ltr'><strong>si</strong></span> <span class='ocrx_word' id='word_1_763' title='bbox 675 5207 713 5262; x_wconf 90' lang='lat' dir='ltr'><strong>sit</strong></span> <span class='ocrx_word' id='word_1_764' title='bbox 726 5207 797 5275; x_wconf 87' lang='lat' dir='ltr'><strong>leue,</strong></span> <span class='ocrx_word' id='word_1_765' title='bbox 822 5210 850 5262; x_wconf 93' lang='lat' dir='ltr'><strong>et</strong></span> <span class='ocrx_word' id='word_1_766' title='bbox 877 5210 994 5261; x_wconf 89' lang='lat' dir='ltr'><strong>nonest</strong></span> <span class='ocrx_word' id='word_1_767' title='bbox 1075 5204 1156 5258; x_wconf 88' lang='lat' dir='ltr'><strong>Vaes.</strong></span> <span class='ocrx_word' id='word_1_768' title='bbox 1173 5205 1199 5257; x_wconf 80' lang='grc'><strong>9.</strong></span> <span class='ocrx_word' id='word_1_769' title='bbox 1221 5232 1254 5243; x_wconf 92' lang='grc'><strong>-</strong></span> <span class='ocrx_word' id='word_1_770' title='bbox 1268 5203 1305 5257; x_wconf 92' lang='lat' dir='ltr'><strong>In</strong></span> <span class='ocrx_word' id='word_1_771' title='bbox 1320 5202 1423 5257; x_wconf 84' lang='lat' dir='ltr'><strong>culum.</strong></span> <span class='ocrx_word' id='word_1_772' title='bbox 1452 5199 1569 5277; x_wconf 67' lang='lat' dir='ltr'><strong>(laide</strong></span> <span class='ocrx_word' id='word_1_773' title='bbox 1596 5199 1621 5255; x_wconf 89' lang='lat' dir='ltr'><strong>si</strong></span> <span class='ocrx_word' id='word_1_774' title='bbox 1635 5198 1677 5255; x_wconf 89' lang='lat' dir='ltr'><strong>dii</strong></span> <span class='ocrx_word' id='word_1_775' title='bbox 1701 5205 1817 5267; x_wconf 86' lang='lat' dir='ltr'><strong>essent;</strong></span> <span class='ocrx_word' id='word_1_776' title='bbox 1841 5199 1889 5265; x_wconf 81' lang='lat' dir='ltr'><strong>acl,</strong></span> 
     </span>
     <span class='ocr_line' id='line_1_58' title="bbox 146 5287 1889 5365; baseline -0.003 -17"><span class='ocrx_word' id='word_1_777' title='bbox 146 5293 208 5361; x_wconf 90' lang='lat' dir='ltr'><strong>Dei,</strong></span> <span class='ocrx_word' id='word_1_778' title='bbox 228 5309 285 5347; x_wconf 94' lang='lat' dir='ltr'><strong>non</strong></span> <span class='ocrx_word' id='word_1_779' title='bbox 299 5293 576 5365; x_wconf 76' lang='lat' dir='ltr'><strong>eathymnuseetsi</strong></span> <span class='ocrx_word' id='word_1_780' title='bbox 597 5295 635 5350; x_wconf 88' lang='lat' dir='ltr'><strong>sit</strong></span> <span class='ocrx_word' id='word_1_781' title='bbox 650 5294 711 5364; x_wconf 91' lang='lat' dir='ltr'><strong>Dei,</strong></span> <span class='ocrx_word' id='word_1_782' title='bbox 726 5299 755 5350; x_wconf 89' lang='lat' dir='ltr'><strong>et</strong></span> <span class='ocrx_word' id='word_1_783' title='bbox 770 5311 829 5349; x_wconf 93' lang='lat' dir='ltr'><strong>non</strong></span> <span class='ocrx_word' id='word_1_784' title='bbox 844 5308 910 5350; x_wconf 89' lang='lat' dir='ltr'><strong>cum</strong></span> <span class='ocrx_word' id='word_1_785' title='bbox 924 5308 992 5348; x_wconf 89' lang='lat' dir='ltr'><strong>can·</strong></span> <span class='ocrx_word' id='word_1_786' title='bbox 1045 5297 1145 5347; x_wconf 83' lang='lat' dir='ltr'><strong>contm</strong></span> <span class='ocrx_word' id='word_1_787' title='bbox 1160 5292 1261 5358; x_wconf 84' lang='lat' dir='ltr'><strong>Deum,</strong></span> <span class='ocrx_word' id='word_1_788' title='bbox 1290 5302 1377 5362; x_wconf 85' lang='lat' dir='ltr'><strong>quem</strong></span> <span class='ocrx_word' id='word_1_789' title='bbox 1403 5289 1612 5360; x_wconf 87' lang='lat' dir='ltr'><strong>blasphement,</strong></span> <span class='ocrx_word' id='word_1_790' title='bbox 1641 5287 1790 5344; x_wconf 87' lang='lat' dir='ltr'><strong>dicentes:</strong></span> <span class='ocrx_word' id='word_1_791' title='bbox 1808 5290 1889 5345; x_wconf 66' lang='lat' dir='ltr'><strong>mam</strong></span> 
     </span>
     <span class='ocr_line' id='line_1_59' title="bbox 146 5375 1889 5454; baseline -0.001 -19"><span class='ocrx_word' id='word_1_792' title='bbox 146 5380 213 5449; x_wconf 88' lang='lat' dir='ltr'><strong>tico,</strong></span> <span class='ocrx_word' id='word_1_793' title='bbox 228 5397 287 5436; x_wconf 93' lang='lat' dir='ltr'><strong>non</strong></span> <span class='ocrx_word' id='word_1_794' title='bbox 301 5382 434 5454; x_wconf 82' lang='lat' dir='ltr'><strong>hymnus.</strong></span> <span class='ocrx_word' id='word_1_795' title='bbox 444 5385 549 5439; x_wconf 83' lang='lat' dir='ltr'><strong>Praeter</strong></span> <span class='ocrx_word' id='word_1_796' title='bbox 562 5383 678 5438; x_wconf 86' lang='lat' dir='ltr'><strong>solitum</strong></span> <span class='ocrx_word' id='word_1_797' title='bbox 693 5383 789 5439; x_wconf 93' lang='lat' dir='ltr'><strong>addit:</strong></span> <span class='ocrx_word' id='word_1_798' title='bbox 814 5384 881 5439; x_wconf 82' lang='lat' dir='ltr'><strong>Filii</strong></span> <span class='ocrx_word' id='word_1_799' title='bbox 892 5384 991 5449; x_wconf 59' lang='lat' dir='ltr'><strong>desem</strong></span> <span class='ocrx_word' id='word_1_800' title='bbox 1045 5381 1089 5436; x_wconf 84' lang='lat' dir='ltr'><strong>vel</strong></span> <span class='ocrx_word' id='word_1_801' title='bbox 1105 5379 1212 5435; x_wconf 87' lang='lat' dir='ltr'><strong>nescire</strong></span> <span class='ocrx_word' id='word_1_802' title='bbox 1227 5395 1279 5434; x_wconf 86' lang='lat' dir='ltr'><strong>sua</strong></span> <span class='ocrx_word' id='word_1_803' title='bbox 1292 5378 1377 5444; x_wconf 89' lang='lat' dir='ltr'><strong>mala,</strong></span> <span class='ocrx_word' id='word_1_804' title='bbox 1394 5379 1439 5432; x_wconf 83' lang='lat' dir='ltr'><strong>ael</strong></span> <span class='ocrx_word' id='word_1_805' title='bbox 1461 5393 1518 5433; x_wconf 95' lang='lat' dir='ltr'><strong>non</strong></span> <span class='ocrx_word' id='word_1_806' title='bbox 1543 5375 1658 5450; x_wconf 89' lang='lat' dir='ltr'><strong>pnnire.</strong></span> <span class='ocrx_word' id='word_1_807' title='bbox 1680 5377 1794 5446; x_wconf 68' lang='lat' dir='ltr'><strong>Langen</strong></span> <span class='ocrx_word' id='word_1_808' title='bbox 1809 5383 1889 5434; x_wconf 68' lang='lat' dir='ltr'><strong>acar</strong></span> 
     </span>
     <span class='ocr_line' id='line_1_60' title="bbox 147 5463 1891 5543; baseline -0.001 -19"><span class='ocrx_word' id='word_1_809' title='bbox 147 5468 235 5524; x_wconf 85' lang='lat' dir='ltr'><strong>David</strong></span> <span class='ocrx_word' id='word_1_810' title='bbox 251 5470 326 5524; x_wconf 91' lang='lat' dir='ltr'><strong>enim</strong></span> <span class='ocrx_word' id='word_1_811' title='bbox 346 5471 444 5538; x_wconf 90' lang='lat' dir='ltr'><strong>homo,</strong></span> <span class='ocrx_word' id='word_1_812' title='bbox 461 5470 578 5543; x_wconf 90' lang='lat' dir='ltr'><strong>quidem</strong></span> <span class='ocrx_word' id='word_1_813' title='bbox 606 5470 683 5526; x_wconf 84' lang='lat' dir='ltr'><strong>lilius</strong></span> <span class='ocrx_word' id='word_1_814' title='bbox 709 5471 796 5540; x_wconf 86' lang='lat' dir='ltr'><strong>iesse,</strong></span> <span class='ocrx_word' id='word_1_815' title='bbox 819 5470 948 5543; x_wconf 84' lang='lat' dir='ltr'><strong>regnavit</strong></span> <span class='ocrx_word' id='word_1_816' title='bbox 961 5468 993 5526; x_wconf 89' lang='lat' dir='ltr'><strong>in</strong></span> <span class='ocrx_word' id='word_1_817' title='bbox 1045 5470 1096 5527; x_wconf 79' lang='lat' dir='ltr'><strong>sou</strong></span> <span class='ocrx_word' id='word_1_818' title='bbox 1109 5483 1191 5539; x_wconf 80' lang='lat' dir='ltr'><strong>super</strong></span> <span class='ocrx_word' id='word_1_819' title='bbox 1204 5470 1379 5537; x_wconf 61' lang='lat' dir='ltr'><strong>terrmetc.</strong></span> <span class='ocrx_word' id='word_1_820' title='bbox 1401 5464 1463 5539; x_wconf 87' lang='lat' dir='ltr'><strong>(ln.)</strong></span> <span class='ocrx_word' id='word_1_821' title='bbox 1479 5465 1549 5531; x_wconf 77' lang='lat' dir='ltr'><strong>Duae</strong></span> <span class='ocrx_word' id='word_1_822' title='bbox 1573 5463 1650 5520; x_wconf 74' lang='lat' dir='ltr'><strong>ullae</strong></span> <span class='ocrx_word' id='word_1_823' title='bbox 1662 5478 1832 5523; x_wconf 79' lang='lat' dir='ltr'><strong>memnram</strong></span> <span class='ocrx_word' id='word_1_824' title='bbox 1844 5466 1891 5523; x_wconf 89' lang='lat' dir='ltr'><strong>bu·</strong></span> 
     </span>
    </p>
   </div>
   <div class='ocr_carea' id='block_1_6' title="bbox 0 0 1960 6100">
    <p class='ocr_par' dir='ltr' id='par_1_11' title="bbox 0 0 1960 6100">
     <span class='ocr_line' id='line_1_61' title="bbox 0 0 1960 6100; baseline 0 0"><span class='ocrx_word' id='word_1_825' title='bbox 0 0 1960 6100; x_wconf 95' lang='lat' dir='ltr'><strong> </strong></span> 
     </span>
    </p>
   </div>
  </div>
 </body>
</html>
