<?xml version="1.0" encoding="UTF-8"?>
<!DOCTYPE html PUBLIC "-//W3C//DTD XHTML 1.0 Transitional//EN"
    "http://www.w3.org/TR/xhtml1/DTD/xhtml1-transitional.dtd">
<html xmlns="http://www.w3.org/1999/xhtml" xml:lang="en" lang="en">
 <head>
  <title>
</title>
<meta http-equiv="Content-Type" content="text/html;charset=utf-8" />
  <meta name='ocr-system' content='tesseract 3.04.00' />
  <meta name='ocr-capabilities' content='ocr_page ocr_carea ocr_par ocr_line ocrx_word'/>
</head>
<body>
  <div class='ocr_page' id='page_1' title='image "./patrologiaecurs04migngoog_0518.png"; bbox 0 0 3892 6106; ppageno 0'>
   <div class='ocr_carea' id='block_1_1' title="bbox 90 220 1850 289">
    <p class='ocr_par' dir='ltr' id='par_1_1' title="bbox 90 220 1850 289">
     <span class='ocr_line' id='line_1_1' title="bbox 90 220 1850 289; baseline 0.006 -14"><span class='ocrx_word' id='word_1_1' title='bbox 90 222 163 275; x_wconf 74' lang='lat' dir='ltr'>toas</span> <span class='ocrx_word' id='word_1_2' title='bbox 651 222 779 277; x_wconf 78' lang='lat' dir='ltr'>ctossu</span> <span class='ocrx_word' id='word_1_3' title='bbox 798 220 996 277; x_wconf 83' lang='lat' dir='ltr'>ottullutulll.</span> <span class='ocrx_word' id='word_1_4' title='bbox 1018 253 1051 263; x_wconf 97' lang='lat'>-</span> <span class='ocrx_word' id='word_1_5' title='bbox 1074 224 1139 279; x_wconf 78' lang='grc' dir='ltr'>ΗΒ.</span> <span class='ocrx_word' id='word_1_6' title='bbox 1162 225 1284 280; x_wconf 79' lang='lat' dir='ltr'>Psatll.</span> <span class='ocrx_word' id='word_1_7' title='bbox 1781 232 1850 289; x_wconf 78' lang='lat' dir='ltr'>loru</span> 
     </span>
    </p>
   </div>
   <div class='ocr_carea' id='block_1_2' title="bbox 90 342 1851 1044">
    <p class='ocr_par' dir='ltr' id='par_1_2' title="bbox 90 342 1851 421">
     <span class='ocr_line' id='line_1_2' title="bbox 90 342 1851 421; baseline 0.008 -24"><span class='ocrx_word' id='word_1_8' title='bbox 90 344 162 415; x_wconf 89' lang='lat' dir='ltr'>quia</span> <span class='ocrx_word' id='word_1_9' title='bbox 177 345 305 398; x_wconf 90' lang='lat' dir='ltr'>serviunt</span> <span class='ocrx_word' id='word_1_10' title='bbox 318 342 453 410; x_wconf 88' lang='lat' dir='ltr'>inimicis,</span> <span class='ocrx_word' id='word_1_11' title='bbox 471 343 549 415; x_wconf 92' lang='lat' dir='ltr'>quod</span> <span class='ocrx_word' id='word_1_12' title='bbox 563 342 680 398; x_wconf 89' lang='lat' dir='ltr'>dillicile</span> <span class='ocrx_word' id='word_1_13' title='bbox 694 344 807 410; x_wconf 72' lang='lat' dir='ltr'>estour‘</span> <span class='ocrx_word' id='word_1_14' title='bbox 822 344 986 400; x_wconf 75' lang='lat' dir='ltr'>oderuntd</span> <span class='ocrx_word' id='word_1_15' title='bbox 1042 347 1125 402; x_wconf 78' lang='lat' dir='ltr'>Vsus.</span> <span class='ocrx_word' id='word_1_16' title='bbox 1167 349 1191 402; x_wconf 84' lang='lat'>5.</span> <span class='ocrx_word' id='word_1_17' title='bbox 1219 377 1255 388; x_wconf 98' lang='lat'><em>-</em></span> <span class='ocrx_word' id='word_1_18' title='bbox 1280 351 1447 405; x_wconf 77' lang='lat' dir='ltr'>Esurimtes.</span> <span class='ocrx_word' id='word_1_19' title='bbox 1478 350 1573 421; x_wconf 82' lang='lat' dir='ltr'>(Auo.)</span> <span class='ocrx_word' id='word_1_20' title='bbox 1599 351 1731 408; x_wconf 82' lang='lat' dir='ltr'>Curinsos</span> <span class='ocrx_word' id='word_1_21' title='bbox 1753 356 1851 411; x_wconf 73' lang='lat' dir='ltr'>saeculi</span> 
     </span>
    </p>

    <p class='ocr_par' dir='ltr' id='par_1_3' title="bbox 91 429 1850 592">
     <span class='ocr_line' id='line_1_3' title="bbox 91 429 1850 515; baseline 0.007 -29"><span class='ocrx_word' id='word_1_22' title='bbox 91 432 183 486; x_wconf 87' lang='lat' dir='ltr'>Grave</span> <span class='ocrx_word' id='word_1_23' title='bbox 198 432 352 486; x_wconf 79' lang='lat' dir='ltr'>estservire</span> <span class='ocrx_word' id='word_1_24' title='bbox 366 432 485 497; x_wconf 90' lang='lat' dir='ltr'>ollenso,</span> <span class='ocrx_word' id='word_1_25' title='bbox 497 432 547 503; x_wconf 91' lang='lat' dir='ltr'>qui</span> <span class='ocrx_word' id='word_1_26' title='bbox 562 433 643 486; x_wconf 92' lang='lat' dir='ltr'>nullo</span> <span class='ocrx_word' id='word_1_27' title='bbox 652 432 780 502; x_wconf 87' lang='lat' dir='ltr'>placatur</span> <span class='ocrx_word' id='word_1_28' title='bbox 795 433 944 505; x_wconf 89' lang='lat' dir='ltr'>obsequio.</span> <span class='ocrx_word' id='word_1_29' title='bbox 1000 433 1151 504; x_wconf 88' lang='lat' dir='ltr'>signifieat,</span> <span class='ocrx_word' id='word_1_30' title='bbox 1169 436 1219 507; x_wconf 92' lang='lat' dir='ltr'>qui</span> <span class='ocrx_word' id='word_1_31' title='bbox 1238 437 1387 491; x_wconf 88' lang='lat' dir='ltr'>veritatem</span> <span class='ocrx_word' id='word_1_32' title='bbox 1411 429 1529 492; x_wconf 82' lang='lat' dir='ltr'>divorsis</span> <span class='ocrx_word' id='word_1_33' title='bbox 1544 439 1731 510; x_wconf 82' lang='lat' dir='ltr'>opinionibus</span> <span class='ocrx_word' id='word_1_34' title='bbox 1747 444 1850 515; x_wconf 79' lang='lat' dir='ltr'>exqui-</span> 
     </span>
     <span class='ocr_line' id='line_1_4' title="bbox 143 520 1850 592; baseline 0.009 -21"><span class='ocrx_word' id='word_1_35' title='bbox 143 521 223 573; x_wconf 87' lang='lat' dir='ltr'>Veus.</span> <span class='ocrx_word' id='word_1_36' title='bbox 241 522 285 574; x_wconf 76' lang='lat' dir='ltr'>lb.</span> <span class='ocrx_word' id='word_1_37' title='bbox 303 551 336 560; x_wconf 91' lang='lat'>-</span> <span class='ocrx_word' id='word_1_38' title='bbox 365 521 440 589; x_wconf 76' lang='lat' dir='ltr'>Saepe</span> <span class='ocrx_word' id='word_1_39' title='bbox 463 520 601 576; x_wconf 81' lang='lat' dir='ltr'>liberavit.</span> <span class='ocrx_word' id='word_1_40' title='bbox 634 521 730 589; x_wconf 78' lang='lat' dir='ltr'>(Cass.)</span> <span class='ocrx_word' id='word_1_41' title='bbox 762 522 869 591; x_wconf 82' lang='lat' dir='ltr'>lluplex</span> <span class='ocrx_word' id='word_1_42' title='bbox 890 520 944 575; x_wconf 92' lang='lat' dir='ltr'>mi·</span> <span class='ocrx_word' id='word_1_43' title='bbox 1000 523 1111 590; x_wconf 77' lang='lat' dir='ltr'>rebant,</span> <span class='ocrx_word' id='word_1_44' title='bbox 1142 540 1194 578; x_wconf 86' lang='lat' dir='ltr'>nee</span> <span class='ocrx_word' id='word_1_45' title='bbox 1224 525 1419 580; x_wconf 81' lang='lat' dir='ltr'>inveniebant.</span> <span class='ocrx_word' id='word_1_46' title='bbox 1441 529 1541 581; x_wconf 82' lang='lat' dir='ltr'>Animo</span> <span class='ocrx_word' id='word_1_47' title='bbox 1570 536 1739 592; x_wconf 83' lang='lat' dir='ltr'>eorum,ete.</span> <span class='ocrx_word' id='word_1_48' title='bbox 1766 533 1850 589; x_wconf 90' lang='lat' dir='ltr'>Com-</span> 
     </span>
    </p>

    <p class='ocr_par' dir='ltr' id='par_1_4' title="bbox 92 607 1851 686">
     <span class='ocr_line' id='line_1_5' title="bbox 92 607 1851 686; baseline 0.008 -24"><span class='ocrx_word' id='word_1_49' title='bbox 92 608 261 674; x_wconf 87' lang='lat' dir='ltr'>sericordia,</span> <span class='ocrx_word' id='word_1_50' title='bbox 278 607 420 678; x_wconf 89' lang='lat' dir='ltr'>praemisit</span> <span class='ocrx_word' id='word_1_51' title='bbox 431 608 508 661; x_wconf 89' lang='lat' dir='ltr'>enim</span> <span class='ocrx_word' id='word_1_52' title='bbox 522 609 801 679; x_wconf 84' lang='lat' dir='ltr'>superiusbanelicia</span> <span class='ocrx_word' id='word_1_53' title='bbox 816 609 878 678; x_wconf 86' lang='lat' dir='ltr'>Dei,</span> <span class='ocrx_word' id='word_1_54' title='bbox 893 626 946 664; x_wconf 88' lang='lat' dir='ltr'>nec</span> <span class='ocrx_word' id='word_1_55' title='bbox 1000 612 1119 666; x_wconf 90' lang='lat' dir='ltr'>mendat</span> <span class='ocrx_word' id='word_1_56' title='bbox 1155 628 1184 666; x_wconf 88' lang='lat' dir='ltr'>se</span> <span class='ocrx_word' id='word_1_57' title='bbox 1214 613 1299 680; x_wconf 87' lang='lat' dir='ltr'>Deus,</span> <span class='ocrx_word' id='word_1_58' title='bbox 1328 614 1403 685; x_wconf 91' lang='lat' dir='ltr'>quod</span> <span class='ocrx_word' id='word_1_59' title='bbox 1431 615 1514 669; x_wconf 88' lang='lat' dir='ltr'>nobis</span> <span class='ocrx_word' id='word_1_60' title='bbox 1539 618 1667 686; x_wconf 71' lang='lat' dir='ltr'>expedit,</span> <span class='ocrx_word' id='word_1_61' title='bbox 1700 619 1851 676; x_wconf 87' lang='lat' dir='ltr'>deficimus</span> 
     </span>
    </p>

    <p class='ocr_par' dir='ltr' id='par_1_5' title="bbox 91 696 1625 769">
     <span class='ocr_line' id='line_1_6' title="bbox 91 696 1625 769; baseline 0.005 -19"><span class='ocrx_word' id='word_1_62' title='bbox 91 701 192 751; x_wconf 83' lang='lat' dir='ltr'>tamen</span> <span class='ocrx_word' id='word_1_63' title='bbox 206 703 297 750; x_wconf 86' lang='lat' dir='ltr'>cessat</span> <span class='ocrx_word' id='word_1_64' title='bbox 315 696 451 767; x_wconf 88' lang='lat' dir='ltr'>iniquitas</span> <span class='ocrx_word' id='word_1_65' title='bbox 467 712 581 767; x_wconf 76' lang='lat' dir='ltr'>eorum,</span> <span class='ocrx_word' id='word_1_66' title='bbox 598 698 697 752; x_wconf 87' lang='lat' dir='ltr'>intulit</span> <span class='ocrx_word' id='word_1_67' title='bbox 721 697 888 767; x_wconf 90' lang='lat' dir='ltr'>vindictam,</span> <span class='ocrx_word' id='word_1_68' title='bbox 917 702 945 753; x_wconf 94' lang='lat' dir='ltr'>et</span> <span class='ocrx_word' id='word_1_69' title='bbox 1002 703 1033 753; x_wconf 94' lang='lat' dir='ltr'>ut</span> <span class='ocrx_word' id='word_1_70' title='bbox 1048 715 1194 769; x_wconf 80' lang='lat' dir='ltr'>rogemus,</span> <span class='ocrx_word' id='word_1_71' title='bbox 1209 706 1238 754; x_wconf 91' lang='lat' dir='ltr'>et</span> <span class='ocrx_word' id='word_1_72' title='bbox 1250 701 1467 756; x_wconf 77' lang='lat' dir='ltr'>subvenientem</span> <span class='ocrx_word' id='word_1_73' title='bbox 1482 719 1625 759; x_wconf 86' lang='lat' dir='ltr'>amemus.</span> 
     </span>
    </p>

    <p class='ocr_par' dir='ltr' id='par_1_6' title="bbox 94 785 1850 946">
     <span class='ocr_line' id='line_1_7' title="bbox 94 785 1850 866; baseline 0.007 -27"><span class='ocrx_word' id='word_1_74' title='bbox 94 785 211 840; x_wconf 87' lang='lat' dir='ltr'>allliclis</span> <span class='ocrx_word' id='word_1_75' title='bbox 225 785 331 839; x_wconf 89' lang='lat' dir='ltr'>iterum</span> <span class='ocrx_word' id='word_1_76' title='bbox 347 785 509 839; x_wconf 90' lang='lat' dir='ltr'>miseretur.</span> <span class='ocrx_word' id='word_1_77' title='bbox 1036 786 1118 841; x_wconf 82' lang='lat' dir='ltr'>Vens.</span> <span class='ocrx_word' id='word_1_78' title='bbox 1136 793 1161 842; x_wconf 85' lang='lat' dir='ltr'>u.</span> <span class='ocrx_word' id='word_1_79' title='bbox 1182 818 1217 828; x_wconf 88' lang='lat'>—</span> <span class='ocrx_word' id='word_1_80' title='bbox 1241 789 1282 845; x_wconf 87' lang='lat' dir='ltr'>Et</span> <span class='ocrx_word' id='word_1_81' title='bbox 1306 789 1430 845; x_wconf 74' lang='lat' dir='ltr'>deducit.</span> <span class='ocrx_word' id='word_1_82' title='bbox 1452 792 1543 863; x_wconf 77' lang='lat' dir='ltr'>(Auo.)</span> <span class='ocrx_word' id='word_1_83' title='bbox 1568 793 1665 861; x_wconf 85' lang='lat' dir='ltr'>Quasi,</span> <span class='ocrx_word' id='word_1_84' title='bbox 1684 793 1791 866; x_wconf 88' lang='lat' dir='ltr'>eripuit</span> <span class='ocrx_word' id='word_1_85' title='bbox 1815 797 1850 852; x_wconf 89' lang='lat' dir='ltr'>de</span> 
     </span>
     <span class='ocr_line' id='line_1_8' title="bbox 129 873 1850 946; baseline 0.008 -19"><span class='ocrx_word' id='word_1_86' title='bbox 129 877 161 928; x_wconf 87' lang='lat' dir='ltr'>ln</span> <span class='ocrx_word' id='word_1_87' title='bbox 182 873 475 944; x_wconf 57' lang='lat' dir='ltr'>constitueramus.)</span> <span class='ocrx_word' id='word_1_88' title='bbox 497 873 654 927; x_wconf 84' lang='lat' dir='ltr'>Consilium</span> <span class='ocrx_word' id='word_1_89' title='bbox 682 873 808 929; x_wconf 88' lang='lat' dir='ltr'>bominis</span> <span class='ocrx_word' id='word_1_90' title='bbox 834 875 943 929; x_wconf 89' lang='lat' dir='ltr'>malum</span> <span class='ocrx_word' id='word_1_91' title='bbox 1000 874 1178 946; x_wconf 82' lang='lat' dir='ltr'>ignorantia,</span> <span class='ocrx_word' id='word_1_92' title='bbox 1207 877 1361 932; x_wconf 90' lang='lat' dir='ltr'>osteudens</span> <span class='ocrx_word' id='word_1_93' title='bbox 1389 878 1475 941; x_wconf 77' lang='lat' dir='ltr'>viani.</span> <span class='ocrx_word' id='word_1_94' title='bbox 1498 880 1653 936; x_wconf 83' lang='lat' dir='ltr'>Christum.</span> <span class='ocrx_word' id='word_1_95' title='bbox 1680 883 1749 938; x_wconf 86' lang='lat' dir='ltr'>Ecce</span> <span class='ocrx_word' id='word_1_96' title='bbox 1779 884 1850 940; x_wconf 89' lang='lat' dir='ltr'>libe-</span> 
     </span>
    </p>

    <p class='ocr_par' dir='ltr' id='par_1_7' title="bbox 94 961 1850 1044">
     <span class='ocr_line' id='line_1_9' title="bbox 94 961 1850 1044; baseline 0.007 -28"><span class='ocrx_word' id='word_1_97' title='bbox 94 967 138 1017; x_wconf 86' lang='lat' dir='ltr'>est</span> <span class='ocrx_word' id='word_1_98' title='bbox 152 961 207 1033; x_wconf 92' lang='lat' dir='ltr'>ipsi</span> <span class='ocrx_word' id='word_1_99' title='bbox 230 962 351 1028; x_wconf 90' lang='lat' dir='ltr'>homiui,</span> <span class='ocrx_word' id='word_1_100' title='bbox 368 961 418 1033; x_wconf 92' lang='lat' dir='ltr'>qui</span> <span class='ocrx_word' id='word_1_101' title='bbox 444 964 549 1032; x_wconf 88' lang='lat' dir='ltr'>quaerit</span> <span class='ocrx_word' id='word_1_102' title='bbox 563 977 628 1033; x_wconf 86' lang='lat' dir='ltr'>quae</span> <span class='ocrx_word' id='word_1_103' title='bbox 643 978 694 1016; x_wconf 89' lang='lat' dir='ltr'>sua</span> <span class='ocrx_word' id='word_1_104' title='bbox 713 966 790 1029; x_wconf 89' lang='lat' dir='ltr'>sunt,</span> <span class='ocrx_word' id='word_1_105' title='bbox 808 979 866 1018; x_wconf 92' lang='lat' dir='ltr'>non</span> <span class='ocrx_word' id='word_1_106' title='bbox 881 979 946 1035; x_wconf 81' lang='lat' dir='ltr'>quae</span> <span class='ocrx_word' id='word_1_107' title='bbox 1000 963 1074 1017; x_wconf 83' lang='lat' dir='ltr'>ravit</span> <span class='ocrx_word' id='word_1_108' title='bbox 1095 979 1142 1017; x_wconf 91' lang='lat' dir='ltr'>eos</span> <span class='ocrx_word' id='word_1_109' title='bbox 1156 964 1192 1018; x_wconf 92' lang='lat' dir='ltr'>ab</span> <span class='ocrx_word' id='word_1_110' title='bbox 1215 981 1327 1032; x_wconf 86' lang='lat' dir='ltr'>errore;</span> <span class='ocrx_word' id='word_1_111' title='bbox 1357 967 1391 1021; x_wconf 90' lang='lat' dir='ltr'>da</span> <span class='ocrx_word' id='word_1_112' title='bbox 1413 967 1487 1021; x_wconf 86' lang='lat' dir='ltr'>lame</span> <span class='ocrx_word' id='word_1_113' title='bbox 1510 974 1605 1024; x_wconf 87' lang='lat' dir='ltr'>autern</span> <span class='ocrx_word' id='word_1_114' title='bbox 1619 977 1647 1025; x_wconf 89' lang='lat' dir='ltr'>ut</span> <span class='ocrx_word' id='word_1_115' title='bbox 1673 971 1721 1026; x_wconf 91' lang='lat' dir='ltr'>siti</span> <span class='ocrx_word' id='word_1_116' title='bbox 1744 973 1850 1044; x_wconf 89' lang='lat' dir='ltr'>quibus</span> 
     </span>
    </p>
   </div>
   <div class='ocr_carea' id='block_1_3' title="bbox 95 1051 1850 1209">
    <p class='ocr_par' dir='ltr' id='par_1_8' title="bbox 95 1051 1850 1209">
     <span class='ocr_line' id='line_1_10' title="bbox 95 1051 1850 1133; baseline 0.007 -29"><span class='ocrx_word' id='word_1_117' title='bbox 95 1051 158 1104; x_wconf 87' lang='lat' dir='ltr'>Dei.</span> <span class='ocrx_word' id='word_1_118' title='bbox 389 1069 394 1078; x_wconf 95' lang='lat'>·</span> <span class='ocrx_word' id='word_1_119' title='bbox 1001 1052 1170 1122; x_wconf 70' lang='lat' dir='ltr'>metuebant,</span> <span class='ocrx_word' id='word_1_120' title='bbox 1192 1054 1317 1124; x_wconf 84' lang='lat' dir='ltr'>qualiter</span> <span class='ocrx_word' id='word_1_121' title='bbox 1331 1055 1503 1120; x_wconf 82' lang='lat' dir='ltr'>liberaverit,</span> <span class='ocrx_word' id='word_1_122' title='bbox 1519 1063 1583 1128; x_wconf 92' lang='lat' dir='ltr'>post</span> <span class='ocrx_word' id='word_1_123' title='bbox 1599 1059 1688 1127; x_wconf 91' lang='lat' dir='ltr'>dicet;</span> <span class='ocrx_word' id='word_1_124' title='bbox 1711 1060 1760 1116; x_wconf 90' lang='lat' dir='ltr'>sed</span> <span class='ocrx_word' id='word_1_125' title='bbox 1775 1078 1850 1133; x_wconf 78' lang='lat' dir='ltr'>pree·</span> 
     </span>
     <span class='ocr_line' id='line_1_11' title="bbox 132 1138 1341 1209; baseline 0.004 -18"><span class='ocrx_word' id='word_1_126' title='bbox 132 1140 213 1193; x_wconf 79' lang='lat' dir='ltr'>Vsus.</span> <span class='ocrx_word' id='word_1_127' title='bbox 225 1140 269 1193; x_wconf 65' lang='lat'>45.</span> <span class='ocrx_word' id='word_1_128' title='bbox 286 1167 321 1179; x_wconf 92' lang='lat'><em>-</em></span> <span class='ocrx_word' id='word_1_129' title='bbox 339 1140 508 1194; x_wconf 82' lang='lat' dir='ltr'>Testamenti.</span> <span class='ocrx_word' id='word_1_130' title='bbox 526 1138 731 1209; x_wconf 84' lang='lat' dir='ltr'>(Cass.)Causa</span> <span class='ocrx_word' id='word_1_131' title='bbox 744 1143 797 1206; x_wconf 89' lang='lat' dir='ltr'>est,</span> <span class='ocrx_word' id='word_1_132' title='bbox 812 1154 849 1193; x_wconf 91' lang='lat' dir='ltr'>ne</span> <span class='ocrx_word' id='word_1_133' title='bbox 861 1139 947 1193; x_wconf 89' lang='lat' dir='ltr'>lsrael</span> <span class='ocrx_word' id='word_1_134' title='bbox 1002 1138 1089 1194; x_wconf 89' lang='lat' dir='ltr'>mittit</span> <span class='ocrx_word' id='word_1_135' title='bbox 1105 1140 1140 1195; x_wconf 88' lang='lat' dir='ltr'>de</span> <span class='ocrx_word' id='word_1_136' title='bbox 1155 1141 1341 1196; x_wconf 84' lang='lat' dir='ltr'>confessione.</span> 
     </span>
    </p>
   </div>
   <div class='ocr_carea' id='block_1_4' title="bbox 94 1227 1931 5549">
    <p class='ocr_par' dir='ltr' id='par_1_9' title="bbox 94 1227 1853 1832">
     <span class='ocr_line' id='line_1_12' title="bbox 94 1227 1849 1304; baseline 0.005 -22"><span class='ocrx_word' id='word_1_137' title='bbox 94 1244 149 1300; x_wconf 91' lang='lat' dir='ltr'>pro</span> <span class='ocrx_word' id='word_1_138' title='bbox 164 1227 381 1297; x_wconf 91' lang='lat' dir='ltr'>debitoperiret</span> <span class='ocrx_word' id='word_1_139' title='bbox 397 1228 610 1282; x_wconf 89' lang='lat' dir='ltr'>Testamentum</span> <span class='ocrx_word' id='word_1_140' title='bbox 628 1227 813 1297; x_wconf 75' lang='lat' dir='ltr'>Novum,ubi</span> <span class='ocrx_word' id='word_1_141' title='bbox 833 1231 875 1282; x_wconf 87' lang='lat' dir='ltr'>est</span> <span class='ocrx_word' id='word_1_142' title='bbox 897 1227 946 1281; x_wconf 88' lang='lat' dir='ltr'>ad·</span> <span class='ocrx_word' id='word_1_143' title='bbox 1037 1228 1119 1282; x_wconf 81' lang='lat' dir='ltr'>Vnus.</span> <span class='ocrx_word' id='word_1_144' title='bbox 1148 1232 1174 1284; x_wconf 91' lang='lat'>8.</span> <span class='ocrx_word' id='word_1_145' title='bbox 1212 1259 1247 1269; x_wconf 92' lang='lat'>-</span> <span class='ocrx_word' id='word_1_146' title='bbox 1281 1231 1436 1285; x_wconf 79' lang='lat' dir='ltr'>Mirabilio.</span> <span class='ocrx_word' id='word_1_147' title='bbox 1467 1231 1574 1304; x_wconf 78' lang='lat' dir='ltr'>(Hier.)</span> <span class='ocrx_word' id='word_1_148' title='bbox 1608 1234 1695 1299; x_wconf 81' lang='lat' dir='ltr'>Quasi</span> <span class='ocrx_word' id='word_1_149' title='bbox 1722 1235 1849 1291; x_wconf 92' lang='lat' dir='ltr'>mirabili</span> 
     </span>
     <span class='ocr_line' id='line_1_13' title="bbox 96 1315 1707 1389; baseline 0.004 -18"><span class='ocrx_word' id='word_1_150' title='bbox 96 1322 200 1371; x_wconf 88' lang='lat' dir='ltr'>ventus</span> <span class='ocrx_word' id='word_1_151' title='bbox 214 1316 337 1377; x_wconf 85' lang='lat' dir='ltr'>Domini,</span> <span class='ocrx_word' id='word_1_152' title='bbox 359 1316 409 1388; x_wconf 92' lang='lat' dir='ltr'>qui</span> <span class='ocrx_word' id='word_1_153' title='bbox 423 1315 595 1370; x_wconf 85' lang='lat' dir='ltr'>estllbraliae</span> <span class='ocrx_word' id='word_1_154' title='bbox 610 1316 780 1387; x_wconf 90' lang='lat' dir='ltr'>promissus.</span> <span class='ocrx_word' id='word_1_155' title='bbox 807 1318 944 1371; x_wconf 83' lang='lat' dir='ltr'>Poeaituit.</span> <span class='ocrx_word' id='word_1_156' title='bbox 1001 1316 1087 1370; x_wconf 92' lang='lat' dir='ltr'>modo</span> <span class='ocrx_word' id='word_1_157' title='bbox 1102 1317 1305 1389; x_wconf 89' lang='lat' dir='ltr'>redemptionis</span> <span class='ocrx_word' id='word_1_158' title='bbox 1319 1319 1392 1374; x_wconf 73' lang='lat' dir='ltr'>datae</span> <span class='ocrx_word' id='word_1_159' title='bbox 1412 1327 1479 1375; x_wconf 91' lang='lat' dir='ltr'>sunt</span> <span class='ocrx_word' id='word_1_160' title='bbox 1493 1322 1707 1378; x_wconf 85' lang='lat' dir='ltr'>misericordiae.</span> 
     </span>
     <span class='ocr_line' id='line_1_14' title="bbox 106 1404 1850 1484; baseline 0.004 -23"><span class='ocrx_word' id='word_1_161' title='bbox 106 1405 430 1475; x_wconf 70' lang='lat' dir='ltr'>(Auo.)011iamutavit,</span> <span class='ocrx_word' id='word_1_162' title='bbox 447 1404 523 1475; x_wconf 91' lang='lat' dir='ltr'>quod</span> <span class='ocrx_word' id='word_1_163' title='bbox 547 1404 771 1476; x_wconf 86' lang='lat' dir='ltr'>perdituroseos</span> <span class='ocrx_word' id='word_1_164' title='bbox 788 1404 945 1459; x_wconf 88' lang='lat' dir='ltr'>videbatur.</span> <span class='ocrx_word' id='word_1_165' title='bbox 1037 1405 1118 1459; x_wconf 79' lang='lat' dir='ltr'>Vsus.</span> <span class='ocrx_word' id='word_1_166' title='bbox 1133 1408 1158 1460; x_wconf 86' lang='grc'>9.</span> <span class='ocrx_word' id='word_1_167' title='bbox 1186 1435 1216 1446; x_wconf 92' lang='lat'>-</span> <span class='ocrx_word' id='word_1_168' title='bbox 1241 1409 1421 1462; x_wconf 81' lang='lat' dir='ltr'>Esurieotem.</span> <span class='ocrx_word' id='word_1_169' title='bbox 1438 1409 1541 1480; x_wconf 76' lang='lat' dir='ltr'>(Cass.)</span> <span class='ocrx_word' id='word_1_170' title='bbox 1562 1410 1638 1465; x_wconf 90' lang='lat' dir='ltr'>Scire</span> <span class='ocrx_word' id='word_1_171' title='bbox 1653 1416 1850 1484; x_wconf 89' lang='lat' dir='ltr'>appetentem,</span> 
     </span>
     <span class='ocr_line' id='line_1_15' title="bbox 95 1492 1851 1567; baseline 0.004 -18"><span class='ocrx_word' id='word_1_172' title='bbox 95 1496 197 1567; x_wconf 83' lang='lat' dir='ltr'>(Cass.)</span> <span class='ocrx_word' id='word_1_173' title='bbox 213 1495 290 1547; x_wconf 88' lang='lat' dir='ltr'>Tunc</span> <span class='ocrx_word' id='word_1_174' title='bbox 301 1492 431 1563; x_wconf 71' lang='lat' dir='ltr'>poenitet,</span> <span class='ocrx_word' id='word_1_175' title='bbox 452 1492 568 1564; x_wconf 88' lang='lat' dir='ltr'>quaudo</span> <span class='ocrx_word' id='word_1_176' title='bbox 592 1509 644 1546; x_wconf 87' lang='lat' dir='ltr'>nos</span> <span class='ocrx_word' id='word_1_177' title='bbox 660 1494 800 1564; x_wconf 75' lang='lat' dir='ltr'>poenitere</span> <span class='ocrx_word' id='word_1_178' title='bbox 817 1493 902 1558; x_wconf 90' lang='lat' dir='ltr'>videt,</span> <span class='ocrx_word' id='word_1_179' title='bbox 919 1496 947 1546; x_wconf 89' lang='lat' dir='ltr'>et</span> <span class='ocrx_word' id='word_1_180' title='bbox 1001 1494 1046 1546; x_wconf 85' lang='lat' dir='ltr'>vel</span> <span class='ocrx_word' id='word_1_181' title='bbox 1076 1509 1133 1547; x_wconf 93' lang='lat' dir='ltr'>non</span> <span class='ocrx_word' id='word_1_182' title='bbox 1155 1493 1227 1549; x_wconf 91' lang='lat' dir='ltr'>scire</span> <span class='ocrx_word' id='word_1_183' title='bbox 1255 1501 1449 1566; x_wconf 81' lang='lat' dir='ltr'>appetentem,</span> <span class='ocrx_word' id='word_1_184' title='bbox 1476 1498 1525 1552; x_wconf 89' lang='lat' dir='ltr'>sed</span> <span class='ocrx_word' id='word_1_185' title='bbox 1541 1499 1636 1553; x_wconf 88' lang='lat' dir='ltr'>inedia</span> <span class='ocrx_word' id='word_1_186' title='bbox 1666 1500 1756 1555; x_wconf 88' lang='lat' dir='ltr'>nimia</span> <span class='ocrx_word' id='word_1_187' title='bbox 1780 1501 1851 1557; x_wconf 85' lang='lat' dir='ltr'>defi·</span> 
     </span>
     <span class='ocr_line' id='line_1_16' title="bbox 95 1581 1853 1679; baseline 0.005 -42"><span class='ocrx_word' id='word_1_188' title='bbox 95 1584 162 1637; x_wconf 86' lang='lat' dir='ltr'>talis</span> <span class='ocrx_word' id='word_1_189' title='bbox 171 1588 213 1636; x_wconf 90' lang='lat' dir='ltr'>est</span> <span class='ocrx_word' id='word_1_190' title='bbox 225 1581 308 1635; x_wconf 90' lang='lat' dir='ltr'>nobis</span> <span class='ocrx_word' id='word_1_191' title='bbox 336 1581 434 1652; x_wconf 84' lang='lat' dir='ltr'>quales</span> <span class='ocrx_word' id='word_1_192' title='bbox 461 1597 513 1635; x_wconf 90' lang='lat' dir='ltr'>nos</span> <span class='ocrx_word' id='word_1_193' title='bbox 528 1581 579 1635; x_wconf 94' lang='lat' dir='ltr'>illi.</span> <span class='ocrx_word' id='word_1_194' title='bbox 598 1581 688 1653; x_wconf 79' lang='lat' dir='ltr'>(Ace.)</span> <span class='ocrx_word' id='word_1_195' title='bbox 706 1581 782 1636; x_wconf 82' lang='lat' dir='ltr'>Nihil</span> <span class='ocrx_word' id='word_1_196' title='bbox 797 1581 879 1653; x_wconf 91' lang='lat' dir='ltr'>quasi</span> <span class='ocrx_word' id='word_1_197' title='bbox 906 1597 947 1635; x_wconf 90' lang='lat' dir='ltr'>re-</span> <span class='ocrx_word' id='word_1_198' title='bbox 964 1626 984 1679; x_wconf 75' lang='lat' dir='ltr'><strong>B</strong></span> <span class='ocrx_word' id='word_1_199' title='bbox 1002 1581 1136 1650; x_wconf 89' lang='lat' dir='ltr'>cientem,</span> <span class='ocrx_word' id='word_1_200' title='bbox 1154 1583 1227 1638; x_wconf 90' lang='lat' dir='ltr'>sicut</span> <span class='ocrx_word' id='word_1_201' title='bbox 1239 1583 1404 1656; x_wconf 88' lang='lat' dir='ltr'>contingere</span> <span class='ocrx_word' id='word_1_202' title='bbox 1417 1586 1488 1640; x_wconf 88' lang='lat' dir='ltr'>solet</span> <span class='ocrx_word' id='word_1_203' title='bbox 1500 1587 1589 1641; x_wconf 89' lang='lat' dir='ltr'>nimia</span> <span class='ocrx_word' id='word_1_204' title='bbox 1614 1588 1687 1643; x_wconf 90' lang='lat' dir='ltr'>lame</span> <span class='ocrx_word' id='word_1_205' title='bbox 1712 1590 1755 1644; x_wconf 87' lang='lat' dir='ltr'>vel</span> <span class='ocrx_word' id='word_1_206' title='bbox 1773 1589 1853 1645; x_wconf 88' lang='lat' dir='ltr'>infir·</span> 
     </span>
     <span class='ocr_line' id='line_1_17' title="bbox 97 1669 1850 1750; baseline 0.005 -24"><span class='ocrx_word' id='word_1_207' title='bbox 97 1671 218 1744; x_wconf 90' lang='lat' dir='ltr'>pentino</span> <span class='ocrx_word' id='word_1_208' title='bbox 252 1670 371 1723; x_wconf 89' lang='lat' dir='ltr'>consilio</span> <span class='ocrx_word' id='word_1_209' title='bbox 398 1670 465 1724; x_wconf 85' lang='lat' dir='ltr'>facit</span> <span class='ocrx_word' id='word_1_210' title='bbox 482 1671 568 1736; x_wconf 88' lang='lat' dir='ltr'>Deus,</span> <span class='ocrx_word' id='word_1_211' title='bbox 599 1670 646 1724; x_wconf 82' lang='lat' dir='ltr'>sed</span> <span class='ocrx_word' id='word_1_212' title='bbox 673 1671 749 1742; x_wconf 93' lang='lat' dir='ltr'>quod</span> <span class='ocrx_word' id='word_1_213' title='bbox 777 1669 812 1724; x_wconf 91' lang='lat' dir='ltr'>ab</span> <span class='ocrx_word' id='word_1_214' title='bbox 841 1674 948 1724; x_wconf 77' lang='lat' dir='ltr'>aeterno</span> <span class='ocrx_word' id='word_1_215' title='bbox 1005 1670 1104 1724; x_wconf 88' lang='lat' dir='ltr'>mitate</span> <span class='ocrx_word' id='word_1_216' title='bbox 1132 1671 1272 1740; x_wconf 83' lang='lat' dir='ltr'>coniecto,</span> <span class='ocrx_word' id='word_1_217' title='bbox 1296 1678 1327 1727; x_wconf 92' lang='lat' dir='ltr'>ut</span> <span class='ocrx_word' id='word_1_218' title='bbox 1350 1673 1522 1728; x_wconf 88' lang='lat' dir='ltr'>manducare</span> <span class='ocrx_word' id='word_1_219' title='bbox 1565 1692 1623 1730; x_wconf 88' lang='lat' dir='ltr'>nou</span> <span class='ocrx_word' id='word_1_220' title='bbox 1647 1682 1775 1750; x_wconf 86' lang='lat' dir='ltr'>appetat,</span> <span class='ocrx_word' id='word_1_221' title='bbox 1800 1680 1850 1735; x_wconf 90' lang='lat' dir='ltr'>sed</span> 
     </span>
     <span class='ocr_line' id='line_1_18' title="bbox 97 1756 1342 1832; baseline 0 -18"><span class='ocrx_word' id='word_1_222' title='bbox 97 1760 249 1832; x_wconf 73' lang='lat' dir='ltr'>praescivit.</span> <span class='ocrx_word' id='word_1_223' title='bbox 263 1758 318 1813; x_wconf 89' lang='lat' dir='ltr'>Sed</span> <span class='ocrx_word' id='word_1_224' title='bbox 333 1763 443 1812; x_wconf 84' lang='lat' dir='ltr'>mutare</span> <span class='ocrx_word' id='word_1_225' title='bbox 456 1757 569 1824; x_wconf 89' lang='lat' dir='ltr'>dicitur,</span> <span class='ocrx_word' id='word_1_226' title='bbox 585 1758 662 1829; x_wconf 87' lang='lat' dir='ltr'>quod</span> <span class='ocrx_word' id='word_1_227' title='bbox 686 1756 842 1811; x_wconf 89' lang='lat' dir='ltr'>secundum</span> <span class='ocrx_word' id='word_1_228' title='bbox 852 1771 949 1810; x_wconf 90' lang='lat' dir='ltr'>rerum</span> <span class='ocrx_word' id='word_1_229' title='bbox 1003 1757 1094 1812; x_wconf 90' lang='lat' dir='ltr'>nimia</span> <span class='ocrx_word' id='word_1_230' title='bbox 1108 1758 1204 1813; x_wconf 91' lang='lat' dir='ltr'>inedia</span> <span class='ocrx_word' id='word_1_231' title='bbox 1216 1760 1342 1814; x_wconf 88' lang='lat' dir='ltr'>deliciut.</span> 
     </span>
    </p>

    <p class='ocr_par' dir='ltr' id='par_1_10' title="bbox 98 1845 1852 2098">
     <span class='ocr_line' id='line_1_19' title="bbox 98 1845 1852 1922; baseline 0.006 -20"><span class='ocrx_word' id='word_1_232' title='bbox 98 1865 198 1903; x_wconf 88' lang='lat' dir='ltr'>causas</span> <span class='ocrx_word' id='word_1_233' title='bbox 224 1847 306 1918; x_wconf 92' lang='lat' dir='ltr'>sequi</span> <span class='ocrx_word' id='word_1_234' title='bbox 322 1847 475 1915; x_wconf 82' lang='lat' dir='ltr'>videratur,</span> <span class='ocrx_word' id='word_1_235' title='bbox 491 1847 555 1901; x_wconf 91' lang='lat' dir='ltr'>aliis</span> <span class='ocrx_word' id='word_1_236' title='bbox 574 1845 667 1900; x_wconf 88' lang='lat' dir='ltr'>causis</span> <span class='ocrx_word' id='word_1_237' title='bbox 686 1852 814 1900; x_wconf 90' lang='lat' dir='ltr'>econtra</span> <span class='ocrx_word' id='word_1_238' title='bbox 829 1850 950 1900; x_wconf 74' lang='lat' dir='ltr'>interse-</span> <span class='ocrx_word' id='word_1_239' title='bbox 1038 1846 1175 1901; x_wconf 84' lang='lat' dir='ltr'>Sedeutes.</span> <span class='ocrx_word' id='word_1_240' title='bbox 1193 1847 1293 1917; x_wconf 75' lang='lat' dir='ltr'>(duc.)</span> <span class='ocrx_word' id='word_1_241' title='bbox 1310 1849 1403 1904; x_wconf 88' lang='lat' dir='ltr'>Tertia</span> <span class='ocrx_word' id='word_1_242' title='bbox 1418 1866 1493 1922; x_wconf 92' lang='lat' dir='ltr'>pars,</span> <span class='ocrx_word' id='word_1_243' title='bbox 1515 1851 1564 1905; x_wconf 92' lang='lat' dir='ltr'>ubi</span> <span class='ocrx_word' id='word_1_244' title='bbox 1587 1854 1705 1922; x_wconf 90' lang='lat' dir='ltr'>ponitur</span> <span class='ocrx_word' id='word_1_245' title='bbox 1728 1857 1852 1912; x_wconf 87' lang='lat' dir='ltr'>secunda</span> 
     </span>
     <span class='ocr_line' id='line_1_20' title="bbox 98 1933 1850 2013; baseline 0.005 -21"><span class='ocrx_word' id='word_1_246' title='bbox 98 1937 255 1993; x_wconf 89' lang='lat' dir='ltr'>nientibus.</span> <span class='ocrx_word' id='word_1_247' title='bbox 273 1936 326 1991; x_wconf 89' lang='lat' dir='ltr'>Sed</span> <span class='ocrx_word' id='word_1_248' title='bbox 343 1939 525 2003; x_wconf 88' lang='lat' dir='ltr'>etcausas,at</span> <span class='ocrx_word' id='word_1_249' title='bbox 540 1935 609 2007; x_wconf 93' lang='lat' dir='ltr'>quid</span> <span class='ocrx_word' id='word_1_250' title='bbox 622 1934 716 2004; x_wconf 88' lang='lat' dir='ltr'>lieret,</span> <span class='ocrx_word' id='word_1_251' title='bbox 730 1933 951 1988; x_wconf 84' lang='lat' dir='ltr'>immutabiliter</span> <span class='ocrx_word' id='word_1_252' title='bbox 1004 1935 1132 2003; x_wconf 88' lang='lat' dir='ltr'>tentatio,</span> <span class='ocrx_word' id='word_1_253' title='bbox 1148 1943 1213 2004; x_wconf 77' lang='lat' dir='ltr'>etc,</span> <span class='ocrx_word' id='word_1_254' title='bbox 1232 1952 1317 2006; x_wconf 83' lang='lat' dir='ltr'>usque</span> <span class='ocrx_word' id='word_1_255' title='bbox 1331 1939 1368 1993; x_wconf 88' lang='lat' dir='ltr'>ud</span> <span class='ocrx_word' id='word_1_256' title='bbox 1392 1945 1420 1995; x_wconf 90' lang='lat' dir='ltr'>et</span> <span class='ocrx_word' id='word_1_257' title='bbox 1434 1956 1486 1994; x_wconf 92' lang='lat' dir='ltr'>nos</span> <span class='ocrx_word' id='word_1_258' title='bbox 1515 1941 1601 1995; x_wconf 90' lang='lat' dir='ltr'>etiam</span> <span class='ocrx_word' id='word_1_259' title='bbox 1617 1941 1670 1996; x_wconf 89' lang='lat' dir='ltr'>hoc</span> <span class='ocrx_word' id='word_1_260' title='bbox 1684 1959 1767 2013; x_wconf 83' lang='lat' dir='ltr'>posse</span> <span class='ocrx_word' id='word_1_261' title='bbox 1782 1961 1850 2000; x_wconf 90' lang='lat' dir='ltr'>cou-</span> 
     </span>
     <span class='ocr_line' id='line_1_21' title="bbox 98 2023 1175 2098; baseline 0.001 -19"><span class='ocrx_word' id='word_1_262' title='bbox 98 2025 241 2098; x_wconf 81' lang='lat' dir='ltr'>praevidit.</span> <span class='ocrx_word' id='word_1_263' title='bbox 1005 2023 1175 2080; x_wconf 85' lang='lat' dir='ltr'>sideramus.</span> 
     </span>
    </p>

    <p class='ocr_par' dir='ltr' id='par_1_11' title="bbox 99 2110 1854 2718">
     <span class='ocr_line' id='line_1_22' title="bbox 134 2110 1851 2191; baseline 0.004 -22"><span class='ocrx_word' id='word_1_264' title='bbox 134 2117 216 2169; x_wconf 81' lang='lat' dir='ltr'>Vens.</span> <span class='ocrx_word' id='word_1_265' title='bbox 233 2115 281 2170; x_wconf 82' lang='lat'>46.</span> <span class='ocrx_word' id='word_1_266' title='bbox 300 2114 386 2167; x_wconf 82' lang='lat' dir='ltr'>-Iu</span> <span class='ocrx_word' id='word_1_267' title='bbox 402 2113 616 2168; x_wconf 81' lang='lat' dir='ltr'>misericordias.</span> <span class='ocrx_word' id='word_1_268' title='bbox 646 2112 748 2183; x_wconf 79' lang='lat' dir='ltr'>(Cass.)</span> <span class='ocrx_word' id='word_1_269' title='bbox 773 2114 893 2182; x_wconf 87' lang='lat' dir='ltr'>Propter</span> <span class='ocrx_word' id='word_1_270' title='bbox 910 2110 951 2164; x_wconf 92' lang='lat' dir='ltr'>di·</span> <span class='ocrx_word' id='word_1_271' title='bbox 1039 2113 1120 2167; x_wconf 79' lang='lat' dir='ltr'>Vsus.</span> <span class='ocrx_word' id='word_1_272' title='bbox 1149 2117 1192 2170; x_wconf 91' lang='lat' dir='ltr'>ll.</span> <span class='ocrx_word' id='word_1_273' title='bbox 1217 2114 1340 2180; x_wconf 85' lang='lat' dir='ltr'>-Quio</span> <span class='ocrx_word' id='word_1_274' title='bbox 1365 2116 1603 2173; x_wconf 80' lang='lat' dir='ltr'>ecoeertaoeront.</span> <span class='ocrx_word' id='word_1_275' title='bbox 1620 2119 1684 2191; x_wconf 89' lang='lat' dir='ltr'>(ln.)</span> <span class='ocrx_word' id='word_1_276' title='bbox 1699 2119 1756 2175; x_wconf 90' lang='lat' dir='ltr'>lloc</span> <span class='ocrx_word' id='word_1_277' title='bbox 1771 2120 1851 2176; x_wconf 89' lang='lat' dir='ltr'>aliud</span> 
     </span>
     <span class='ocr_line' id='line_1_23' title="bbox 99 2201 1850 2272; baseline 0.003 -15"><span class='ocrx_word' id='word_1_278' title='bbox 99 2220 181 2258; x_wconf 87' lang='lat' dir='ltr'>versa</span> <span class='ocrx_word' id='word_1_279' title='bbox 197 2202 301 2256; x_wconf 91' lang='lat' dir='ltr'>dona:</span> <span class='ocrx_word' id='word_1_280' title='bbox 329 2202 486 2272; x_wconf 75' lang='lat' dir='ltr'>prophetae,</span> <span class='ocrx_word' id='word_1_281' title='bbox 514 2201 645 2272; x_wconf 90' lang='lat' dir='ltr'>apostoli,</span> <span class='ocrx_word' id='word_1_282' title='bbox 670 2205 809 2271; x_wconf 86' lang='lat' dir='ltr'>martyres</span> <span class='ocrx_word' id='word_1_283' title='bbox 838 2203 867 2253; x_wconf 89' lang='lat' dir='ltr'>et</span> <span class='ocrx_word' id='word_1_284' title='bbox 886 2214 951 2253; x_wconf 92' lang='lat' dir='ltr'>con·</span> <span class='ocrx_word' id='word_1_285' title='bbox 1003 2201 1110 2256; x_wconf 91' lang='lat' dir='ltr'>iterum</span> <span class='ocrx_word' id='word_1_286' title='bbox 1123 2206 1286 2267; x_wconf 87' lang='lat' dir='ltr'>conantem,</span> <span class='ocrx_word' id='word_1_287' title='bbox 1303 2207 1464 2272; x_wconf 83' lang='lat' dir='ltr'>etc.,usquc</span> <span class='ocrx_word' id='word_1_288' title='bbox 1478 2205 1515 2258; x_wconf 85' lang='lat' dir='ltr'>od</span> <span class='ocrx_word' id='word_1_289' title='bbox 1530 2206 1606 2261; x_wconf 88' lang='lat' dir='ltr'>uude</span> <span class='ocrx_word' id='word_1_290' title='bbox 1617 2208 1659 2262; x_wconf 90' lang='lat' dir='ltr'>eis</span> <span class='ocrx_word' id='word_1_291' title='bbox 1675 2215 1737 2262; x_wconf 87' lang='lat' dir='ltr'>erat</span> <span class='ocrx_word' id='word_1_292' title='bbox 1751 2209 1850 2265; x_wconf 87' lang='lat' dir='ltr'>iratus.</span> 
     </span>
     <span class='ocr_line' id='line_1_24' title="bbox 99 2286 1852 2367; baseline 0.002 -19"><span class='ocrx_word' id='word_1_293' title='bbox 99 2293 222 2348; x_wconf 78' lang='lat' dir='ltr'>sessores</span> <span class='ocrx_word' id='word_1_294' title='bbox 238 2290 273 2344; x_wconf 92' lang='lat' dir='ltr'>de</span> <span class='ocrx_word' id='word_1_295' title='bbox 291 2288 396 2345; x_wconf 82' lang='lat' dir='ltr'>Judaeis</span> <span class='ocrx_word' id='word_1_296' title='bbox 420 2288 545 2355; x_wconf 87' lang='lat' dir='ltr'>luerunt,</span> <span class='ocrx_word' id='word_1_297' title='bbox 561 2304 634 2360; x_wconf 91' lang='lat' dir='ltr'>quos</span> <span class='ocrx_word' id='word_1_298' title='bbox 649 2288 728 2342; x_wconf 91' lang='lat' dir='ltr'>dedit</span> <span class='ocrx_word' id='word_1_299' title='bbox 739 2287 770 2342; x_wconf 91' lang='lat' dir='ltr'>in</span> <span class='ocrx_word' id='word_1_300' title='bbox 788 2286 950 2341; x_wconf 90' lang='lat' dir='ltr'>misericor·</span> <span class='ocrx_word' id='word_1_301' title='bbox 1054 2291 1201 2347; x_wconf 82' lang='lat' dir='ltr'>Consilium</span> <span class='ocrx_word' id='word_1_302' title='bbox 1220 2291 1367 2347; x_wconf 67' lang='lat' dir='ltr'>altissimi.</span> <span class='ocrx_word' id='word_1_303' title='bbox 1394 2293 1428 2347; x_wconf 82' lang='lat' dir='ltr'>Ut</span> <span class='ocrx_word' id='word_1_304' title='bbox 1454 2294 1505 2361; x_wconf 87' lang='lat' dir='ltr'>qui</span> <span class='ocrx_word' id='word_1_305' title='bbox 1525 2295 1737 2367; x_wconf 87' lang='lat' dir='ltr'>superbierunt,</span> <span class='ocrx_word' id='word_1_306' title='bbox 1755 2297 1785 2351; x_wconf 93' lang='lat' dir='ltr'>in</span> <span class='ocrx_word' id='word_1_307' title='bbox 1800 2314 1852 2351; x_wconf 91' lang='lat' dir='ltr'>au·</span> 
     </span>
     <span class='ocr_line' id='line_1_25' title="bbox 99 2375 1852 2452; baseline 0.002 -16"><span class='ocrx_word' id='word_1_308' title='bbox 99 2382 186 2437; x_wconf 87' lang='lat' dir='ltr'>dias:</span> <span class='ocrx_word' id='word_1_309' title='bbox 204 2386 232 2434; x_wconf 92' lang='lat' dir='ltr'>et</span> <span class='ocrx_word' id='word_1_310' title='bbox 256 2380 309 2433; x_wconf 89' lang='lat' dir='ltr'>hoe</span> <span class='ocrx_word' id='word_1_311' title='bbox 330 2381 360 2433; x_wconf 81' lang='lat' dir='ltr'>iu</span> <span class='ocrx_word' id='word_1_312' title='bbox 378 2382 520 2448; x_wconf 86' lang='lat' dir='ltr'>conspectu</span> <span class='ocrx_word' id='word_1_313' title='bbox 547 2381 676 2444; x_wconf 83' lang='lat' dir='ltr'>omnium,</span> <span class='ocrx_word' id='word_1_314' title='bbox 703 2381 841 2447; x_wconf 64' lang='lat' dir='ltr'>meunt</span> <span class='ocrx_word' id='word_1_315' title='bbox 855 2391 906 2439; x_wconf 82' lang='lat' dir='ltr'>eos,</span> <span class='ocrx_word' id='word_1_316' title='bbox 921 2375 951 2431; x_wconf 92' lang='lat' dir='ltr'>id</span> <span class='ocrx_word' id='word_1_317' title='bbox 1005 2379 1105 2450; x_wconf 88' lang='lat' dir='ltr'>gustiis</span> <span class='ocrx_word' id='word_1_318' title='bbox 1129 2379 1360 2447; x_wconf 88' lang='lat' dir='ltr'>humiliarentur,</span> <span class='ocrx_word' id='word_1_319' title='bbox 1376 2381 1453 2452; x_wconf 93' lang='lat' dir='ltr'>quod</span> <span class='ocrx_word' id='word_1_320' title='bbox 1478 2387 1538 2435; x_wconf 87' lang='lat' dir='ltr'>erat</span> <span class='ocrx_word' id='word_1_321' title='bbox 1553 2382 1666 2436; x_wconf 89' lang='lat' dir='ltr'>salubre</span> <span class='ocrx_word' id='word_1_322' title='bbox 1688 2383 1852 2450; x_wconf 89' lang='lat' dir='ltr'>eonsilium,</span> 
     </span>
     <span class='ocr_line' id='line_1_26' title="bbox 100 2464 1745 2540; baseline 0 -16"><span class='ocrx_word' id='word_1_323' title='bbox 100 2475 146 2524; x_wconf 86' lang='lat' dir='ltr'>est</span> <span class='ocrx_word' id='word_1_324' title='bbox 161 2468 302 2540; x_wconf 90' lang='lat' dir='ltr'>gentium,</span> <span class='ocrx_word' id='word_1_325' title='bbox 319 2471 350 2522; x_wconf 93' lang='lat' dir='ltr'>ut</span> <span class='ocrx_word' id='word_1_326' title='bbox 375 2482 423 2520; x_wconf 91' lang='lat' dir='ltr'>eos</span> <span class='ocrx_word' id='word_1_327' title='bbox 452 2470 550 2537; x_wconf 89' lang='lat' dir='ltr'>gentes</span> <span class='ocrx_word' id='word_1_328' title='bbox 572 2467 757 2531; x_wconf 86' lang='lat' dir='ltr'>mirarentur,</span> <span class='ocrx_word' id='word_1_329' title='bbox 790 2480 854 2537; x_wconf 80' lang='lat' dir='ltr'>quae</span> <span class='ocrx_word' id='word_1_330' title='bbox 871 2464 951 2536; x_wconf 88' lang='lat' dir='ltr'>prius</span> <span class='ocrx_word' id='word_1_331' title='bbox 1005 2472 1037 2522; x_wconf 95' lang='lat' dir='ltr'>ut</span> <span class='ocrx_word' id='word_1_332' title='bbox 1053 2468 1170 2522; x_wconf 90' lang='lat' dir='ltr'>morbus</span> <span class='ocrx_word' id='word_1_333' title='bbox 1183 2468 1430 2522; x_wconf 83' lang='lat' dir='ltr'>saeculicontrario</span> <span class='ocrx_word' id='word_1_334' title='bbox 1446 2469 1573 2524; x_wconf 87' lang='lat' dir='ltr'>remedio</span> <span class='ocrx_word' id='word_1_335' title='bbox 1588 2476 1745 2525; x_wconf 89' lang='lat' dir='ltr'>curaretur.</span> 
     </span>
     <span class='ocr_line' id='line_1_27' title="bbox 100 2552 1854 2628; baseline 0.001 -16"><span class='ocrx_word' id='word_1_336' title='bbox 100 2558 362 2628; x_wconf 82' lang='lat' dir='ltr'>eosdespexeruut.</span> <span class='ocrx_word' id='word_1_337' title='bbox 380 2556 439 2621; x_wconf 83' lang='lat' dir='ltr'>Vel,</span> <span class='ocrx_word' id='word_1_338' title='bbox 457 2570 553 2609; x_wconf 85' lang='lat' dir='ltr'>corani</span> <span class='ocrx_word' id='word_1_339' title='bbox 572 2554 753 2610; x_wconf 71' lang='lat' dir='ltr'>daemonibus</span> <span class='ocrx_word' id='word_1_340' title='bbox 772 2552 948 2621; x_wconf 84' lang='lat' dir='ltr'>liberilacti,</span> <span class='ocrx_word' id='word_1_341' title='bbox 1041 2556 1120 2610; x_wconf 82' lang='lat' dir='ltr'>Vsus.</span> <span class='ocrx_word' id='word_1_342' title='bbox 1140 2558 1233 2611; x_wconf 64' lang='lat' dir='ltr'>lb—</span> <span class='ocrx_word' id='word_1_343' title='bbox 1255 2557 1307 2612; x_wconf 82' lang='lat' dir='ltr'>Nec</span> <span class='ocrx_word' id='word_1_344' title='bbox 1331 2558 1387 2623; x_wconf 75' lang='lat' dir='ltr'>suit</span> <span class='ocrx_word' id='word_1_345' title='bbox 1417 2559 1474 2625; x_wconf 85' lang='lat' dir='ltr'>qui.</span> <span class='ocrx_word' id='word_1_346' title='bbox 1505 2557 1570 2627; x_wconf 86' lang='lat' dir='ltr'>(lu.)</span> <span class='ocrx_word' id='word_1_347' title='bbox 1600 2558 1750 2613; x_wconf 85' lang='lat' dir='ltr'>lleoeuim</span> <span class='ocrx_word' id='word_1_348' title='bbox 1778 2558 1854 2614; x_wconf 88' lang='lat' dir='ltr'>desi·</span> 
     </span>
     <span class='ocr_line' id='line_1_28' title="bbox 100 2642 1853 2718; baseline 0.001 -17"><span class='ocrx_word' id='word_1_349' title='bbox 100 2647 157 2701; x_wconf 89' lang='lat' dir='ltr'>sub</span> <span class='ocrx_word' id='word_1_350' title='bbox 172 2646 275 2718; x_wconf 90' lang='lat' dir='ltr'>quibus</span> <span class='ocrx_word' id='word_1_351' title='bbox 291 2645 370 2699; x_wconf 87' lang='lat' dir='ltr'>luere</span> <span class='ocrx_word' id='word_1_352' title='bbox 387 2642 502 2716; x_wconf 88' lang='lat' dir='ltr'>captivi.</span> <span class='ocrx_word' id='word_1_353' title='bbox 1006 2646 1099 2697; x_wconf 81' lang='lat' dir='ltr'>stante</span> <span class='ocrx_word' id='word_1_354' title='bbox 1124 2643 1158 2697; x_wconf 90' lang='lat' dir='ltr'>ab</span> <span class='ocrx_word' id='word_1_355' title='bbox 1185 2642 1302 2711; x_wconf 83' lang='lat' dir='ltr'>auxilio,</span> <span class='ocrx_word' id='word_1_356' title='bbox 1331 2643 1461 2698; x_wconf 90' lang='lat' dir='ltr'>laborare</span> <span class='ocrx_word' id='word_1_357' title='bbox 1490 2650 1571 2717; x_wconf 91' lang='lat' dir='ltr'>potes</span> <span class='ocrx_word' id='word_1_358' title='bbox 1590 2650 1689 2700; x_wconf 77' lang='lat' dir='ltr'>conua</span> <span class='ocrx_word' id='word_1_359' title='bbox 1709 2646 1788 2712; x_wconf 88' lang='lat' dir='ltr'>vitia,</span> <span class='ocrx_word' id='word_1_360' title='bbox 1805 2647 1853 2703; x_wconf 92' lang='lat' dir='ltr'>sed</span> 
     </span>
    </p>

    <p class='ocr_par' dir='ltr' id='par_1_12' title="bbox 99 2730 1931 3245">
     <span class='ocr_line' id='line_1_29' title="bbox 137 2730 1852 2803; baseline 0.001 -15"><span class='ocrx_word' id='word_1_361' title='bbox 137 2736 217 2789; x_wconf 83' lang='lat' dir='ltr'>Vens.</span> <span class='ocrx_word' id='word_1_362' title='bbox 239 2735 283 2789; x_wconf 78' lang='lat'>47.</span> <span class='ocrx_word' id='word_1_363' title='bbox 306 2763 341 2775; x_wconf 92' lang='lat'><em>-</em></span> <span class='ocrx_word' id='word_1_364' title='bbox 363 2735 456 2790; x_wconf 85' lang='lat' dir='ltr'>Soluos</span> <span class='ocrx_word' id='word_1_365' title='bbox 482 2734 529 2799; x_wconf 79' lang='lat' dir='ltr'>suo</span> <span class='ocrx_word' id='word_1_366' title='bbox 553 2747 610 2787; x_wconf 83' lang='lat' dir='ltr'>uos.</span> <span class='ocrx_word' id='word_1_367' title='bbox 629 2730 729 2802; x_wconf 79' lang='lat' dir='ltr'>(Cass.)</span> <span class='ocrx_word' id='word_1_368' title='bbox 757 2731 840 2785; x_wconf 84' lang='lat' dir='ltr'>Sexta</span> <span class='ocrx_word' id='word_1_369' title='bbox 872 2746 948 2801; x_wconf 79' lang='lat' dir='ltr'>pars,</span> <span class='ocrx_word' id='word_1_370' title='bbox 1005 2747 1064 2786; x_wconf 91' lang='lat' dir='ltr'>non</span> <span class='ocrx_word' id='word_1_371' title='bbox 1094 2731 1220 2798; x_wconf 90' lang='lat' dir='ltr'>vincere;</span> <span class='ocrx_word' id='word_1_372' title='bbox 1237 2736 1265 2786; x_wconf 91' lang='lat' dir='ltr'>et</span> <span class='ocrx_word' id='word_1_373' title='bbox 1291 2737 1432 2801; x_wconf 86' lang='lat' dir='ltr'>tepresso</span> <span class='ocrx_word' id='word_1_374' title='bbox 1457 2736 1507 2786; x_wconf 85' lang='lat' dir='ltr'>tua</span> <span class='ocrx_word' id='word_1_375' title='bbox 1528 2735 1852 2803; x_wconf 88' lang='lat' dir='ltr'>pravaconsuetudina,</span> 
     </span>
     <span class='ocr_line' id='line_1_30' title="bbox 99 2817 1856 2893; baseline -0.001 -15"><span class='ocrx_word' id='word_1_376' title='bbox 99 2825 164 2879; x_wconf 79' lang='lat' dir='ltr'>lam</span> <span class='ocrx_word' id='word_1_377' title='bbox 179 2823 262 2893; x_wconf 92' lang='lat' dir='ltr'>copia</span> <span class='ocrx_word' id='word_1_378' title='bbox 274 2822 365 2876; x_wconf 89' lang='lat' dir='ltr'>laudis</span> <span class='ocrx_word' id='word_1_379' title='bbox 381 2821 429 2876; x_wconf 86' lang='lat' dir='ltr'>[lei</span> <span class='ocrx_word' id='word_1_380' title='bbox 439 2821 567 2892; x_wconf 84' lang='lat' dir='ltr'>expletus</span> <span class='ocrx_word' id='word_1_381' title='bbox 577 2824 709 2891; x_wconf 85' lang='lat' dir='ltr'>precatur</span> <span class='ocrx_word' id='word_1_382' title='bbox 723 2820 800 2891; x_wconf 93' lang='lat' dir='ltr'>quod</span> <span class='ocrx_word' id='word_1_383' title='bbox 821 2818 951 2873; x_wconf 87' lang='lat' dir='ltr'>loturum</span> <span class='ocrx_word' id='word_1_384' title='bbox 1008 2817 1206 2872; x_wconf 88' lang='lat' dir='ltr'>humiliabitur</span> <span class='ocrx_word' id='word_1_385' title='bbox 1220 2834 1279 2885; x_wconf 88' lang='lat' dir='ltr'>cor,</span> <span class='ocrx_word' id='word_1_386' title='bbox 1296 2818 1428 2873; x_wconf 89' lang='lat' dir='ltr'>uldiseas</span> <span class='ocrx_word' id='word_1_387' title='bbox 1443 2819 1576 2887; x_wconf 87' lang='lat' dir='ltr'>clamare,</span> <span class='ocrx_word' id='word_1_388' title='bbox 1593 2820 1667 2876; x_wconf 88' lang='lat' dir='ltr'>unde</span> <span class='ocrx_word' id='word_1_389' title='bbox 1683 2821 1780 2877; x_wconf 88' lang='lat' dir='ltr'>subdit</span> <span class='ocrx_word' id='word_1_390' title='bbox 1796 2839 1802 2876; x_wconf 93' lang='lat'>:</span> <span class='ocrx_word' id='word_1_391' title='bbox 1818 2825 1856 2878; x_wconf 82' lang='lat' dir='ltr'>Et</span> 
     </span>
     <span class='ocr_line' id='line_1_31' title="bbox 101 2900 1233 2979; baseline -0.005 -13"><span class='ocrx_word' id='word_1_392' title='bbox 101 2912 184 2978; x_wconf 87' lang='lat' dir='ltr'>vidit,</span> <span class='ocrx_word' id='word_1_393' title='bbox 201 2917 232 2966; x_wconf 92' lang='lat' dir='ltr'>ut</span> <span class='ocrx_word' id='word_1_394' title='bbox 254 2911 375 2966; x_wconf 85' lang='lat' dir='ltr'>Ecclesia</span> <span class='ocrx_word' id='word_1_395' title='bbox 399 2910 434 2965; x_wconf 90' lang='lat' dir='ltr'>de</span> <span class='ocrx_word' id='word_1_396' title='bbox 455 2909 587 2964; x_wconf 91' lang='lat' dir='ltr'>omnibus</span> <span class='ocrx_word' id='word_1_397' title='bbox 602 2908 735 2979; x_wconf 90' lang='lat' dir='ltr'>gentibus</span> <span class='ocrx_word' id='word_1_398' title='bbox 750 2911 950 2979; x_wconf 81' lang='lat' dir='ltr'>congregetur,</span> <span class='ocrx_word' id='word_1_399' title='bbox 967 2900 988 2955; x_wconf 87' lang='lat' dir='ltr'>C</span> <span class='ocrx_word' id='word_1_400' title='bbox 1006 2907 1233 2962; x_wconf 72' lang='lat' dir='ltr'>mclumuverunt.</span> 
     </span>
     <span class='ocr_line' id='line_1_32' title="bbox 100 2995 1931 3070; baseline -0.001 -15"><span class='ocrx_word' id='word_1_401' title='bbox 100 3005 129 3056; x_wconf 89' lang='lat' dir='ltr'>et</span> <span class='ocrx_word' id='word_1_402' title='bbox 159 3000 257 3054; x_wconf 89' lang='lat' dir='ltr'>laudes</span> <span class='ocrx_word' id='word_1_403' title='bbox 287 3004 407 3053; x_wconf 75' lang='lat' dir='ltr'>aeternas</span> <span class='ocrx_word' id='word_1_404' title='bbox 435 3002 537 3052; x_wconf 86' lang='lat' dir='ltr'>cantet.</span> <span class='ocrx_word' id='word_1_405' title='bbox 583 2995 677 3066; x_wconf 80' lang='lat' dir='ltr'>(Auo.)</span> <span class='ocrx_word' id='word_1_406' title='bbox 706 2997 801 3052; x_wconf 77' lang='lat' dir='ltr'>Salvos</span> <span class='ocrx_word' id='word_1_407' title='bbox 824 2997 870 3062; x_wconf 77' lang='lat' dir='ltr'>soe</span> <span class='ocrx_word' id='word_1_408' title='bbox 894 3010 952 3063; x_wconf 86' lang='lat' dir='ltr'>nos,</span> <span class='ocrx_word' id='word_1_409' title='bbox 1043 2995 1122 3049; x_wconf 84' lang='lat' dir='ltr'>Vens.</span> <span class='ocrx_word' id='word_1_410' title='bbox 1161 2998 1202 3049; x_wconf 76' lang='lat'>13.</span> <span class='ocrx_word' id='word_1_411' title='bbox 1232 3025 1267 3034; x_wconf 92' lang='lat'>-</span> <span class='ocrx_word' id='word_1_412' title='bbox 1294 2997 1328 3050; x_wconf 81' lang='lat' dir='ltr'>llt</span> <span class='ocrx_word' id='word_1_413' title='bbox 1368 2995 1596 3070; x_wconf 73' lang='lat' dir='ltr'>exclamaveruut.</span> <span class='ocrx_word' id='word_1_414' title='bbox 1634 2997 1732 3069; x_wconf 74' lang='lat' dir='ltr'>(Cass.)</span> <span class='ocrx_word' id='word_1_415' title='bbox 1761 2997 1855 3055; x_wconf 90' lang='lat' dir='ltr'>Simili</span> <span class='ocrx_word' id='word_1_416' title='bbox 1928 3014 1931 3019; x_wconf 84' lang='grc'><strong>’</strong></span> 
     </span>
     <span class='ocr_line' id='line_1_33' title="bbox 100 3083 1597 3161; baseline -0.003 -18"><span class='ocrx_word' id='word_1_417' title='bbox 100 3088 186 3161; x_wconf 84' lang='lat' dir='ltr'>quasi</span> <span class='ocrx_word' id='word_1_418' title='bbox 204 3105 210 3142; x_wconf 91' lang='lat'>:</span> <span class='ocrx_word' id='word_1_419' title='bbox 228 3086 334 3142; x_wconf 85' lang='lat' dir='ltr'>Dedisti</span> <span class='ocrx_word' id='word_1_420' title='bbox 359 3084 566 3140; x_wconf 88' lang='lat' dir='ltr'>misericordias</span> <span class='ocrx_word' id='word_1_421' title='bbox 592 3085 622 3138; x_wconf 92' lang='lat' dir='ltr'>in</span> <span class='ocrx_word' id='word_1_422' title='bbox 638 3089 788 3154; x_wconf 89' lang='lat' dir='ltr'>conspectu</span> <span class='ocrx_word' id='word_1_423' title='bbox 810 3083 952 3151; x_wconf 90' lang='lat' dir='ltr'>omnium,</span> <span class='ocrx_word' id='word_1_424' title='bbox 1008 3099 1094 3138; x_wconf 89' lang='lat' dir='ltr'>causa</span> <span class='ocrx_word' id='word_1_425' title='bbox 1108 3083 1207 3138; x_wconf 90' lang='lat' dir='ltr'>eadem</span> <span class='ocrx_word' id='word_1_426' title='bbox 1220 3084 1361 3138; x_wconf 90' lang='lat' dir='ltr'>sententia</span> <span class='ocrx_word' id='word_1_427' title='bbox 1375 3099 1440 3155; x_wconf 78' lang='lat' dir='ltr'>quae</span> <span class='ocrx_word' id='word_1_428' title='bbox 1455 3088 1482 3138; x_wconf 90' lang='lat' dir='ltr'>et</span> <span class='ocrx_word' id='word_1_429' title='bbox 1501 3100 1597 3155; x_wconf 88' lang='lat' dir='ltr'>supra.</span> 
     </span>
     <span class='ocr_line' id='line_1_34' title="bbox 100 3172 1854 3245; baseline -0.001 -13"><span class='ocrx_word' id='word_1_430' title='bbox 100 3174 472 3245; x_wconf 80' lang='lat' dir='ltr'>etc.,usqueodsequitur.</span> <span class='ocrx_word' id='word_1_431' title='bbox 489 3176 727 3241; x_wconf 79' lang='lat' dir='ltr'>Eteouprepauos</span> <span class='ocrx_word' id='word_1_432' title='bbox 743 3173 952 3228; x_wconf 79' lang='lat' dir='ltr'>deuotionibus.</span> <span class='ocrx_word' id='word_1_433' title='bbox 1045 3172 1126 3226; x_wconf 82' lang='lat' dir='ltr'>Vens.</span> <span class='ocrx_word' id='word_1_434' title='bbox 1155 3174 1196 3225; x_wconf 87' lang='lat' dir='ltr'>l6.</span> <span class='ocrx_word' id='word_1_435' title='bbox 1212 3200 1247 3212; x_wconf 92' lang='lat'>—</span> <span class='ocrx_word' id='word_1_436' title='bbox 1275 3172 1374 3226; x_wconf 75' lang='lat' dir='ltr'>Portos</span> <span class='ocrx_word' id='word_1_437' title='bbox 1394 3172 1564 3243; x_wconf 80' lang='lat' dir='ltr'>areas.(lu.)</span> <span class='ocrx_word' id='word_1_438' title='bbox 1582 3175 1671 3228; x_wconf 77' lang='lat' dir='ltr'>Portae</span> <span class='ocrx_word' id='word_1_439' title='bbox 1687 3190 1780 3244; x_wconf 67' lang='lat' dir='ltr'>aereae,</span> <span class='ocrx_word' id='word_1_440' title='bbox 1802 3175 1854 3231; x_wconf 93' lang='lat' dir='ltr'>ho·</span> 
     </span>
    </p>

    <p class='ocr_par' dir='ltr' id='par_1_13' title="bbox 101 3260 1857 3687">
     <span class='ocr_line' id='line_1_35' title="bbox 141 3260 1856 3334; baseline 0 -15"><span class='ocrx_word' id='word_1_441' title='bbox 141 3267 223 3319; x_wconf 79' lang='lat' dir='ltr'>Vens.</span> <span class='ocrx_word' id='word_1_442' title='bbox 250 3264 293 3319; x_wconf 78' lang='lat' dir='ltr'>te.</span> <span class='ocrx_word' id='word_1_443' title='bbox 315 3263 516 3318; x_wconf 77' lang='lat' dir='ltr'>-Bmedictus</span> <span class='ocrx_word' id='word_1_444' title='bbox 544 3263 683 3316; x_wconf 75' lang='lat' dir='ltr'>dominus.</span> <span class='ocrx_word' id='word_1_445' title='bbox 711 3260 816 3331; x_wconf 78' lang='lat' dir='ltr'>(Cass.)</span> <span class='ocrx_word' id='word_1_446' title='bbox 832 3261 897 3315; x_wconf 86' lang='lat' dir='ltr'>llaec</span> <span class='ocrx_word' id='word_1_447' title='bbox 911 3264 956 3315; x_wconf 89' lang='lat' dir='ltr'>est</span> <span class='ocrx_word' id='word_1_448' title='bbox 1009 3260 1121 3315; x_wconf 90' lang='lat' dir='ltr'>minum</span> <span class='ocrx_word' id='word_1_449' title='bbox 1144 3260 1366 3315; x_wconf 90' lang='lat' dir='ltr'>consuetudines</span> <span class='ocrx_word' id='word_1_450' title='bbox 1382 3261 1577 3334; x_wconf 83' lang='lat' dir='ltr'>vitiosae,quae</span> <span class='ocrx_word' id='word_1_451' title='bbox 1601 3263 1711 3317; x_wconf 86' lang='lat' dir='ltr'>clausos</span> <span class='ocrx_word' id='word_1_452' title='bbox 1739 3263 1856 3319; x_wconf 91' lang='lat' dir='ltr'>nonsi-</span> 
     </span>
     <span class='ocr_line' id='line_1_36' title="bbox 101 3348 1181 3424; baseline -0.004 -15"><span class='ocrx_word' id='word_1_453' title='bbox 101 3357 178 3419; x_wconf 88' lang='lat' dir='ltr'>laus,</span> <span class='ocrx_word' id='word_1_454' title='bbox 208 3368 295 3424; x_wconf 88' lang='lat' dir='ltr'>quam</span> <span class='ocrx_word' id='word_1_455' title='bbox 320 3355 507 3423; x_wconf 90' lang='lat' dir='ltr'>congregatos</span> <span class='ocrx_word' id='word_1_456' title='bbox 535 3354 615 3421; x_wconf 92' lang='lat' dir='ltr'>optat</span> <span class='ocrx_word' id='word_1_457' title='bbox 641 3353 766 3415; x_wconf 87' lang='lat' dir='ltr'>cantare,</span> <span class='ocrx_word' id='word_1_458' title='bbox 796 3349 850 3403; x_wconf 88' lang='lat' dir='ltr'>hoc</span> <span class='ocrx_word' id='word_1_459' title='bbox 877 3364 955 3403; x_wconf 92' lang='lat' dir='ltr'>nunc</span> <span class='ocrx_word' id='word_1_460' title='bbox 1010 3348 1181 3405; x_wconf 83' lang='lat' dir='ltr'>uuutexire.</span> 
     </span>
     <span class='ocr_line' id='line_1_37' title="bbox 102 3436 1854 3516; baseline -0.002 -18"><span class='ocrx_word' id='word_1_461' title='bbox 102 3447 202 3499; x_wconf 90' lang='lat' dir='ltr'>cantat</span> <span class='ocrx_word' id='word_1_462' title='bbox 216 3440 337 3496; x_wconf 85' lang='lat' dir='ltr'>Ecclesia</span> <span class='ocrx_word' id='word_1_463' title='bbox 357 3440 391 3495; x_wconf 89' lang='lat' dir='ltr'>de</span> <span class='ocrx_word' id='word_1_464' title='bbox 415 3444 494 3494; x_wconf 89' lang='lat' dir='ltr'>tanto</span> <span class='ocrx_word' id='word_1_465' title='bbox 518 3438 593 3492; x_wconf 92' lang='lat' dir='ltr'>bono</span> <span class='ocrx_word' id='word_1_466' title='bbox 608 3439 680 3491; x_wconf 85' lang='lat' dir='ltr'>laeta.</span> <span class='ocrx_word' id='word_1_467' title='bbox 697 3439 723 3493; x_wconf 85' lang='lat' dir='ltr'><strong><em>A</em></strong></span> <span class='ocrx_word' id='word_1_468' title='bbox 738 3438 833 3492; x_wconf 74' lang='lat' dir='ltr'>saeculo</span> <span class='ocrx_word' id='word_1_469' title='bbox 859 3451 955 3506; x_wconf 83' lang='lat' dir='ltr'>usque,</span> <span class='ocrx_word' id='word_1_470' title='bbox 1048 3438 1149 3516; x_wconf 65' lang='lat' dir='ltr'>Vestes.</span> <span class='ocrx_word' id='word_1_471' title='bbox 1179 3436 1301 3508; x_wconf 86' lang='lat' dir='ltr'>Spiritus</span> <span class='ocrx_word' id='word_1_472' title='bbox 1324 3436 1477 3507; x_wconf 91' lang='lat' dir='ltr'>immundi,</span> <span class='ocrx_word' id='word_1_473' title='bbox 1506 3439 1555 3510; x_wconf 91' lang='lat' dir='ltr'>qui</span> <span class='ocrx_word' id='word_1_474' title='bbox 1586 3444 1683 3509; x_wconf 90' lang='lat' dir='ltr'>portas</span> <span class='ocrx_word' id='word_1_475' title='bbox 1710 3440 1854 3495; x_wconf 84' lang='lat' dir='ltr'>obserant.</span> 
     </span>
     <span class='ocr_line' id='line_1_38' title="bbox 103 3526 1857 3598; baseline -0.002 -11"><span class='ocrx_word' id='word_1_476' title='bbox 103 3538 178 3595; x_wconf 65' lang='lat' dir='ltr'>etc„</span> <span class='ocrx_word' id='word_1_477' title='bbox 200 3531 295 3596; x_wconf 87' lang='lat' dir='ltr'>idest,</span> <span class='ocrx_word' id='word_1_478' title='bbox 329 3531 363 3584; x_wconf 86' lang='lat' dir='ltr'>ab</span> <span class='ocrx_word' id='word_1_479' title='bbox 390 3535 498 3583; x_wconf 87' lang='lat' dir='ltr'>aetcruo</span> <span class='ocrx_word' id='word_1_480' title='bbox 523 3527 553 3581; x_wconf 90' lang='lat' dir='ltr'>in</span> <span class='ocrx_word' id='word_1_481' title='bbox 568 3533 720 3588; x_wconf 76' lang='lat' dir='ltr'>aternum,</span> <span class='ocrx_word' id='word_1_482' title='bbox 733 3527 802 3598; x_wconf 89' lang='lat' dir='ltr'>quia</span> <span class='ocrx_word' id='word_1_483' title='bbox 821 3526 882 3580; x_wconf 90' lang='lat' dir='ltr'>sine</span> <span class='ocrx_word' id='word_1_484' title='bbox 898 3526 955 3581; x_wconf 89' lang='lat' dir='ltr'>lina</span> <span class='ocrx_word' id='word_1_485' title='bbox 1010 3527 1117 3594; x_wconf 82' lang='lat' dir='ltr'>AEreos,</span> <span class='ocrx_word' id='word_1_486' title='bbox 1133 3526 1250 3594; x_wconf 79' lang='lat' dir='ltr'>ferreos,</span> <span class='ocrx_word' id='word_1_487' title='bbox 1267 3542 1319 3598; x_wconf 91' lang='lat' dir='ltr'>pro</span> <span class='ocrx_word' id='word_1_488' title='bbox 1336 3527 1506 3583; x_wconf 81' lang='lat' dir='ltr'>tortitudine</span> <span class='ocrx_word' id='word_1_489' title='bbox 1519 3529 1613 3598; x_wconf 89' lang='lat' dir='ltr'>ponit,</span> <span class='ocrx_word' id='word_1_490' title='bbox 1625 3528 1674 3583; x_wconf 90' lang='lat' dir='ltr'>sed</span> <span class='ocrx_word' id='word_1_491' title='bbox 1694 3529 1782 3585; x_wconf 90' lang='lat' dir='ltr'>virtus</span> <span class='ocrx_word' id='word_1_492' title='bbox 1807 3530 1857 3584; x_wconf 86' lang='lat' dir='ltr'>llei</span> 
     </span>
     <span class='ocr_line' id='line_1_39' title="bbox 102 3613 1127 3687; baseline -0.005 -12"><span class='ocrx_word' id='word_1_493' title='bbox 102 3619 272 3675; x_wconf 87' lang='lat' dir='ltr'>laudabitur</span> <span class='ocrx_word' id='word_1_494' title='bbox 301 3635 307 3672; x_wconf 92' lang='lat'>:</span> <span class='ocrx_word' id='word_1_495' title='bbox 335 3619 396 3672; x_wconf 82' lang='lat' dir='ltr'>haec</span> <span class='ocrx_word' id='word_1_496' title='bbox 421 3621 464 3671; x_wconf 86' lang='lat' dir='ltr'>est</span> <span class='ocrx_word' id='word_1_497' title='bbox 489 3615 574 3670; x_wconf 87' lang='lat' dir='ltr'>tertia</span> <span class='ocrx_word' id='word_1_498' title='bbox 600 3616 807 3670; x_wconf 84' lang='lat' dir='ltr'>consummatio</span> <span class='ocrx_word' id='word_1_499' title='bbox 830 3615 955 3687; x_wconf 88' lang='lat' dir='ltr'>corporis</span> <span class='ocrx_word' id='word_1_500' title='bbox 1010 3613 1127 3686; x_wconf 78' lang='lat' dir='ltr'>frangit.</span> 
     </span>
    </p>

    <p class='ocr_par' dir='ltr' id='par_1_14' title="bbox 105 3703 1857 3778">
     <span class='ocr_line' id='line_1_40' title="bbox 105 3703 1857 3778; baseline -0.002 -15"><span class='ocrx_word' id='word_1_501' title='bbox 105 3708 211 3764; x_wconf 87' lang='lat' dir='ltr'>Christi</span> <span class='ocrx_word' id='word_1_502' title='bbox 226 3709 257 3762; x_wconf 91' lang='lat' dir='ltr'>in</span> <span class='ocrx_word' id='word_1_503' title='bbox 285 3707 510 3772; x_wconf 88' lang='lat' dir='ltr'>immortalitate,</span> <span class='ocrx_word' id='word_1_504' title='bbox 535 3705 610 3776; x_wconf 90' lang='lat' dir='ltr'>quud</span> <span class='ocrx_word' id='word_1_505' title='bbox 631 3705 661 3757; x_wconf 92' lang='lat' dir='ltr'>in</span> <span class='ocrx_word' id='word_1_506' title='bbox 689 3704 831 3775; x_wconf 90' lang='lat' dir='ltr'>principio</span> <span class='ocrx_word' id='word_1_507' title='bbox 852 3703 956 3775; x_wconf 91' lang='lat' dir='ltr'>psalmi</span> <span class='ocrx_word' id='word_1_508' title='bbox 1047 3705 1126 3757; x_wconf 75' lang='lat' dir='ltr'>lans.</span> <span class='ocrx_word' id='word_1_509' title='bbox 1149 3705 1191 3758; x_wconf 83' lang='lat' dir='ltr'>lu.</span> <span class='ocrx_word' id='word_1_510' title='bbox 1208 3734 1242 3742; x_wconf 91' lang='lat'>-</span> <span class='ocrx_word' id='word_1_511' title='bbox 1265 3703 1374 3758; x_wconf 81' lang='lat' dir='ltr'>Omnem</span> <span class='ocrx_word' id='word_1_512' title='bbox 1404 3718 1500 3758; x_wconf 84' lang='lat' dir='ltr'>escum.</span> <span class='ocrx_word' id='word_1_513' title='bbox 1526 3707 1622 3771; x_wconf 76' lang='lat' dir='ltr'>(Auo.)</span> <span class='ocrx_word' id='word_1_514' title='bbox 1647 3705 1753 3770; x_wconf 80' lang='lat' dir='ltr'>Quarta</span> <span class='ocrx_word' id='word_1_515' title='bbox 1779 3722 1857 3778; x_wconf 90' lang='lat' dir='ltr'>pars,</span> 
     </span>
    </p>

    <p class='ocr_par' dir='ltr' id='par_1_15' title="bbox 103 3791 1859 3863">
     <span class='ocr_line' id='line_1_41' title="bbox 103 3791 1859 3863; baseline -0.002 -11"><span class='ocrx_word' id='word_1_516' title='bbox 103 3802 218 3853; x_wconf 88' lang='lat' dir='ltr'>oratum</span> <span class='ocrx_word' id='word_1_517' title='bbox 239 3799 299 3850; x_wconf 87' lang='lat' dir='ltr'>est:</span> <span class='ocrx_word' id='word_1_518' title='bbox 317 3797 445 3850; x_wconf 82' lang='lat' dir='ltr'>Memento</span> <span class='ocrx_word' id='word_1_519' title='bbox 464 3797 561 3859; x_wconf 83' lang='lat' dir='ltr'>nostri,</span> <span class='ocrx_word' id='word_1_520' title='bbox 580 3793 709 3858; x_wconf 77' lang='lat' dir='ltr'>bomine,</span> <span class='ocrx_word' id='word_1_521' title='bbox 735 3794 766 3846; x_wconf 83' lang='lat' dir='ltr'>in</span> <span class='ocrx_word' id='word_1_522' title='bbox 786 3793 954 3862; x_wconf 80' lang='lat' dir='ltr'>beneplacita</span> <span class='ocrx_word' id='word_1_523' title='bbox 1011 3791 1060 3846; x_wconf 94' lang='lat' dir='ltr'>ubi</span> <span class='ocrx_word' id='word_1_524' title='bbox 1085 3792 1204 3862; x_wconf 90' lang='lat' dir='ltr'>ponitur</span> <span class='ocrx_word' id='word_1_525' title='bbox 1230 3791 1314 3845; x_wconf 91' lang='lat' dir='ltr'>tertia</span> <span class='ocrx_word' id='word_1_526' title='bbox 1344 3793 1473 3856; x_wconf 87' lang='lat' dir='ltr'>tentatio,</span> <span class='ocrx_word' id='word_1_527' title='bbox 1503 3807 1568 3863; x_wconf 82' lang='lat' dir='ltr'>qoae</span> <span class='ocrx_word' id='word_1_528' title='bbox 1589 3797 1631 3847; x_wconf 88' lang='lat' dir='ltr'>est</span> <span class='ocrx_word' id='word_1_529' title='bbox 1650 3794 1777 3847; x_wconf 81' lang='lat' dir='ltr'>taedium.</span> <span class='ocrx_word' id='word_1_530' title='bbox 1803 3793 1859 3858; x_wconf 79' lang='lat' dir='ltr'>Qui</span> 
     </span>
    </p>

    <p class='ocr_par' dir='ltr' id='par_1_16' title="bbox 99 3878 1857 3958">
     <span class='ocr_line' id='line_1_42' title="bbox 99 3878 1857 3958; baseline -0.002 -18"><span class='ocrx_word' id='word_1_531' title='bbox 99 3887 202 3958; x_wconf 84' lang='lat' dir='ltr'>populi</span> <span class='ocrx_word' id='word_1_532' title='bbox 223 3883 496 3951; x_wconf 85' lang='lat' dir='ltr'>tuiadvideudum,</span> <span class='ocrx_word' id='word_1_533' title='bbox 530 3883 564 3936; x_wconf 89' lang='lat' dir='ltr'>ad</span> <span class='ocrx_word' id='word_1_534' title='bbox 589 3882 757 3948; x_wconf 75' lang='lat' dir='ltr'>laetandum,</span> <span class='ocrx_word' id='word_1_535' title='bbox 784 3880 954 3936; x_wconf 86' lang='lat' dir='ltr'>utlauderis</span> <span class='ocrx_word' id='word_1_536' title='bbox 1011 3895 1098 3949; x_wconf 87' lang='lat' dir='ltr'>supra</span> <span class='ocrx_word' id='word_1_537' title='bbox 1113 3878 1189 3933; x_wconf 88' lang='lat' dir='ltr'>lame</span> <span class='ocrx_word' id='word_1_538' title='bbox 1200 3878 1386 3949; x_wconf 90' lang='lat' dir='ltr'>languebant,</span> <span class='ocrx_word' id='word_1_539' title='bbox 1410 3878 1480 3933; x_wconf 93' lang='lat' dir='ltr'>item</span> <span class='ocrx_word' id='word_1_540' title='bbox 1507 3879 1620 3934; x_wconf 87' lang='lat' dir='ltr'>lastidio</span> <span class='ocrx_word' id='word_1_541' title='bbox 1649 3881 1857 3952; x_wconf 84' lang='lat' dir='ltr'>periclitantur.</span> 
     </span>
    </p>

    <p class='ocr_par' dir='ltr' id='par_1_17' title="bbox 102 3965 1858 4129">
     <span class='ocr_line' id='line_1_43' title="bbox 102 3965 1858 4039; baseline -0.003 -10"><span class='ocrx_word' id='word_1_542' title='bbox 102 3991 173 4030; x_wconf 92' lang='lat' dir='ltr'>cum</span> <span class='ocrx_word' id='word_1_543' title='bbox 188 3972 355 4028; x_wconf 80' lang='lat' dir='ltr'>haereditate</span> <span class='ocrx_word' id='word_1_544' title='bbox 369 3977 428 4026; x_wconf 87' lang='lat' dir='ltr'>tua.</span> <span class='ocrx_word' id='word_1_545' title='bbox 1011 3981 1047 4021; x_wconf 90' lang='lat' dir='ltr'>ne</span> <span class='ocrx_word' id='word_1_546' title='bbox 1076 3981 1145 4036; x_wconf 90' lang='lat' dir='ltr'>ergo</span> <span class='ocrx_word' id='word_1_547' title='bbox 1165 3970 1247 4037; x_wconf 91' lang='lat' dir='ltr'>pules</span> <span class='ocrx_word' id='word_1_548' title='bbox 1263 3965 1298 4019; x_wconf 90' lang='lat' dir='ltr'>de</span> <span class='ocrx_word' id='word_1_549' title='bbox 1313 3965 1440 4020; x_wconf 87' lang='lat' dir='ltr'>satietate</span> <span class='ocrx_word' id='word_1_550' title='bbox 1460 3982 1584 4034; x_wconf 89' lang='lat' dir='ltr'>securos,</span> <span class='ocrx_word' id='word_1_551' title='bbox 1605 3969 1673 4039; x_wconf 92' lang='lat' dir='ltr'>quia</span> <span class='ocrx_word' id='word_1_552' title='bbox 1691 3974 1720 4024; x_wconf 90' lang='lat' dir='ltr'>at</span> <span class='ocrx_word' id='word_1_553' title='bbox 1743 3970 1858 4026; x_wconf 85' lang='lat' dir='ltr'>fastidio</span> 
     </span>
     <span class='ocr_line' id='line_1_44' title="bbox 537 4053 1657 4129; baseline 0.004 -22"><span class='ocrx_word' id='word_1_554' title='bbox 537 4114 544 4124; x_wconf 81' lang='lat'><em>.</em></span> <span class='ocrx_word' id='word_1_555' title='bbox 598 4114 604 4129; x_wconf 37' lang='grc'>1</span> <span class='ocrx_word' id='word_1_556' title='bbox 1013 4055 1186 4109; x_wconf 83' lang='lat' dir='ltr'>morirmtur.</span> <span class='ocrx_word' id='word_1_557' title='bbox 1203 4053 1584 4123; x_wconf 83' lang='lat' dir='ltr'>Ethocestomoemescom,</span> <span class='ocrx_word' id='word_1_558' title='bbox 1601 4061 1657 4112; x_wconf 88' lang='lat' dir='ltr'>etc.</span> 
     </span>
    </p>

    <p class='ocr_par' dir='ltr' id='par_1_18' title="bbox 410 4112 1858 4238">
     <span class='ocr_line' id='line_1_45' title="bbox 410 4112 1858 4238; baseline 0.001 -39"><span class='ocrx_word' id='word_1_559' title='bbox 410 4113 565 4170; x_wconf 62' lang='lat' dir='ltr'>PSALMbS</span> <span class='ocrx_word' id='word_1_560' title='bbox 585 4112 651 4166; x_wconf 62' lang='lat' dir='ltr'>(NL</span> <span class='ocrx_word' id='word_1_561' title='bbox 970 4185 992 4238; x_wconf 73' lang='lat' dir='ltr'>D</span> <span class='ocrx_word' id='word_1_562' title='bbox 1048 4143 1139 4213; x_wconf 76' lang='lat' dir='ltr'>(Aac.)</span> <span class='ocrx_word' id='word_1_563' title='bbox 1154 4144 1309 4214; x_wconf 82' lang='lat' dir='ltr'>Postquam</span> <span class='ocrx_word' id='word_1_564' title='bbox 1324 4142 1403 4197; x_wconf 85' lang='lat' dir='ltr'>venit</span> <span class='ocrx_word' id='word_1_565' title='bbox 1413 4143 1447 4197; x_wconf 86' lang='lat' dir='ltr'>de</span> <span class='ocrx_word' id='word_1_566' title='bbox 1467 4142 1630 4216; x_wconf 79' lang='lat' dir='ltr'>ignorantia</span> <span class='ocrx_word' id='word_1_567' title='bbox 1645 4145 1681 4201; x_wconf 90' lang='lat' dir='ltr'>ad</span> <span class='ocrx_word' id='word_1_568' title='bbox 1696 4145 1858 4218; x_wconf 89' lang='lat' dir='ltr'>veritatem,</span> 
     </span>
    </p>

    <p class='ocr_par' dir='ltr' id='par_1_19' title="bbox 104 4231 1859 4492">
     <span class='ocr_line' id='line_1_46' title="bbox 141 4231 1857 4309; baseline -0.002 -14"><span class='ocrx_word' id='word_1_569' title='bbox 141 4240 272 4303; x_wconf 81' lang='lat' dir='ltr'>Alleluia,</span> <span class='ocrx_word' id='word_1_570' title='bbox 296 4240 416 4294; x_wconf 84' lang='lat' dir='ltr'>alleluiu.</span> <span class='ocrx_word' id='word_1_571' title='bbox 435 4239 526 4309; x_wconf 63' lang='lat' dir='ltr'>(Auo.)</span> <span class='ocrx_word' id='word_1_572' title='bbox 555 4236 604 4292; x_wconf 84' lang='lat' dir='ltr'>ilic</span> <span class='ocrx_word' id='word_1_573' title='bbox 630 4236 757 4307; x_wconf 86' lang='lat' dir='ltr'>psalmus</span> <span class='ocrx_word' id='word_1_574' title='bbox 774 4232 959 4288; x_wconf 87' lang='lat' dir='ltr'>commendat</span> <span class='ocrx_word' id='word_1_575' title='bbox 1016 4232 1050 4287; x_wconf 92' lang='lat' dir='ltr'>de</span> <span class='ocrx_word' id='word_1_576' title='bbox 1065 4247 1162 4286; x_wconf 91' lang='lat' dir='ltr'>errore</span> <span class='ocrx_word' id='word_1_577' title='bbox 1174 4231 1208 4287; x_wconf 86' lang='lat' dir='ltr'>ad</span> <span class='ocrx_word' id='word_1_578' title='bbox 1222 4231 1308 4299; x_wconf 87' lang='lat' dir='ltr'>viam,</span> <span class='ocrx_word' id='word_1_579' title='bbox 1325 4231 1360 4286; x_wconf 90' lang='lat' dir='ltr'>de</span> <span class='ocrx_word' id='word_1_580' title='bbox 1385 4231 1460 4287; x_wconf 82' lang='lat' dir='ltr'>fame</span> <span class='ocrx_word' id='word_1_581' title='bbox 1483 4233 1632 4304; x_wconf 88' lang='lat' dir='ltr'>sapientiae</span> <span class='ocrx_word' id='word_1_582' title='bbox 1647 4234 1682 4290; x_wconf 90' lang='lat' dir='ltr'>ad</span> <span class='ocrx_word' id='word_1_583' title='bbox 1696 4235 1857 4305; x_wconf 87' lang='lat' dir='ltr'>veritatem,</span> 
     </span>
     <span class='ocr_line' id='line_1_47' title="bbox 104 4319 1859 4394; baseline -0.002 -10"><span class='ocrx_word' id='word_1_584' title='bbox 104 4329 331 4384; x_wconf 86' lang='lat' dir='ltr'>misericordiam</span> <span class='ocrx_word' id='word_1_585' title='bbox 360 4328 420 4391; x_wconf 87' lang='lat' dir='ltr'>llei,</span> <span class='ocrx_word' id='word_1_586' title='bbox 452 4332 517 4390; x_wconf 79' lang='lat' dir='ltr'>etc,</span> <span class='ocrx_word' id='word_1_587' title='bbox 541 4340 625 4393; x_wconf 80' lang='lat' dir='ltr'>usque</span> <span class='ocrx_word' id='word_1_588' title='bbox 649 4324 686 4377; x_wconf 80' lang='lat' dir='ltr'>ud</span> <span class='ocrx_word' id='word_1_589' title='bbox 709 4339 774 4394; x_wconf 71' lang='lat' dir='ltr'>quae</span> <span class='ocrx_word' id='word_1_590' title='bbox 803 4322 961 4393; x_wconf 76' lang='lat' dir='ltr'>Apostolus</span> <span class='ocrx_word' id='word_1_591' title='bbox 1012 4319 1090 4386; x_wconf 88' lang='lat' dir='ltr'>fidei,</span> <span class='ocrx_word' id='word_1_592' title='bbox 1117 4325 1146 4374; x_wconf 89' lang='lat' dir='ltr'>et</span> <span class='ocrx_word' id='word_1_593' title='bbox 1173 4325 1325 4391; x_wconf 88' lang='lat' dir='ltr'>postquam</span> <span class='ocrx_word' id='word_1_594' title='bbox 1352 4319 1533 4377; x_wconf 83' lang='lat' dir='ltr'>difficultates</span> <span class='ocrx_word' id='word_1_595' title='bbox 1561 4324 1701 4378; x_wconf 87' lang='lat' dir='ltr'>malorum</span> <span class='ocrx_word' id='word_1_596' title='bbox 1724 4323 1801 4392; x_wconf 90' lang='lat' dir='ltr'>vicit,</span> <span class='ocrx_word' id='word_1_597' title='bbox 1826 4329 1859 4380; x_wconf 90' lang='lat' dir='ltr'>ut</span> 
     </span>
     <span class='ocr_line' id='line_1_48' title="bbox 105 4408 1859 4492; baseline -0.002 -20"><span class='ocrx_word' id='word_1_598' title='bbox 105 4418 215 4492; x_wconf 90' lang='lat' dir='ltr'>posuit,</span> <span class='ocrx_word' id='word_1_599' title='bbox 232 4417 362 4488; x_wconf 90' lang='lat' dir='ltr'>quamvis</span> <span class='ocrx_word' id='word_1_600' title='bbox 376 4417 451 4470; x_wconf 92' lang='lat' dir='ltr'>idem</span> <span class='ocrx_word' id='word_1_601' title='bbox 468 4412 671 4485; x_wconf 83' lang='lat' dir='ltr'>significantia.</span> <span class='ocrx_word' id='word_1_602' title='bbox 1012 4409 1072 4463; x_wconf 89' lang='lat' dir='ltr'>sine</span> <span class='ocrx_word' id='word_1_603' title='bbox 1088 4411 1205 4480; x_wconf 90' lang='lat' dir='ltr'>querela</span> <span class='ocrx_word' id='word_1_604' title='bbox 1221 4408 1306 4477; x_wconf 80' lang='lat' dir='ltr'>vivat,</span> <span class='ocrx_word' id='word_1_605' title='bbox 1323 4414 1409 4463; x_wconf 88' lang='lat' dir='ltr'>restat</span> <span class='ocrx_word' id='word_1_606' title='bbox 1423 4411 1551 4476; x_wconf 73' lang='lat' dir='ltr'>taedium,</span> <span class='ocrx_word' id='word_1_607' title='bbox 1569 4418 1600 4465; x_wconf 94' lang='lat' dir='ltr'>ut</span> <span class='ocrx_word' id='word_1_608' title='bbox 1623 4412 1779 4484; x_wconf 88' lang='lat' dir='ltr'>aliquando</span> <span class='ocrx_word' id='word_1_609' title='bbox 1807 4430 1859 4469; x_wconf 88' lang='lat' dir='ltr'>nee</span> 
     </span>
    </p>

    <p class='ocr_par' dir='ltr' id='par_1_20' title="bbox 104 4498 1860 4753">
     <span class='ocr_line' id='line_1_49' title="bbox 142 4498 1859 4573; baseline -0.002 -13"><span class='ocrx_word' id='word_1_610' title='bbox 142 4508 225 4560; x_wconf 80' lang='lat' dir='ltr'>Vens.</span> <span class='ocrx_word' id='word_1_611' title='bbox 256 4509 280 4560; x_wconf 90' lang='lat' dir='ltr'>l.</span> <span class='ocrx_word' id='word_1_612' title='bbox 309 4536 344 4545; x_wconf 97' lang='lat'>—</span> <span class='ocrx_word' id='word_1_613' title='bbox 365 4504 534 4573; x_wconf 75' lang='lat' dir='ltr'>Confitemini</span> <span class='ocrx_word' id='word_1_614' title='bbox 557 4505 676 4556; x_wconf 77' lang='lat' dir='ltr'>Domino.</span> <span class='ocrx_word' id='word_1_615' title='bbox 705 4499 769 4570; x_wconf 76' lang='lat' dir='ltr'>(lul</span> <span class='ocrx_word' id='word_1_616' title='bbox 801 4501 886 4554; x_wconf 87' lang='lat' dir='ltr'>[locet</span> <span class='ocrx_word' id='word_1_617' title='bbox 909 4498 956 4553; x_wconf 86' lang='lat' dir='ltr'>bic</span> <span class='ocrx_word' id='word_1_618' title='bbox 1012 4498 1119 4569; x_wconf 86' lang='lat' dir='ltr'>legera,</span> <span class='ocrx_word' id='word_1_619' title='bbox 1147 4513 1200 4551; x_wconf 88' lang='lat' dir='ltr'>nec</span> <span class='ocrx_word' id='word_1_620' title='bbox 1227 4512 1309 4552; x_wconf 90' lang='lat' dir='ltr'>orare</span> <span class='ocrx_word' id='word_1_621' title='bbox 1338 4498 1474 4566; x_wconf 88' lang='lat' dir='ltr'>delectet;</span> <span class='ocrx_word' id='word_1_622' title='bbox 1501 4500 1589 4554; x_wconf 87' lang='lat' dir='ltr'>evasit</span> <span class='ocrx_word' id='word_1_623' title='bbox 1623 4500 1800 4571; x_wconf 88' lang='lat' dir='ltr'>imperitiam</span> <span class='ocrx_word' id='word_1_624' title='bbox 1830 4506 1859 4556; x_wconf 89' lang='lat' dir='ltr'>et</span> 
     </span>
     <span class='ocr_line' id='line_1_50' title="bbox 104 4584 1592 4669; baseline -0.005 -19"><span class='ocrx_word' id='word_1_625' title='bbox 104 4595 235 4669; x_wconf 90' lang='lat' dir='ltr'>psalmus</span> <span class='ocrx_word' id='word_1_626' title='bbox 264 4594 334 4666; x_wconf 87' lang='lat' dir='ltr'>quid</span> <span class='ocrx_word' id='word_1_627' title='bbox 363 4594 452 4648; x_wconf 89' lang='lat' dir='ltr'>simus</span> <span class='ocrx_word' id='word_1_628' title='bbox 479 4608 530 4663; x_wconf 89' lang='lat' dir='ltr'>per</span> <span class='ocrx_word' id='word_1_629' title='bbox 556 4608 618 4659; x_wconf 83' lang='lat' dir='ltr'>rios,</span> <span class='ocrx_word' id='word_1_630' title='bbox 640 4594 705 4652; x_wconf 83' lang='lat' dir='ltr'>etc,</span> <span class='ocrx_word' id='word_1_631' title='bbox 729 4587 957 4658; x_wconf 83' lang='lat' dir='ltr'>usqueudprius</span> <span class='ocrx_word' id='word_1_632' title='bbox 1011 4584 1283 4656; x_wconf 89' lang='lat' dir='ltr'>concupiscentiam,</span> <span class='ocrx_word' id='word_1_633' title='bbox 1300 4585 1592 4643; x_wconf 83' lang='lat' dir='ltr'>sedmoriturlaedio.</span> 
     </span>
     <span class='ocr_line' id='line_1_51' title="bbox 105 4675 1860 4753; baseline -0.004 -13"><span class='ocrx_word' id='word_1_634' title='bbox 105 4690 207 4740; x_wconf 89' lang='lat' dir='ltr'>monet</span> <span class='ocrx_word' id='word_1_635' title='bbox 218 4684 382 4753; x_wconf 87' lang='lat' dir='ltr'>redemptos</span> <span class='ocrx_word' id='word_1_636' title='bbox 397 4681 538 4736; x_wconf 89' lang='lat' dir='ltr'>conliteri.</span> <span class='ocrx_word' id='word_1_637' title='bbox 557 4678 738 4749; x_wconf 77' lang='lat' dir='ltr'>Confitemini.</span> <span class='ocrx_word' id='word_1_638' title='bbox 1046 4676 1125 4729; x_wconf 82' lang='lat' dir='ltr'>Vsus.</span> <span class='ocrx_word' id='word_1_639' title='bbox 1155 4676 1200 4729; x_wconf 78' lang='lat'>23.</span> <span class='ocrx_word' id='word_1_640' title='bbox 1230 4692 1265 4715; x_wconf 55' lang='grc' dir='ltr'>-ι</span> <span class='ocrx_word' id='word_1_641' title='bbox 1295 4675 1348 4740; x_wconf 76' lang='lat' dir='ltr'>Qut</span> <span class='ocrx_word' id='word_1_642' title='bbox 1365 4675 1529 4729; x_wconf 77' lang='lat' dir='ltr'>descmdunt</span> <span class='ocrx_word' id='word_1_643' title='bbox 1555 4691 1640 4733; x_wconf 83' lang='lat' dir='ltr'>mare.</span> <span class='ocrx_word' id='word_1_644' title='bbox 1664 4676 1767 4741; x_wconf 86' lang='lat' dir='ltr'>Quinta</span> <span class='ocrx_word' id='word_1_645' title='bbox 1793 4694 1860 4749; x_wconf 90' lang='lat' dir='ltr'>pars</span> 
     </span>
    </p>

    <p class='ocr_par' dir='ltr' id='par_1_21' title="bbox 106 4762 1860 5019">
     <span class='ocr_line' id='line_1_52' title="bbox 141 4762 1635 4843; baseline -0.004 -16"><span class='ocrx_word' id='word_1_646' title='bbox 141 4774 244 4843; x_wconf 76' lang='lat' dir='ltr'>(Cass,</span> <span class='ocrx_word' id='word_1_647' title='bbox 269 4772 352 4840; x_wconf 77' lang='lat' dir='ltr'>Auo.)</span> <span class='ocrx_word' id='word_1_648' title='bbox 369 4771 456 4843; x_wconf 86' lang='lat' dir='ltr'>Cujus</span> <span class='ocrx_word' id='word_1_649' title='bbox 481 4774 546 4823; x_wconf 92' lang='lat' dir='ltr'>suut</span> <span class='ocrx_word' id='word_1_650' title='bbox 572 4773 681 4839; x_wconf 90' lang='lat' dir='ltr'>septem</span> <span class='ocrx_word' id='word_1_651' title='bbox 697 4765 876 4837; x_wconf 88' lang='lat' dir='ltr'>partitiones,</span> <span class='ocrx_word' id='word_1_652' title='bbox 891 4768 956 4831; x_wconf 78' lang='lat' dir='ltr'>etc,</span> <span class='ocrx_word' id='word_1_653' title='bbox 1011 4768 1077 4829; x_wconf 76' lang='lat' dir='ltr'>etc,</span> <span class='ocrx_word' id='word_1_654' title='bbox 1093 4778 1178 4833; x_wconf 83' lang='lat' dir='ltr'>usque</span> <span class='ocrx_word' id='word_1_655' title='bbox 1195 4762 1233 4817; x_wconf 86' lang='lat' dir='ltr'>ad</span> <span class='ocrx_word' id='word_1_656' title='bbox 1245 4763 1269 4817; x_wconf 90' lang='lat' dir='ltr'>si</span> <span class='ocrx_word' id='word_1_657' title='bbox 1283 4768 1340 4818; x_wconf 91' lang='lat' dir='ltr'>tota</span> <span class='ocrx_word' id='word_1_658' title='bbox 1357 4764 1435 4817; x_wconf 86' lang='lat' dir='ltr'>navis</span> <span class='ocrx_word' id='word_1_659' title='bbox 1449 4764 1635 4835; x_wconf 88' lang='lat' dir='ltr'>periclitatur.</span> 
     </span>
     <span class='ocr_line' id='line_1_53' title="bbox 106 4852 1860 4932; baseline -0.004 -14"><span class='ocrx_word' id='word_1_660' title='bbox 106 4861 248 4932; x_wconf 81' lang='lat' dir='ltr'>usquead</span> <span class='ocrx_word' id='word_1_661' title='bbox 272 4860 406 4931; x_wconf 91' lang='lat' dir='ltr'>septimo,</span> <span class='ocrx_word' id='word_1_662' title='bbox 434 4858 495 4929; x_wconf 90' lang='lat' dir='ltr'>agit</span> <span class='ocrx_word' id='word_1_663' title='bbox 512 4857 546 4911; x_wconf 90' lang='lat' dir='ltr'>de</span> <span class='ocrx_word' id='word_1_664' title='bbox 574 4855 725 4923; x_wconf 71' lang='lat' dir='ltr'>haereticis,</span> <span class='ocrx_word' id='word_1_665' title='bbox 751 4853 958 4924; x_wconf 82' lang='lat' dir='ltr'>ibi,Etpuuci</span> <span class='ocrx_word' id='word_1_666' title='bbox 1047 4852 1128 4907; x_wconf 85' lang='lat' dir='ltr'>Vens.</span> <span class='ocrx_word' id='word_1_667' title='bbox 1144 4853 1190 4918; x_wconf 78' lang='lat' dir='ltr'>at,</span> <span class='ocrx_word' id='word_1_668' title='bbox 1212 4854 1257 4905; x_wconf 75' lang='lat'>25.</span> <span class='ocrx_word' id='word_1_669' title='bbox 1273 4852 1379 4921; x_wconf 85' lang='lat' dir='ltr'>--Ipsi</span> <span class='ocrx_word' id='word_1_670' title='bbox 1394 4853 1616 4924; x_wconf 79' lang='lat' dir='ltr'>oideruatoperu</span> <span class='ocrx_word' id='word_1_671' title='bbox 1631 4856 1747 4910; x_wconf 82' lang='lat' dir='ltr'>Domini.</span> <span class='ocrx_word' id='word_1_672' title='bbox 1764 4855 1860 4928; x_wconf 77' lang='lat' dir='ltr'>(duo.)</span> 
     </span>
     <span class='ocr_line' id='line_1_54' title="bbox 109 4941 1858 5019; baseline 0.001 -22"><span class='ocrx_word' id='word_1_673' title='bbox 109 4952 192 5019; x_wconf 66' lang='lat' dir='ltr'>sacri,</span> <span class='ocrx_word' id='word_1_674' title='bbox 1011 4942 1060 4996; x_wconf 90' lang='lat' dir='ltr'>Vel</span> <span class='ocrx_word' id='word_1_675' title='bbox 1083 4941 1221 5008; x_wconf 81' lang='lat' dir='ltr'>viderunt,</span> <span class='ocrx_word' id='word_1_676' title='bbox 1233 4945 1298 5006; x_wconf 82' lang='lat' dir='ltr'>ete,</span> <span class='ocrx_word' id='word_1_677' title='bbox 1313 4941 1446 5009; x_wconf 82' lang='lat' dir='ltr'>usquead</span> <span class='ocrx_word' id='word_1_678' title='bbox 1460 4944 1576 5013; x_wconf 81' lang='lat' dir='ltr'>exponit</span> <span class='ocrx_word' id='word_1_679' title='bbox 1603 4943 1744 5014; x_wconf 88' lang='lat' dir='ltr'>procellas</span> <span class='ocrx_word' id='word_1_680' title='bbox 1758 4960 1858 4999; x_wconf 90' lang='lat' dir='ltr'>eorum</span> 
     </span>
    </p>

    <p class='ocr_par' dir='ltr' id='par_1_22' title="bbox 105 5028 1861 5290">
     <span class='ocr_line' id='line_1_55' title="bbox 144 5028 1861 5111; baseline -0.003 -18"><span class='ocrx_word' id='word_1_681' title='bbox 144 5040 226 5111; x_wconf 75' lang='lat' dir='ltr'>yaus.</span> <span class='ocrx_word' id='word_1_682' title='bbox 253 5042 279 5094; x_wconf 81' lang='lat'>3.</span> <span class='ocrx_word' id='word_1_683' title='bbox 307 5067 342 5077; x_wconf 91' lang='lat'><strong>—</strong></span> <span class='ocrx_word' id='word_1_684' title='bbox 365 5039 402 5092; x_wconf 79' lang='lat' dir='ltr'>ut</span> <span class='ocrx_word' id='word_1_685' title='bbox 429 5037 509 5090; x_wconf 84' lang='lat' dir='ltr'>mori.</span> <span class='ocrx_word' id='word_1_686' title='bbox 539 5032 635 5104; x_wconf 84' lang='lat' dir='ltr'>(Cass.)</span> <span class='ocrx_word' id='word_1_687' title='bbox 658 5034 713 5087; x_wconf 89' lang='lat' dir='ltr'>Pro</span> <span class='ocrx_word' id='word_1_688' title='bbox 736 5036 842 5095; x_wconf 90' lang='lat' dir='ltr'>austro,</span> <span class='ocrx_word' id='word_1_689' title='bbox 872 5028 958 5100; x_wconf 91' lang='lat' dir='ltr'>ponit</span> <span class='ocrx_word' id='word_1_690' title='bbox 1011 5029 1147 5096; x_wconf 89' lang='lat' dir='ltr'>subdens,</span> <span class='ocrx_word' id='word_1_691' title='bbox 1163 5028 1238 5083; x_wconf 73' lang='lat' dir='ltr'>dicit</span> <span class='ocrx_word' id='word_1_692' title='bbox 1267 5032 1292 5083; x_wconf 86' lang='lat' dir='ltr'>et</span> <span class='ocrx_word' id='word_1_693' title='bbox 1318 5031 1403 5084; x_wconf 81' lang='lat' dir='ltr'>stetit.</span> <span class='ocrx_word' id='word_1_694' title='bbox 1430 5032 1464 5086; x_wconf 84' lang='lat' dir='ltr'>lu</span> <span class='ocrx_word' id='word_1_695' title='bbox 1483 5031 1632 5100; x_wconf 75' lang='lat' dir='ltr'>profundo.</span> <span class='ocrx_word' id='word_1_696' title='bbox 1652 5032 1861 5088; x_wconf 75' lang='lat' dir='ltr'>Dieitetstetit</span> 
     </span>
     <span class='ocr_line' id='line_1_56' title="bbox 106 5116 1861 5194; baseline -0.003 -11"><span class='ocrx_word' id='word_1_697' title='bbox 106 5144 198 5193; x_wconf 88' lang='lat' dir='ltr'>mare,</span> <span class='ocrx_word' id='word_1_698' title='bbox 237 5141 376 5181; x_wconf 86' lang='lat' dir='ltr'>oceanum</span> <span class='ocrx_word' id='word_1_699' title='bbox 400 5123 477 5178; x_wconf 89' lang='lat' dir='ltr'>itlius</span> <span class='ocrx_word' id='word_1_700' title='bbox 504 5123 593 5194; x_wconf 78' lang='lat' dir='ltr'>portis</span> <span class='ocrx_word' id='word_1_701' title='bbox 623 5121 798 5193; x_wconf 87' lang='lat' dir='ltr'>intelligens,</span> <span class='ocrx_word' id='word_1_702' title='bbox 821 5119 875 5173; x_wconf 87' lang='lat' dir='ltr'>hoc</span> <span class='ocrx_word' id='word_1_703' title='bbox 904 5134 958 5190; x_wconf 92' lang='lat' dir='ltr'>pro</span> <span class='ocrx_word' id='word_1_704' title='bbox 1011 5119 1271 5187; x_wconf 82' lang='lat' dir='ltr'>subdens,spiritus</span> <span class='ocrx_word' id='word_1_705' title='bbox 1285 5116 1417 5187; x_wconf 79' lang='lat' dir='ltr'>procellae.</span> <span class='ocrx_word' id='word_1_706' title='bbox 1435 5117 1497 5188; x_wconf 89' lang='lat' dir='ltr'>(lu.)</span> <span class='ocrx_word' id='word_1_707' title='bbox 1514 5119 1691 5175; x_wconf 81' lang='lat' dir='ltr'>Profundum</span> <span class='ocrx_word' id='word_1_708' title='bbox 1707 5135 1755 5174; x_wconf 90' lang='lat' dir='ltr'>cor</span> <span class='ocrx_word' id='word_1_709' title='bbox 1767 5119 1861 5177; x_wconf 89' lang='lat' dir='ltr'>homi·</span> 
     </span>
     <span class='ocr_line' id='line_1_57' title="bbox 105 5204 1861 5290; baseline -0.005 -19"><span class='ocrx_word' id='word_1_710' title='bbox 105 5217 235 5290; x_wconf 87' lang='lat' dir='ltr'>qualibet</span> <span class='ocrx_word' id='word_1_711' title='bbox 248 5222 330 5286; x_wconf 88' lang='lat' dir='ltr'>parte</span> <span class='ocrx_word' id='word_1_712' title='bbox 346 5213 445 5268; x_wconf 91' lang='lat' dir='ltr'>mundi</span> <span class='ocrx_word' id='word_1_713' title='bbox 462 5216 554 5284; x_wconf 88' lang='lat' dir='ltr'>potest</span> <span class='ocrx_word' id='word_1_714' title='bbox 569 5210 669 5281; x_wconf 89' lang='lat' dir='ltr'>accipi.</span> <span class='ocrx_word' id='word_1_715' title='bbox 1012 5223 1083 5262; x_wconf 89' lang='lat' dir='ltr'>num</span> <span class='ocrx_word' id='word_1_716' title='bbox 1097 5207 1174 5261; x_wconf 90' lang='lat' dir='ltr'>unde</span> <span class='ocrx_word' id='word_1_717' title='bbox 1198 5204 1274 5259; x_wconf 89' lang='lat' dir='ltr'>venti</span> <span class='ocrx_word' id='word_1_718' title='bbox 1292 5212 1458 5277; x_wconf 90' lang='lat' dir='ltr'>erumpunt,</span> <span class='ocrx_word' id='word_1_719' title='bbox 1474 5213 1503 5261; x_wconf 89' lang='lat' dir='ltr'>et</span> <span class='ocrx_word' id='word_1_720' title='bbox 1517 5208 1591 5263; x_wconf 88' lang='lat' dir='ltr'>liunt</span> <span class='ocrx_word' id='word_1_721' title='bbox 1614 5213 1798 5280; x_wconf 89' lang='lat' dir='ltr'>tempestates</span> <span class='ocrx_word' id='word_1_722' title='bbox 1813 5227 1861 5277; x_wconf 75' lang='lat' dir='ltr'>se-</span> 
     </span>
    </p>

    <p class='ocr_par' dir='ltr' id='par_1_23' title="bbox 105 5293 1862 5549">
     <span class='ocr_line' id='line_1_58' title="bbox 143 5293 1433 5370; baseline -0.008 -11"><span class='ocrx_word' id='word_1_723' title='bbox 143 5306 230 5359; x_wconf 81' lang='lat' dir='ltr'>Vsns.</span> <span class='ocrx_word' id='word_1_724' title='bbox 256 5304 283 5358; x_wconf 77' lang='lat' dir='ltr'>t.</span> <span class='ocrx_word' id='word_1_725' title='bbox 317 5333 351 5342; x_wconf 93' lang='lat'><em>-</em></span> <span class='ocrx_word' id='word_1_726' title='bbox 377 5303 555 5357; x_wconf 82' lang='lat' dir='ltr'>Erroeerunt.</span> <span class='ocrx_word' id='word_1_727' title='bbox 572 5298 634 5370; x_wconf 84' lang='lat' dir='ltr'>(ln.)</span> <span class='ocrx_word' id='word_1_728' title='bbox 657 5295 788 5352; x_wconf 89' lang='lat' dir='ltr'>Secunda</span> <span class='ocrx_word' id='word_1_729' title='bbox 802 5309 878 5367; x_wconf 91' lang='lat' dir='ltr'>pars,</span> <span class='ocrx_word' id='word_1_730' title='bbox 908 5293 957 5347; x_wconf 93' lang='lat' dir='ltr'>ubi</span> <span class='ocrx_word' id='word_1_731' title='bbox 1013 5295 1155 5351; x_wconf 89' lang='lat' dir='ltr'>ditionum</span> <span class='ocrx_word' id='word_1_732' title='bbox 1168 5301 1197 5348; x_wconf 91' lang='lat' dir='ltr'>et</span> <span class='ocrx_word' id='word_1_733' title='bbox 1212 5293 1433 5349; x_wconf 84' lang='lat' dir='ltr'>dissensionum.</span> 
     </span>
     <span class='ocr_line' id='line_1_59' title="bbox 106 5381 1862 5467; baseline -0.003 -19"><span class='ocrx_word' id='word_1_734' title='bbox 106 5395 199 5467; x_wconf 91' lang='lat' dir='ltr'>prima</span> <span class='ocrx_word' id='word_1_735' title='bbox 225 5391 356 5459; x_wconf 91' lang='lat' dir='ltr'>tentatio,</span> <span class='ocrx_word' id='word_1_736' title='bbox 385 5396 456 5455; x_wconf 66' lang='lat' dir='ltr'>etc„</span> <span class='ocrx_word' id='word_1_737' title='bbox 484 5404 569 5458; x_wconf 85' lang='lat' dir='ltr'>usque</span> <span class='ocrx_word' id='word_1_738' title='bbox 593 5387 630 5441; x_wconf 83' lang='lat' dir='ltr'>ad</span> <span class='ocrx_word' id='word_1_739' title='bbox 655 5389 757 5458; x_wconf 91' lang='lat' dir='ltr'>quarto</span> <span class='ocrx_word' id='word_1_740' title='bbox 771 5400 822 5456; x_wconf 93' lang='lat' dir='ltr'>pro</span> <span class='ocrx_word' id='word_1_741' title='bbox 845 5381 958 5438; x_wconf 87' lang='lat' dir='ltr'>exaudi·</span> <span class='ocrx_word' id='word_1_742' title='bbox 1047 5384 1129 5438; x_wconf 84' lang='lat' dir='ltr'>Vens.</span> <span class='ocrx_word' id='word_1_743' title='bbox 1155 5385 1198 5437; x_wconf 65' lang='grc' dir='ltr'>Ἡ.</span> <span class='ocrx_word' id='word_1_744' title='bbox 1228 5410 1263 5421; x_wconf 94' lang='grc'>-</span> <span class='ocrx_word' id='word_1_745' title='bbox 1291 5384 1367 5439; x_wconf 83' lang='lat' dir='ltr'>Sicut</span> <span class='ocrx_word' id='word_1_746' title='bbox 1384 5384 1483 5440; x_wconf 83' lang='lat' dir='ltr'>ebrius.</span> <span class='ocrx_word' id='word_1_747' title='bbox 1518 5384 1578 5456; x_wconf 86' lang='lat' dir='ltr'>(ln.)</span> <span class='ocrx_word' id='word_1_748' title='bbox 1608 5385 1752 5456; x_wconf 88' lang='lat' dir='ltr'>Titubaut,</span> <span class='ocrx_word' id='word_1_749' title='bbox 1793 5387 1862 5459; x_wconf 91' lang='lat' dir='ltr'>quia</span> 
     </span>
     <span class='ocr_line' id='line_1_60' title="bbox 105 5469 1857 5549; baseline -0.007 -10"><span class='ocrx_word' id='word_1_750' title='bbox 105 5490 186 5545; x_wconf 86' lang='lat' dir='ltr'>tione</span> <span class='ocrx_word' id='word_1_751' title='bbox 195 5484 345 5549; x_wconf 82' lang='lat' dir='ltr'>confessio,</span> <span class='ocrx_word' id='word_1_752' title='bbox 360 5483 455 5548; x_wconf 89' lang='lat' dir='ltr'>idest,</span> <span class='ocrx_word' id='word_1_753' title='bbox 471 5481 609 5536; x_wconf 90' lang='lat' dir='ltr'>laudatio.</span> <span class='ocrx_word' id='word_1_754' title='bbox 1014 5471 1188 5547; x_wconf 88' lang='lat' dir='ltr'>prosperitas</span> <span class='ocrx_word' id='word_1_755' title='bbox 1202 5486 1303 5526; x_wconf 86' lang='lat' dir='ltr'>eornm</span> <span class='ocrx_word' id='word_1_756' title='bbox 1322 5469 1366 5526; x_wconf 90' lang='lat' dir='ltr'>vel</span> <span class='ocrx_word' id='word_1_757' title='bbox 1381 5471 1548 5542; x_wconf 88' lang='lat' dir='ltr'>adversitas,</span> <span class='ocrx_word' id='word_1_758' title='bbox 1564 5473 1658 5545; x_wconf 84' lang='lat' dir='ltr'>major</span> <span class='ocrx_word' id='word_1_759' title='bbox 1673 5477 1716 5529; x_wconf 91' lang='lat' dir='ltr'>est</span> <span class='ocrx_word' id='word_1_760' title='bbox 1738 5473 1857 5531; x_wconf 86' lang='lat' dir='ltr'>viribus.</span> 
     </span>
    </p>
   </div>
   <div class='ocr_carea' id='block_1_5' title="bbox 0 0 1965 6100">
    <p class='ocr_par' dir='ltr' id='par_1_24' title="bbox 0 0 1965 6100">
     <span class='ocr_line' id='line_1_61' title="bbox 0 0 1965 6100; baseline 0 0"><span class='ocrx_word' id='word_1_761' title='bbox 0 0 1965 6100; x_wconf 95' lang='lat' dir='ltr'> </span> 
     </span>
    </p>
   </div>
  </div>
 </body>
</html>
