3892 6106
147 285 200 340 6511

460 279 660 336 warantum
678 278 803 335 sunam
822 276 922 332 TULi).
944 274 1024 330 16011.
1044 273 1121 331 ΟΡΡ.
1143 271 1241 330 PARS.
1260 271 1283 328 1.
1304 301 1339 313 -
1357 271 1590 329 rflaououlcs.
1848 272 1898 325 666

145 404 255 462 Veteris
281 403 465 470 Testamenti,
490 404 624 459 successit
646 403 805 458 incarnatio
831 399 1033 467 8666166166
1085 399 1166 454 Vens.
1193 404 1219 455 t.
1246 428 1281 440 -
1310 400 1405 454 Emisit
1432 402 1522 454 661661
1545 412 1613 454 sors.
1642 397 1738 470 siqui
1754 401 1855 469 putant
1871 396 1897 453 in

146 494 227 564 cujus
241 492 322 564 regni
338 509 395 547 non
414 491 553 558 eritflnis,
577 491 654 546 unde
669 508 676 546 :
694 492 745 547 1161
759 492 834 546 66611
854 488 996 561 plenitudo

146 585 283 653 temporis,
294 583 369 637 misit
384 582 457 636 Deus
472 583 572 635 11111666
592 594 671 634 snum
686 579 755 649 (661.
768 579 816 648 rr).

182 672 382 739 Numerotique.
403 669 458 734 061
484 667 644 722 ministerio
682 667 797 722 Domini
822 668 993 737 iunguntur,

146 758 233 814 66666
264 762 367 813 666616
394 756 550 820 Trinitatis,
575 761 604 811 et
633 755 994 826 mandatorumimpletio·

146 862 213 901 nem
242 861 354 900 servare
378 844 492 900 debent.
521 844 621 901 Unde:
643 846 761 900 Inventa
792 849 856 900 sunt
878 848 996 914 16161616

145 938 202 989 octo
216 935 305 989 mittio
318 935 449 988 uirorum.
465 931 600 1003 Quisquis
615 932 693 987 enim
722 948 791 987 6666
804 933 861 988 666
873 938 903 988 61
916 938 994 988 66616

146 1037 233 1092 66666
246 1037 338 1093 66666
353 1021 388 1076 66
402 1020 490 1076 66661
515 1022 572 1075 lieo
591 1020 688 1084 servit,
699 1024 728 1076 et
756 1021 791 1076 ad
813 1022 996 1077 resurrectio-

144 1109 190 1166 nis
205 1109 337 1181 gratiam,
353 1114 382 1165 61
399 1108 605 1164 beatitudinem
633 1114 770 1164 aeternam
793 1109 996 1181 666166616-

145 1198 227 1254 uario
241 1198 402 1269 signantur,
415 1196 571 1268 perveniet.

1049 488 1216 543 necessitate
1232 489 1323 542 Deum
1338 502 1398 541 esse
1417 486 1626 542 consulendum
1647 486 1776 542 sortibus
1790 494 1897 559 aposto-

1048 577 1143 631 lorum
1165 575 1307 648 exemplo,
1323 575 1439 630 6166661
1465 574 1618 646 666616166,
1641 575 1761 631 66116616
1786 591 1896 633 numero

1049 665 1170 720 tractum
1184 664 1238 719 hoc
1252 664 1360 728 iecisse,
1374 669 1512 734 61666666
1533 665 1589 719 1166
1603 667 1671 718 ants
1691 663 1812 720 fudisse.

1098 755 1191 808 Primo
1217 754 1339 811 daim-it.
1379 752 1506 812 secunda,
1538 757 1592 807 etc.
1624 752 1714 807 David
1744 752 1773 807 16
1803 753 1894 826 viginti

1049 846 1172 912 quatuor
1201 845 1290 896 sortes
1324 841 1478 896 Lesiticuur
1506 839 1613 895 tribum
1646 844 1675 895 et
1696 841 1895 899 sacerdotalem

1049 929 1179 984 ordinem
1194 929 1350 995 distribuit,
1364 928 1517 983 ostendens
1536 927 1667 983 Ecclesia
1694 929 1891 986 sacerdotalem

1049 1024 1077 1073 et
1091 1019 1200 1090 regiam
1216 1017 1387 1089 dignitatem
1399 1017 1483 1089 piene
1497 1016 1603 1072 habere
1619 1021 1647 1072 et
1671 1017 1757 1088 legis,
1773 1023 1804 1073 61
1818 1020 1892 1074 Eran-

1049 1106 1116 1178 getii
1145 1107 1304 1162 doctrinam
1329 1107 1455 1178 perfecte
1481 1121 1604 1175 serrare,
1625 1105 1669 1160 661
1699 1105 1892 1178 perfectionem

1048 1196 1154 1268 operis,
1179 1212 1243 1267 666
1280 1196 1392 1250 6666616
1429 1194 1658 1260 commendatur,
1688 1199 1719 1250 61
1746 1196 1891 1253 6166116166

200 1287 316 1356 7161616
349 1290 474 1356 quotuor.
500 1284 572 1349 Quia
599 1284 660 1340 reri
686 1284 811 1340 ministri
846 1285 917 1341 lucis
945 1285 995 1341 de·
1049 1285 1220 1357 6666661166
1236 1284 1459 1356 praedicationis,
1470 1284 1731 1356 quaequaternario
1743 1284 1889 1359 figuratur.
1938 1290 1940 1297 ’

145 1375 214 1430 bsnt
233 1375 351 1444 instare,
379 1380 407 1431 et
421 1391 438 1428 6
453 1374 499 1428 616
519 1373 638 1444 justitia
667 1390 726 1430 666
753 1373 905 1430 declinare.
923 1377 995 1430 Nam

145 1463 247 1536 viginti
262 1468 386 1536 quatuor
398 1463 562 1519 boristotus
591 1478 643 1533 per
669 1462 807 1517 circulum
835 1463 912 1518 orbis
926 1463 995 1519 1116·

145 1557 261 1623 6166166,
277 1556 306 1609 61
318 1551 504 1608 tenebrarum
517 1551 622 1606 umbra
635 1551 761 1623 pellitur.
779 1552 857 1607 Unde
878 1557 994 1623 septua-

145 1642 227 1714 ginta
255 1641 312 1696 duo
341 1640 474 1712 discipuli
499 1639 535 1695 ad
563 1639 778 1711 praedicandum
808 1640 897 1707 missi,
927 1641 996 1713 6616

146 1729 332 1785 6666666616
341 1728 487 1783 Trinitatis
516 1744 582 1783 cnm
608 1727 744 1798 operibns
769 1728 888 1784 lucisad
904 1729 994 1800 justi-

145 1819 216 1874 tiam
226 1818 331 1875 sufficit
346 1833 353 1874 :
368 1822 414 1873 ter
427 1817 506 1873 enirn
521 1816 614 1872 viceni
628 1820 656 1872 61
670 1821 773 1889 quater
790 1818 865 1872 terni
888 1824 999 1891 septua-

145 1906 227 1978 ginta
240 1907 298 1961 duo
322 1906 405 1971 liunt,
426 1921 484 1978 666
499 1921 620 1961 numero
647 1905 812 1977 linguarum
837 1907 996 1974 diversitas,

147 1999 175 2050 et
189 1994 328 2050 librorum
355 1994 505 2066 utriusque
517 1994 693 2049 Testamenti
708 1995 796 2049 series
808 1997 997 2067 comprehen-

147 2082 234 2139 ditur.

182 2173 406 2243 prepositorum.
436 2171 508 2237 0616
534 2189 620 2227 nemo
649 2172 735 2244 huius
749 2171 857 2227 ordinis
872 2173 997 2245 6166116·

145 2264 205 2317 tem
218 2265 352 2332 appetere
364 2260 459 2330 debet,
480 2261 536 2316 nisi
550 2262 601 2333 qni
629 2261 796 2333 perfectioni
813 2267 841 2317 et
860 2263 998 2318 66616166

147 2349 252 2406 studet.
280 2348 398 2405 Senario
421 2349 499 2405 enim
532 2365 653 2403 numero
679 2349 804 2404 mundus
830 2350 921 2405 tactus
943 2355 996 2419 est,

147 2438 276 2515 ethome
306 2440 383 2492 sexto
412 2437 459 2493 616
487 2442 608 2504 creatus,
632 2452 690 2509 666
715 2442 744 2492 61
763 2438 932 2515 redemptus
944 2444 996 2494 est.

197 2525 289 2597 (llas.)
312 2524 385 2590 0616
410 2525 455 2580 lex
471 2530 498 2580 61
526 2527 683 2597 prophetes,
712 2529 776 2593 etc,
805 2541 889 2594 usque
911 2526 949 2581 ud
971 2530 999 2581 et

146 2614 290 2686 patienter
315 2615 419 2669 toleret
447 2613 554 2681 omnia,
580 2628 696 2669 amarus
722 2618 750 2669 et
771 2614 861 2669 iratus
876 2615 998 2687 peccatis

146 2719 215 2759 suis.

182 2793 263 2847 Vens.
288 2792 334 2847 15.
361 2792 501 2847 -111611
529 2793 598 2845 enim
625 2791 746 2846 David:
775 2792 903 2862 llequiem
922 2789 1000 2846 dedit

147 2882 277 2936 Dominus
288 2882 432 2943 11666616.
465 2879 527 2952 (16.)
552 2879 695 2935 1166611111
716 2879 803 2935 lsrael
829 2880 859 2935 16
886 2880 998 2935 6666616

1050 1373 1121 1429 Nam
1138 1379 1239 1445 quater
1253 1373 1316 1428 6661
1330 1373 1432 1445 6161611
1448 1378 1573 1445 6661666
1594 1371 1715 1429 1661661.

1361 1497 1474 1553 CAPUT
1516 1497 1592 1552 111111.

1091 1605 1171 1658 Vens.
1206 1606 1229 1658 1.
1258 1633 1292 1643 -
1314 1604 1405 1672 Igitur
1425 1603 1515 1658 Dauid
1528 1607 1554 1658 et
1566 1605 1749 1673 magistratus
1774 1608 1894 1661 66661166

1016 1678 1036 1733 Β
1051 1695 1264 1762 segregaverunt
1277 1693 1307 1747 16
1321 1692 1514 1757 ministerium,
1543 1696 1596 1746 616.
1620 1689 1711 1762 (llas.)
1727 1691 1802 1757 0616
1823 1708 1894 1749 rems

1054 1780 1147 1864 116616
1169 1795 1221 1843 rex
1248 1784 1346 1834 noster
1372 1782 1401 1834 et
1441 1778 1589 1844 Dominus,
1618 1783 1684 1838 etc..
1712 1794 1800 1849 usque
1822 1781 1895 1836 6661

1051 1883 1167 1922 omnem
1180 1872 1360 1923 terrenarum
1390 1883 1485 1922 rerum
1515 1865 1702 1937 cupiditatem
1727 1868 1851 1922 transilit
1861 1868 1897 1923 di·
1938 1900 1940 1919 .

1050 1967 1107 2023 666
1123 1951 1223 2006 laudes
1238 1951 1382 2023 persolvit.

1087 2041 1167 2095 Vens.
1198 2045 1223 2095 7.
1250 2071 1284 2080 -
1314 2041 1416 2095 Cuncti
1441 2038 1572 2094 66616666.
1600 2038 1727 2101 1116661,
1754 2038 1807 2112 661
1818 2037 1895 2095 bodie
1938 2040 1940 2085 !

1051 2143 1173 2184 canones
1193 2127 1356 2184 divinorum
1371 2128 1511 2183 librorum
1525 2143 1609 2182 sensu
1629 2127 1797 2200 evangelico
1814 2143 1894 2199 expo·

1050 2222 1135 2284 nunt,
1152 2222 1253 2288 666166
1268 2216 1345 2271 enim
1370 2216 1551 2288 septuaginta
1577 2216 1646 2283 duo,
1675 2216 1802 2271 6666616
1828 2220 1899 2272 6616-

1050 2303 1260 2375 616161661661.
1279 2303 1376 2358 1116666
1407 2307 1504 2358 autem
1523 2302 1630 2358 Veteris
1658 2306 1688 2359 61
1715 2303 1897 2359 NorisTssta·

1053 2391 1143 2446 menti
1173 2390 1356 2463 septuaginta
1370 2392 1427 2447 duo
1442 2407 1504 2447 esse
1531 2391 1654 2447 dubium
1667 2406 1728 2446 non
1754 2396 1809 2447 est.
1827 2389 1900 2447 Unde

1053 2480 1218 2552 quicunque
1234 2479 1329 2535 divino
1341 2480 1473 2551 fungitur
1487 2480 1593 2549 616616,
1610 2483 1737 2552 quatuor
1761 2479 1898 2550 principa·

1053 2568 1128 2624 tibus
1152 2567 1306 2623 virtutibus
1334 2568 1479 2633 insistens,
1509 2568 1682 2639 evangelicae
1709 2567 1849 2624 doctrine
1863 2567 1901 2622 16·

1052 2655 1169 2711 cumbet
1183 2656 1379 2711 etsecundum
1393 2656 1456 2727 ejus
1471 2672 1602 2712 normam
1618 2655 1761 2728 quidquid
1775 2654 1902 2713 didicerit

1051 2745 1095 2800 661
1111 2744 1250 2808 66666611,
1266 2745 1393 2799 formare
1407 2745 1548 2800 intendat.

1397 2850 1509 2906 CAPUT
1534 2850 1622 2906 1111111.

97 3003 109 3025 .
147 2969 275 3035 1666661,
298 2972 364 3037 616,
392 2984 476 3037 usquc
503 2969 541 3023 ad
564 2968 749 3040 Evangelinm
763 2985 830 3024 vero
855 2969 958 3025 stabile
973 2962 1037 3024 616
1090 2975 1214 3030 116661.
1245 3002 1280 3015 -
1305 2973 1469 3030 1166616616.
1499 2974 1588 3045 (itae.)
1614 2972 1669 3039 061
1700 2974 1902 3046 interpretatur

147 3057 248 3114 fixum.

184 3147 321 3200 1666111.
350 3147 433 3200 -111
456 3150 535 3201 namt
562 3145 611 3200 sub
639 3160 722 3200 manu
748 3146 866 3215 11116666
893 3147 999 3215 Aaron,

147 3237 178 3289 16
191 3235 291 3289 cultum
305 3233 409 3299 666666,
434 3238 488 3288 616.
515 3234 550 3289 Ut
569 3234 695 3288 minores
720 3233 830 3289 discant
842 3235 1001 3305 majoribus

149 3321 275 3386 obedire,
307 3326 335 3376 et
359 3322 480 3391 majores
510 3321 599 3391 adjuti
623 3338 640 3376 6
660 3321 822 3377 minoribus
850 3323 940 3394 possit
955 3323 1001 3378 61·

151 3409 235 3479 66166
254 3407 381 3462 61661666
407 3409 540 3479 explere:
568 3407 641 3462 sicut
664 3408 693 3461 16
710 3408 833 3463 Ecclesia
861 3408 1001 3464 tithodie.

188 3495 342 3552 Eacdriset
362 3498 392 3551 16
419 3497 474 3552 1666
500 3495 712 3567 purificationis.
741 3497 884 3552 Thalamis
897 3499 941 3553 661
951 3514 1002 3553 cu·

152 3586 254 3643 biculis
267 3585 297 3641 in
312 3585 416 3656 quibus
431 3583 590 3640 habitantes
602 3585 701 3640 Levita
711 3589 739 3641 et
755 3587 927 3642 sacerdotes.
946 3587 1003 3658 lpsi

152 3690 268 3748 quoque
282 3672 343 3728 veri
357 3673 457 3745 templi
475 3674 599 3729 ministri
622 3674 733 3729 aditum
762 3675 868 3730 debent
880 3676 1004 3748 diligen·

152 3771 197 3821 ter
221 3763 381 3832 observare,
411 3762 514 3834 dignos
542 3763 744 3832 intromittere,
773 3763 909 3836 indiguos
937 3782 1004 3821 vero

114 3880 116 3885 ι
153 3853 304 3925 repellere.
733 3897 738 3911 .

189 3943 331 3997 166611.
356 3972 391 3982 -
418 3940 466 3997 Ad
486 3942 635 4008 {eruentem
663 3943 792 4009 similam,
808 3941 1004 3997 6166166666-

154 4037 215 4095 tem,
236 4035 289 4086 eto.
304 4029 402 4100 Spicas
416 4030 524 4085 scilieet
540 4029 744 4101 primitiarum,
774 4031 1004 4102 6661666666-

153 4125 202 4175 tur
227 4123 365 4190 6166666
394 4119 630 4185 comedebantur,
672 4134 743 4190 quas
778 4120 864 4190 vulgo
884 4134 1005 4191 graneas

155 4212 275 4275 vocaui;
292 4207 321 4261 in
341 4206 513 4278 quibusdam
541 4207 686 4261 codicibus
714 4206 859 4263 habetur:
887 4207 1004 4275 Adscr-

1054 3063 1182 3119 reddente
1195 3065 1318 3131 11666166,
1343 3068 1372 3118 et
1396 3061 1539 3133 significat
1552 3062 1678 3118 ordinem
1710 3063 1901 3134 apostolorum

1055 3156 1084 3206 et
1097 3152 1256 3223 primorum
1281 3152 1443 3220 doctorum,
1473 3152 1577 3223 quibus
1604 3151 1754 3207 orientalis
1770 3152 1900 3224 6661616

1056 3244 1110 3310 661,
1125 3239 1270 3309 6616111166
1289 3239 1508 3294 commendatur
1537 3238 1671 3305 Ecclesia,
1705 3239 1813 3312 quibus
1831 3239 1899 3295 anti·

1055 3344 1179 3400 quorum
1196 3330 1311 3383 Petrum
1326 3328 1442 3383 6666116
1456 3331 1524 3382 6661
1535 3328 1752 3399 promissiones.

1091 3417 1246 3472 26616616.
1261 3416 1316 3482 061
1335 3416 1476 3471 memoria
1505 3415 1617 3471 ltomini
1645 3419 1900 3487 1616666616166,61

1056 3504 1344 3577 61661666166616666
1366 3505 1510 3576 gentium,
1530 3505 1598 3576 quia
1614 3522 1631 3560 a
1645 3504 1749 3576 primis
1770 3505 1899 3576 praedica·

1056 3594 1168 3649 toribus
1186 3593 1222 3648 ad
1246 3592 1463 3666 praedicandum
1479 3592 1603 3648 ordinati
1622 3597 1699 3648 sunt.
1734 3593 1813 3649 Unde
1827 3607 1900 3649 orua-

1057 3683 1129 3737 11166
1145 3684 1274 3752 apostolis
1302 3686 1328 3737 et
1338 3682 1541 3751 jejunantibus,
1560 3685 1601 3737 nit
1626 3683 1751 3752 Spiritus
1775 3688 1899 3738 sumen:

1058 3773 1200 3838 Senrepme
1214 3772 1317 3825 mittet
1345 3772 1461 3825 Paulum
1475 3776 1500 3824 et
1515 3769 1670 3826 barnabum
1685 3770 1757 3842 (161.
1775 3772 1827 3839 ur).

1094 3859 1175 3914 Vens.
1206 3859 1232 3913 t.
1262 3857 1464 3915 -Obededom
1488 3858 1693 3929 Rubenszqni
1716 3859 1747 3914 16
1775 3860 1900 3914 servitute

1059 3945 1293 4017 erantgeuerati,
1307 3949 1336 4000 et
1362 3946 1466 4000 rubore
1487 3945 1634 4017 sanguinis
1656 3945 1763 4002 Cbristi
1791 3946 1899 4019 pertusi.

1058 4039 1171 4089 reatum
1200 4049 1285 4089 suum
1310 4033 1340 4087 in
1369 4034 1520 4105 propatulo
1545 4034 1731 4101 habuerunt;
1758 4039 1834 4091 recte
1859 4050 1903 4107 per

1059 4122 1328 4177 condescensionem
1355 4122 1560 4193 magistrorum
1585 4122 1767 4178 reducuntur
1799 4123 1834 4180 66
1845 4139 1901 4196 gra·

1059 4212 1128 4266 dum
1158 4210 1321 4281 pristinum,
1351 4211 1426 4265 unde
1454 4212 1579 4266 Paulus:
1607 4211 1733 4267 Omnium
1755 4224 1901 4267 6666661166

154 4299 257 4350 ventem
282 4296 410 4350 simitum.
425 4295 457 4349 lu
477 4294 542 4348 aliis
561 4295 599 4349 nd
627 4297 936 4363 [6666616616616661
953 4298 1002 4353 sed
1022 4301 1112 4372 61661
1122 4304 1154 4354 ut
1164 4314 1253 4353 omnes
1263 4300 1450 4366 1666666666
1465 4298 1493 4369 (l
1507 4300 1566 4357 Gor.
1582 4301 1632 4369 rx).

155 4385 186 4439 in
201 4383 321 4440 liebraeo
349 4383 481 4454 habetur,
495 4383 532 4437 66
550 4384 715 4438 torrendum.

472 4526 585 4582 CAPUT
620 4526 709 4581 xxw.

1096 4388 1177 4442 Vsus.
1196 4389 1287 4441 111-
1314 4387 1359 4442 Ad
1384 4391 1517 4442 austrum.
1543 4387 1634 4458 (llas.)
1658 4387 1801 4445 Australis
1827 4391 1900 4460 ports

1060 4475 1202 4548 significat
1214 4474 1362 4531 iudaicam
1377 4475 1489 4547 plebem
1515 4476 1577 4546 lege
1592 4482 1622 4530 et
1635 4475 1785 4548 prophetis
1810 4476 1903 4532 illumi·

1061 4568 1167 4633 natam,
1184 4562 1272 4618 calori
1284 4563 1350 4619 6661
1378 4569 1407 4619 61
1424 4563 1529 4619 lumini
1549 4564 1699 4635 sapientire
1725 4565 1902 4638 percipiendo

192 4645 321 4704 116661.
351 4678 387 4690 -
410 4649 619 4720 sacerdotioque
642 4652 764 4718 functus.
793 4651 886 4721 (llas.)
910 4652 1008 4707 Potest
1061 4651 1193 4709 vicinam.

157 4749 209 4805 per
237 4736 352 4792 Eleazar
369 4736 463 4793 illium
494 4740 590 4793 Aaron
618 4737 773 4806 seniorem,
795 4743 861 4805 etc,
876 4739 1009 4810 usquead
1096 4741 1177 4795 Vnus.
1196 4742 1238 4794 111.
1253 4739 1350 4795 -Ad
1362 4739 1533 4807 occidentem,
1559 4740 1905 4812 1661666666616166

156 4822 225 4895 quis
245 4825 328 4880 multi
346 4826 466 4882 desertas
495 4827 587 4899 magis
615 4843 703 4900 quam
739 4827 800 4898 ejus
830 4844 894 4899 666
923 4827 1009 4883 habet
1061 4827 1265 4883 occidentatem
1280 4828 1396 4899 plagam
1410 4827 1475 4883 linis
1492 4828 1591 4883 mundi
1602 4828 1793 4900 significatur,
1809 4831 1840 4887 in
1854 4845 1904 4905 666

155 4926 260 4967 arrum.

195 4999 274 5055 Vens.
298 5002 327 5056 4.
351 5034 386 5043 —
400 5006 452 5059 Per
477 5005 600 5072 (amitina
626 5003 750 5060 sedecim.
779 5003 944 5075 [inplicatus
966 5009 1008 5060 est

156 5089 328 5146 octonarius.
352 5093 470 5165 161666
497 5092 618 5149 carnalis
643 5091 822 5148 circumcisio
849 5098 947 5147 octava
961 5094 1007 5149 die

157 5174 328 5246 celebratur,
344 5180 374 5236 in
398 5182 551 5254 Evangelio
567 5182 680 5238 veroin
703 5181 839 5253 66666611
857 5181 1007 5236 circumci-

158 5262 200 5315 sio
214 5265 354 5335 cordium,
369 5274 396 5323 et
410 5270 440 5323 16
455 5271 551 5326 tuturo
566 5285 730 5342 corporum.

199 5357 282 5414 Vens.
307 5362 332 5413 6.
357 5387 392 5397 -
417 5359 631 5431 Descripsitque.
658 5359 747 5429 (ilar.)
788 5356 1007 5412 Prmdicstorum

159 5446 316 5515 ordo,etc.‚
338 5448 469 5519 usquead
489 5454 519 5503 et
528 5448 647 5520 justitias
675 5447 791 5503 nomine
821 5446 923 5501 merito
944 5462 1009 5501 cen·

157 5538 246 5592 setun.

1061 4912 1114 4968 erit
1130 4913 1290 4985 persecutio
1311 4914 1500 4969 Antichristi:
1522 4919 1551 4969 et
1577 4913 1731 4971 abundabit
1765 4919 1904 4989 1611661161,

1061 5006 1087 5056 61
1098 5003 1256 5071 refrigescet
1269 5004 1390 5058 claritas
1412 5003 1559 5057 mullorum
1584 5002 1694 5073 (ilnttlr.
1723 5006 1809 5077 xxiv).
1823 5007 1908 5077 Hujus

1061 5095 1152 5160 66616
1162 5090 1314 5161 janitores,
1338 5096 1405 5146 sunt
1429 5091 1560 5146 doctores
1583 5091 1661 5145 iilius
1688 5094 1841 5165 temporis,
1864 5092 1908 5166 qni

1063 5178 1183 5233 Ecclesia
1223 5178 1350 5234 docendo
1364 5184 1393 5233 et
1421 5178 1598 5234 exhortando
1640 5180 1810 5236 roborant:
1836 5182 1909 5237 unde

1061 5266 1177 5337 Sephim
1206 5266 1324 5322 humilis
1348 5267 1392 5322 661
1416 5266 1595 5338 campestris,
1626 5272 1655 5322 et
1682 5268 1757 5323 llosa
1783 5269 1911 5325 divinans

1061 5356 1276 5427 interpretatur.
1305 5355 1511 5411 Humiliabitur
1547 5355 1625 5411 euim
1652 5356 1682 5411 in
1712 5359 1912 5430 persecutione

1064 5445 1193 5510 Ecclesia,
1210 5450 1238 5499 61
1252 5445 1282 5500 16
1304 5461 1404 5516 campo
1425 5445 1547 5500 16661616
1576 5446 1632 5500 6611
1645 5445 1797 5502 dissoluta.
1816 5448 1871 5504 Sed
1882 5446 1913 5503 in

1061 5533 1249 5604 perfectorum
1265 5534 1376 5590 6611666
1389 5535 1507 5603 elevata,
1522 5533 1599 5607 6666
1627 5532 1733 5590 (lirinis
1755 5535 1909 5610 presigna-
