3892 6106
140 255 193 308 275
455 248 653 307 waltrami
672 247 795 306 sinaei
814 247 916 304 antu.
938 247 1019 304 nott.
1040 247 1115 304 OPP.
1136 245 1224 303 Plus
1244 244 1264 300 t.
1284 274 1319 284 -
1338 244 1564 301 innotamus.
1847 248 1900 300 ete

177 375 293 431 Duabus
308 387 411 447 quoquc
425 372 537 439 tabuiis,
553 375 606 426 etc.
624 369 719 442 (Baua,
734 367 814 438 ibid.)
831 367 991 438 angulares
1008 369 1028 425 Δ
1045 365 1096 422 Dei
1118 365 1258 422 beneficia
1281 364 1455 436 significant,
1489 369 1557 433 eta,
1589 379 1675 435 usgue
1700 366 1741 423 ad
1769 365 1903 423 testimo·

142 463 249 521 tabulae
261 462 367 518 tabulis
380 460 524 534 parietum
537 474 589 532 per
603 456 700 513 omnia
727 459 795 511 sunt
818 454 991 528 conjunctae,
1045 453 1131 509 nium
1146 452 1299 524 perhibens
1311 452 1347 509 ei.

144 556 210 620 eta,
239 565 326 623 usqae
349 551 386 607 ad
406 549 556 623 propheta
580 561 704 603 consona
729 559 797 600 voce
811 542 908 600 futura
931 559 992 598 esse
1079 543 1161 598 Vaas.
1192 543 1236 597 36.
1265 569 1301 583 -
1321 542 1416 597 Facies
1430 544 1456 595 et
1470 541 1629 609 tentorium,
1656 544 1709 597 etc.
1734 541 1798 613 tto..
1821 541 1902 605 ibid„

143 639 349 713 praedixerunt.
1046 646 1107 702 cap.
1121 631 1159 701 9).
1176 628 1307 701 Exposita
1331 628 1498 684 narratione
1513 628 1548 684 de
1569 631 1644 696 velo,
1674 634 1741 698 eta,
1757 644 1846 700 usque
1865 631 1904 687 ud

179 729 243 800 (ta,
258 728 354 797 ibid.,)
380 725 430 782 Hic
445 740 504 781 non
518 723 624 779 dicitur
635 737 771 778 mensura
785 719 908 788 basium,
924 723 992 791 eta,
1045 718 1114 791 qrvia
1128 717 1306 774 continentia
1315 717 1410 772 carnis
1423 720 1452 772 et
1466 715 1556 772 enimi
1571 718 1724 788 gaudebat.

145 832 229 888 usqae
250 817 288 873 ud
307 815 358 871 sed
371 813 522 870 immobile
536 827 637 868 secura
649 810 746 884 quieta
760 813 935 865 servaretur.
1081 804 1148 877 (lo.)
1173 806 1240 861 Erat
1261 805 1297 861 ed
1314 805 1440 860 litteram
1461 805 1680 861 tabernaculum
1708 806 1812 863 domus
1838 807 1897 864 lieo

180 905 275 961 Facies
298 907 424 960 etoectca
448 902 482 957 de
507 901 601 970 tigata,
619 899 753 969 statio,
781 897 862 966 ibid..
879 896 993 968 capt.)
1046 898 1219 963 consecrata,
1258 899 1326 963 eta,
1364 909 1449 965 usqae
1490 893 1528 949 ad
1566 893 1725 950 latitudiuis
1750 894 1896 968 quinqua-

145 993 279 1065 Quinque
308 995 402 1046 vectes
430 989 481 1063 qui
506 988 616 1044 tabulas
637 984 814 1043 tabernaculi
833 985 992 1051 confluent,
1048 980 1138 1055 ginta.

145 1077 212 1141 eta,
227 1068 312 1141 uagae
325 1070 364 1126 ad
377 1085 430 1125 nec
444 1068 500 1125 alia
514 1083 602 1141 quam
615 1066 693 1140 tlegis
706 1066 841 1122 mandata
855 1065 991 1122 subdidit.
1082 1071 1165 1128 vrrs,
1185 1073 1230 1127 37.
1249 1100 1284 1113 -.
1304 1073 1341 1127 Β)
1354 1074 1475 1142 quinque
1486 1073 1632 1128 columnas,
1654 1071 1718 1141 (hg,
1736 1071 1818 1142 ram)
1848 1073 1901 1128 (20.

181 1161 263 1216 Vnus.
279 1161 324 1216 29.
340 1159 472 1230 -lpsar
492 1171 597 1228 quoque
624 1155 730 1212 tabulas
755 1154 903 1210 deaurabit
930 1153 993 1224 (ih,
1046 1160 1154 1216 lumuae
1182 1159 1287 1233 quibus
1310 1161 1468 1216 tentorium
1497 1160 1692 1233 suspenditur,
1716 1164 1782 1230 eta,
1811 1176 1898 1233 usqae

147 1248 359 1318 retaliatum
375 1247 519 1302 deaurata
537 1244 715 1300 tabernaculi
729 1242 909 1315 praefulgent,
925 1248 993 1313 eta,
1046 1249 1084 1305 ad
1097 1248 1225 1304 nondum
1240 1248 1378 1321 patefacta
1396 1247 1560 1320 evangelica
1572 1249 1729 1322 Scriptura.

146 1352 232 1409 usqae
245 1337 283 1393 ad
297 1336 347 1393 sed
373 1335 460 1390 etiam
476 1347 609 1406 supernae
628 1331 824 1388 retributionis
847 1332 941 1388 lucem
955 1332 994 1388 te·
1083 1339 1230 1405 Lignorum
1240 1339 1327 1393 setim.
1344 1338 1407 1407 (lm,
1419 1336 1501 1409 ibid.)
1514 1337 1662 1393 Columna
1672 1337 1707 1394 de
1722 1337 1821 1410 lignis,
1833 1340 1900 1406 eta,

148 1429 228 1498 bufli·
1048 1441 1133 1495 usque
1144 1425 1183 1482 ad
1200 1442 1207 1482 ε
1223 1425 1271 1482 sed
1284 1426 1382 1482 desum
1395 1424 1542 1484 Christum.

183 1513 253 1580 Qtt⁰³
287 1514 388 1583 ⁰litttti
421 1511 541 1568 lstmt‘ltl'i·
570 1508 633 1582 thia
669 1509 749 1582 ibid.)
786 1507 910 1565 timisti-‘¹
946 1524 995 1564 ⁸¹1·
1085 1519 1208 1584 Quarum
1219 1520 1297 1572 erant
1320 1517 1416 1588 capita
1438 1530 1534 1584 aurea,
1548 1518 1615 1584 ata,
1631 1514 1695 1586 (tn,
1713 1516 1795 1583 ibid.)
1810 1516 1906 1573 Aurea

149 1602 206 1658 rtis
233 1604 325 1658 V00i0⁵
352 1599 531 1672 ⁰i>0fi⁰1¹it¹b
559 1601 631 1670 θῑῦι,
653 1598 797 1671 1666664
821 1597 994 1670 61611ψίΐί-
1052 1605 1145 1677 capita
1167 1604 1314 1661 Christum
1341 1603 1515 1674 significant,
1545 1608 1608 1671 etc..
1625 1619 1711 1675 acque
1737 1604 1777 1660 oct
1800 1605 1905 1661 electo-

150 1690 234 1747 taulis
249 1687 445 1761 intelligentia
459 1686 602 1760 mysteriis
616 1687 702 1759 plenu
716 1685 885 1742 ostenditur.
1052 1710 1118 1751 rum
1133 1693 1282 1750 animabus
1296 1692 1481 1765 corruptione
1494 1691 1659 1748 carentibus
1674 1693 1847 1751 [edificatur.

185 1781 268 1835 Vnus.
286 1780 328 1834 36.
345 1806 380 1820 -
394 1778 493 1848 Erigor
503 1776 716 1833 tabernaculam.
729 1776 794 1847 (lm,
808 1775 887 1842 ibid.)
902 1776 1000 1831 Exem-

150 1868 232 1940 plum
246 1865 435 1934 tahernaculi,
459 1868 524 1936 eta,
540 1879 629 1937 usquc
655 1865 693 1921 ad
715 1880 787 1936 opus
811 1862 999 1936 animumque
1355 1824 1469 1881 CAPUT
1482 1824 1585 1881 mn·

151 1960 339 2028 componunt.
1091 1961 1161 2014 vans
1184 1961 1209 2014 t.
1230 1986 1265 1999 -
1290 1957 1383 2014 Paene
1410 1959 1437 2013 et
1460 1957 1551 2014 citare
1574 1955 1607 2012 de
1630 1956 1723 2025 tignis.
1750 1957 1843 2029 (Bra,
1871 1960 1904 2016 de

188 2044 270 2100 Vnus.
292 2045 323 2099 3¹
354 2072 388 2084 -
414 2043 505 2099 Facta
524 2041 658 2098 arcetum.
688 2040 749 2112 (lm,
774 2039 934 2112 tbid.‚eap.
959 2039 998 2112 8).
1057 2047 1214 2114 Tabernae,
1241 2045 1294 2101 lib.
1312 2060 1422 2117 u,cap.
1452 2047 1496 2113 tt,
1521 2049 1593 2101 tom.
1615 2046 1640 2100 ll
1663 2047 1684 2117 .)
1697 2045 1812 2103 Scilicet
1836 2048 1907 2120 quia

153 2131 245 2188 Etiam
263 2132 345 2205 juxta
372 2130 498 2187 litteram
512 2128 721 2202 pulchritudini
735 2129 857 2185 coelestis
883 2128 1001 2185 visionis
1056 2134 1163 2190 munda
1191 2139 1220 2190 et
1242 2133 1410 2205 incorrupta
1436 2133 1520 2190 decet
1546 2149 1608 2189 asse
1637 2134 1724 2190 corda
1738 2134 1770 2191 iu
1798 2136 1905 2207 quibua

153 2219 208 2277 hoc
234 2219 376 2293 congruit.
405 2218 435 2275 Si
448 2217 526 2274 enim
554 2217 687 2273 decorem
701 2217 890 2290 flammasque
911 2220 1001 2272 astro·
1056 2223 1179 2295 Spiritus
1194 2226 1307 2278 sanctus
1321 2221 1441 2277 habitat.

152 2325 230 2378 rum,
258 2307 445 2364 multifariam
472 2305 595 2363 nubium
629 2305 754 2378 speeiem
778 2305 908 2379 etipsam
935 2305 1000 2362 irim
1091 2314 1127 2368 lit
1141 2315 1194 2368 trec
1209 2311 1322 2369 cubitos.
1350 2311 1412 2381 (la,
1436 2308 1519 2382 ibid.)
1544 2307 1708 2367 Tantatere
1729 2314 1774 2366 est
1796 2314 1906 2368 statura

153 2396 329 2466 consideras,
349 2396 427 2452 milla
461 2396 623 2451 trahentem
647 2398 676 2449 et
699 2393 791 2450 varios
820 2410 917 2450 averso
942 2396 1002 2450 sole
1056 2399 1191 2470 hominis,
1208 2398 1415 2471 etc.,asquaad
1429 2399 1465 2454 ad
1479 2398 1568 2454 altare
1581 2414 1639 2454 uon
1654 2397 1790 2471 pertinet.

154 2487 271 2551 colores,
287 2485 378 2541 multo
404 2485 501 2556 plures
522 2487 551 2539 et
564 2482 742 2554 pulchriores
763 2498 850 2556 quam
883 2483 913 2538 in
940 2483 1001 2540 velo
1092 2490 1175 2545 Vens.
1202 2491 1230 2544 2.
1256 2517 1292 2531 -
1306 2489 1414 2546 Gcmua
1437 2493 1536 2556 uatem,
1553 2491 1608 2544 etc.
1625 2486 1688 2559 (ln,
1716 2488 1802 2560 ibid.)
1833 2490 1908 2554 Quu-

98 2599 101 2605 ·
151 2573 329 2631 tabernaculi
343 2573 374 2630 iu
388 2574 458 2630 coeto
472 2570 734 2645 picturasnotahis.
1056 2584 1123 2633 tuor
1152 2577 1273 2648 angulos
1298 2575 1386 2631 habet
1412 2576 1501 2632 altare
1529 2575 1701 2644 holocausti,
1729 2580 1795 2640 etc..
1823 2591 1908 2648 usque

185 2665 278 2720 Faciet
299 2667 325 2719 si
342 2663 440 2730 vetum,
456 2666 511 2726 θῑθ,
537 2661 605 2733 (tm,
631 2658 713 2731 ibid.)
731 2659 832 2715 velum
860 2659 924 2726 11⁰0.
953 2673 1000 2716 us·
1057 2667 1095 2722 ad
1108 2663 1291 2732 inviolabilis,
1306 2663 1366 2719 imo
1378 2663 1489 2733 tortior,
1505 2663 1640 2737 persistit.

157 2768 209 2824 que
224 2753 261 2808 ad
273 2756 305 2807 ut
318 2755 456 2825 appareat
468 2748 560 2806 vultui
575 2746 625 2804 liei
639 2764 692 2821 pro
708 2747 798 2803 uobis.
1093 2752 1178 2810 Vnus.
1214 2753 1242 2807 3.
1274 2778 1310 2792 -
1350 2752 1495 2821 normaque
1532 2751 1562 2805 ta
1601 2765 1668 2806 usca
1709 2748 1817 2807 lebetes.
1854 2753 1905 2819 tu..

189 2842 283 2898 Fames
297 2845 323 2896 rt
350 2840 439 2895 cetum
462 2839 495 2894 dc
520 2838 667 2910 hyacintho
681 2840 707 2892 et
725 2850 856 2908 purpura
878 2850 1003 2905 coccoque
1058 2840 1138 2913 ibid.)
1158 2840 1230 2896 Vasa
1250 2838 1349 2895 altaris
1376 2839 1500 2910 diversa,
1523 2842 1588 2908 ela,
1609 2853 1694 2909 usqae
1718 2839 1757 2895 ud
1783 2839 1908 2895 obantes

152 2931 194 2987 bis
213 2932 310 2986 tincto.
328 2928 391 3000 tio..
402 2927 481 2998 ibid.)
493 2927 635 2982 Hactenus
649 2925 683 2981 de
705 2925 816 2998 parieta
831 2925 1039 2997 meridianae
1060 2945 1208 3002 nunquam
1221 2927 1431 2999 exstinguenda
1444 2927 1588 2999 flagrabit.

156 3023 230 3086 ete„
249 3032 334 3087 usque
346 3017 384 3073 ud
399 3031 497 3072 averso
512 3015 570 3071 sole
585 3014 706 3070 colores.
1089 3020 1213 3088 Forciper
1239 3020 1330 3088 atque.
1356 3017 1420 3087 (la,
1459 3015 1540 3086 ibid.)
1557 3015 1688 3086 Forcipes
1710 3019 1778 3071 sunt
1805 3015 1909 3088 praedi·

190 3106 273 3162 Vana.
303 3107 348 3162 33.
375 3135 410 3146 -
437 3103 516 3172 Quod
544 3103 681 3174 uppmdes
709 3106 772 3157 cate
797 3105 924 3171 quatuor,
945 3106 998 3157 etc.
1054 3111 1347 3175 catores,etc.‚usque
1360 3104 1435 3160 odet
1449 3105 1544 3160 lucere
1558 3103 1741 3176 precipiunt.

150 3195 214 3266 (ln,
237 3192 317 3266 ibid.)
332 3193 568 3259 Quatuorautem
589 3190 732 3247 columnae
760 3193 827 3260 etc„
851 3205 936 3262 usgue
963 3191 1001 3247 ad
1089 3199 1182 3266 Atqac
1208 3193 1372 3263 fluctuatae,
1396 3194 1550 3263 stipatam,
1575 3196 1629 3248 etc.
1646 3193 1713 3263 (tn,
1728 3192 1815 3266 ibid.)
1841 3195 1899 3250 Fu·

154 3280 209 3340 hoc
221 3281 262 3337 ibi
275 3297 334 3336 non
352 3280 406 3336 erit
419 3281 468 3336 ubi
483 3280 556 3336 nihil
575 3278 692 3335 omnino
710 3278 788 3333 mali.
1054 3282 1183 3354 scinulae,
1197 3298 1263 3355 quae
1276 3283 1371 3339 Graeca
1389 3286 1527 3337 vocantur
1541 3283 1673 3357 κριάγραι,
1689 3285 1756 3353 eto,
1769 3296 1857 3352 usque
1868 3282 1906 3339 ud

191 3371 255 3438 Qasr
269 3373 337 3440 ipre
363 3369 472 3441 quidem
492 3369 639 3425 decorae.
656 3368 719 3440 tio..
747 3367 830 3439 ibid.)
853 3368 1001 3423 neumata
1054 3377 1159 3428 nostra
1173 3387 1240 3427 vero
1254 3369 1419 3442 capacitatis
1439 3385 1604 3425 mensuram
1618 3370 1831 3427 transcendant.

156 3464 224 3516 siant
237 3460 380 3515 columna
408 3463 475 3514 ante
498 3473 570 3529 quas
598 3455 773 3529 appenditur
797 3455 903 3524 velum,
933 3455 1002 3529 quia
1089 3462 1198 3529 larrium
1218 3460 1395 3530 receptacula.
1419 3459 1462 3516 lld
1475 3459 1532 3514 hoc
1551 3458 1686 3531 deputata
1714 3463 1791 3526 sunt,
1807 3462 1840 3514 ut
1852 3474 1906 3532 per

154 3548 255 3621 positae
270 3547 348 3603 intra
362 3546 456 3605 velum
472 3545 536 3602 coeli
562 3544 681 3601 virtutes
696 3545 866 3617 angelorum
880 3561 1002 3601 summae
1055 3549 1116 3605 haec
1134 3549 1210 3622 ignis
1224 3551 1338 3604 sanctus
1352 3548 1388 3604 ab
1403 3547 1487 3603 altari
1510 3547 1670 3604 holocausti
1683 3547 1719 3602 ad
1734 3548 1825 3604 attare
1845 3547 1907 3620 tuy-

151 3636 288 3692 claritatis
312 3636 413 3709 gratiae
435 3636 544 3691 vestita
567 3638 644 3690 sunt.
656 3633 756 3706 Capita
769 3634 877 3690 hahent
903 3649 1000 3710 aurea,
1055 3638 1199 3695 miamatis
1212 3652 1328 3709 vespere
1341 3640 1371 3692 at
1394 3636 1544 3701 manased
1562 3635 1712 3691 incensum
1726 3636 1906 3708 ponendum,

154 3726 223 3799 quia
238 3729 375 3794 meutms,
390 3728 606 3798 quareguntur,
620 3722 886 3795 prasentiadivinae
905 3723 1002 3795 cogui-
1055 3726 1230 3795 delerretum
1249 3724 1316 3798 quia
1331 3725 1462 3781 ductores
1476 3729 1615 3796 tauquam
1643 3723 1742 3797 ignem
1763 3724 1799 3780 de
1820 3724 1907 3781 altari

154 3813 240 3870 tionis
255 3818 284 3870 et
298 3813 415 3870 visionis
428 3814 533 3869 habent
548 3812 729 3868 illustratam·
1054 3816 1290 3873 holocaustorum
1305 3814 1341 3869 ad
1355 3815 1443 3869 altare
1457 3813 1653 3886 thymiamatis
1672 3813 1814 3882 deterunt,
1836 3827 1905 3868 cum

191 3903 256 3974 (lm,
277 3903 357 3974 ibid.)
374 3903 485 3959 itabant
504 3902 646 3958 columna
662 3900 742 3956 bases
757 3904 917 3972 argenteas,
934 3906 1000 3972 eta,
1055 3903 1200 3961 auditores
1215 3903 1250 3958 da
1271 3901 1377 3958 virtute
1402 3901 1432 3957 in
1458 3901 1593 3958 virtutem
1608 3901 1774 3973 provehunt
1796 3901 1904 3957 docen-

154 4007 239 4063 ucqae
253 3994 421 4064 adurgento
449 3992 603 4047 verborum
618 3989 695 4046 nitor
710 3988 879 4045 ostenditur.
1056 3992 1104 4062 do,
1132 3996 1161 4049 et
1185 3989 1296 4046 meritis
1315 3989 1517 4059 crescentibus,
1549 3989 1584 4045 ud
1619 3989 1721 4045 ultima
1745 3992 1774 4045 et
1798 3987 1905 4045 divinas

191 4081 298 4153 (Gaea,
312 4082 414 4138 Morat.
440 4081 490 4137 lib.
506 4096 599 4147 xxvru,
624 4095 684 4152 cap.
701 4077 739 4151 6).
755 4078 882 4144 Quatuor
895 4078 1001 4134 colum·
1055 4078 1172 4136 visionis
1200 4095 1303 4136 arcana
1325 4077 1472 4134 interiora.
1494 4077 1544 4151 qui
1572 4076 1660 4133 etiam
1682 4075 1822 4134 terrentia
1840 4077 1905 4149 pie-

155 4186 260 4227 narum
280 4170 362 4225 bases
383 4169 469 4240 jubet
492 4176 554 4224 esse
579 4171 738 4239 argenteas,
763 4173 829 4234 eta,
857 4181 942 4237 usque
964 4167 1038 4269 adn
1055 4173 1114 4226 tate
1160 4169 1246 4226 corda
1285 4166 1485 4239 proximorum
1519 4166 1680 4237 imitantur,
1720 4167 1905 4238 receptacula

155 4257 396 4329 evangelistarum
411 4257 486 4313 dieta
501 4272 550 4312 ore
565 4261 595 4312 et
610 4271 697 4326 opere
712 4259 838 4328 portant.
1055 4257 1168 4330 ignium
1199 4256 1283 4320 fiunt,
1318 4256 1387 4329 quia
1416 4255 1564 4311 flammam
1599 4254 1722 4312 coelestis
1756 4254 1903 4323 sacrificii,

190 4348 273 4402 Vuae.
299 4349 343 4402 33.
377 4375 411 4387 -
436 4347 573 4401 taceaco
599 4351 689 4402 autera
707 4345 804 4410 cetum,
829 4346 882 4399 etc.
911 4344 998 4414 (Bra,
1055 4362 1141 4419 quam
1169 4345 1199 4402 iu
1226 4344 1360 4401 fraternis
1388 4343 1531 4401 mentibus
1557 4343 1750 4416 conspiciunt,
1778 4342 1811 4399 iu
1840 4343 1903 4400 auis

153 4436 201 4491 ubi
214 4434 325 4506 supra.)
340 4433 413 4499 Quia
426 4433 457 4488 in
472 4438 580 4489 aterno
603 4432 720 4488 oonsilio
746 4429 908 4488 Divinitatis
927 4436 999 4499 erat,
1054 4434 1210 4490 accendere
1223 4437 1368 4506 satagunt.

152 4528 315 4593 memeque
329 4522 367 4578 ad
382 4537 389 4578 :
403 4521 607 4592 tadiejratiair‘.
874 4536 878 4543 ·
1089 4524 1213 4579 varst.
1228 4551 1264 4565 -
1279 4522 1504 4592 craticulamque
1527 4523 1557 4577 to
1584 4522 1704 4591 modum,
1732 4525 1790 4577 etc.
1808 4520 1902 4594 (Bam,

187 4614 269 4671 Intra
298 4610 371 4682 qaod
397 4626 483 4685 pmice
516 4625 610 4667 orcam
644 4609 801 4679 accerume,
836 4612 889 4666 etc.
923 4610 1000 4667 lutra
1054 4611 1102 4667 ubi
1127 4625 1223 4681 supra,
1251 4623 1313 4682 cap.
1340 4610 1396 4681 18.)
1419 4609 1514 4667 altare
1542 4612 1635 4666 totum
1657 4625 1812 4665 concavum
1839 4608 1903 4664 fleri

151 4703 206 4759 hoc
234 4702 330 4758 velum
351 4700 444 4773 posita
466 4704 509 4755 ast
536 4715 602 4755 arca
622 4696 794 4765 testamenti,
825 4697 894 4769 quia
916 4697 1000 4754 Chri-
1052 4703 1231 4772 praeceptum
1259 4702 1311 4766 est,
1327 4701 1392 4768 eta,
1416 4698 1553 4768 usquead
1580 4698 1776 4755 atudreorum
1799 4698 1901 4755 docto·

153 4794 214 4847 stus
236 4793 424 4862 paternorum
447 4803 618 4844 arcanorum
647 4783 787 4853 conscius,
811 4791 875 4857 post
888 4786 999 4857 passio·
1054 4788 1134 4844 ribus
1150 4785 1284 4843 didicisse
1297 4789 1443 4859 putamus.
1490 4858 1493 4865 ²

151 4894 219 4935 uam
243 4883 273 4935 et
301 4875 540 4934 resurrectionem
568 4874 655 4931 caelos
669 4875 806 4932 calorum
831 4876 998 4932 ascendensr
1088 4877 1175 4932 Vaas.
1191 4879 1218 4931 o.
1238 4904 1274 4918 -
1295 4875 1392 4933 subter
1415 4876 1535 4942 oratam,
1552 4877 1606 4932 etc.
1623 4875 1688 4946 (la,
1704 4874 1789 4947 ibid.)
1811 4873 1904 4934 itabat

151 4968 233 5023 sedet
247 4967 282 5023 ad
297 4968 445 5023 dexteram
461 4964 566 5022 Patris.
1053 4967 1141 5022 altare
1167 4963 1290 5034 arulam,
1318 4967 1385 5034 eta,
1408 4978 1494 5034 usque
1519 4963 1558 5019 od
1572 4967 1602 5019 et
1629 4964 1666 5020 ad
1690 4964 1780 5020 tinem
1808 4962 1902 5036 perfe-

185 5055 362 5113 occidemur.
388 5054 461 5121 eria
476 5052 608 5122 Ecclesia,
630 5067 695 5125 quse
708 5067 742 5107 er
764 5051 874 5123 augelis
889 5054 919 5108 at
943 5052 998 5108 ho·
1051 5054 1155 5113 ationis
1167 5055 1369 5126 perducantur.

152 5145 280 5203 minibus
307 5149 427 5212 constat,
455 5143 562 5217 partim
588 5142 790 5216 peregrinatur
812 5142 844 5198 in
878 5141 996 5211 intimis,
1087 5143 1150 5216 (lo.)
1175 5142 1206 5198 Si
1233 5158 1321 5214 quem
1349 5144 1445 5198 movet
1462 5141 1546 5213 juxta
1567 5141 1707 5211 litteram,
1735 5143 1801 5207 eta,
1818 5154 1903 5210 suque

149 5235 256 5307 partim
280 5236 383 5304 regnat
405 5233 437 5289 in
460 5232 605 5305 supernis,
630 5231 723 5288 adhuc
745 5230 820 5287 cives
836 5245 912 5299 suos,
930 5230 997 5286 diri·
1051 5231 1089 5287 od
1102 5233 1181 5287 tanto
1196 5229 1330 5286 mundius
1343 5228 1518 5287 inveniatur.

149 5326 246 5381 mente
262 5322 325 5378 velo
340 5323 405 5379 coeli
419 5322 506 5379 habet
523 5322 560 5379 ab
574 5321 697 5378 invicem
713 5323 887 5392 segregatos.
1098 5321 1180 5375 Vnus.
1196 5323 1224 5375 6.
1246 5348 1283 5361 -
1295 5321 1388 5376 Facies
1414 5322 1441 5374 et
1454 5322 1550 5375 certes.
1569 5318 1706 5374 itoctores
1720 5315 1827 5373 scilicet
1850 5314 1900 5388 qui

198 5414 280 5469 Vnus.
311 5415 354 5469 36.
375 5441 410 5455 -
437 5414 609 5482 Maurumque
632 5416 713 5467 cetra
737 5411 835 5476 cetum,
874 5410 927 5464 etc.
944 5408 994 5479 (Iu.
1049 5409 1177 5465 Judaeam
1191 5412 1220 5464 et
1247 5407 1442 5465 (tantilitatem
1469 5423 1559 5463 unum
1583 5407 1650 5463 tidei
1678 5406 1803 5479 gratiam
1830 5421 1899 5461 eon-

146 5501 229 5572 tbid.)
245 5503 381 5558 lianmet
404 5498 607 5556 candelabrum
620 5498 796 5556 tabernaculi
825 5497 995 5568 temporalia
1049 5512 1120 5553 sono
1134 5513 1182 5553 ore
1202 5502 1230 5552 et
1244 5512 1330 5568 opera
1344 5500 1458 5552 vocent.
1488 5494 1537 5551 Vel
1552 5512 1586 5551 ex
1614 5495 1834 5568 utroquelatera
1850 5495 1894 5550 al·
