3892 6106
71 237 119 292 tet
652 232 781 293 elosae
800 232 1002 292 ottutttttua.
1021 262 1056 273 -
1077 232 1143 291 titt.
1163 231 1244 290 Gssll.
1774 232 1827 291 li!

66 362 148 413 tatur
163 361 230 430 spes
248 355 390 428 cujusque
404 355 495 412 tidelis
508 368 526 411 a
542 354 663 412 llomlno
677 370 715 413 ne
739 353 853 424 titubet,
870 353 920 411 ssd
938 363 960 420 Α
980 369 1052 410 uror
1063 368 1180 427 qnoque
1195 353 1251 410 boc
1271 351 1362 408 soluit
1387 355 1416 408 et
1431 351 1533 426 coegit,
1549 368 1616 426 ane
1630 352 1706 410 lilios
1721 352 1828 412 babere

67 446 235 501 mercedem
248 449 404 517 exspectet.
977 459 1035 498 non
1051 447 1180 514 poterat;
1196 442 1262 498 ideo
1285 457 1322 496 ex
1351 440 1407 496 alie
1419 441 1564 514 suscipere
1587 441 1723 514 cupiebat
1739 458 1832 515 quem·

104 536 187 590 vars.
218 535 246 602 b,
274 563 311 576 -
340 555 355 583 ι
379 533 511 605 Dixitque
540 533 656 590 Abram.
688 534 816 605 (llrsaon,
840 531 871 587 in
888 533 920 599 Q.
976 531 1007 587 in
1024 532 1117 588 locum
1129 531 1239 605 proprii
1257 530 1419 601 adoptaret.

68 623 202 689 liebri»
222 625 281 695 ligo
304 623 379 678 rado
398 622 460 676 sine
474 622 611 686 liberis.»
639 627 693 677 etc.
724 636 809 691 usque
836 620 924 676 adab
1012 619 1092 674 Vrrs.
1125 622 1202 674 cn.
1228 648 1263 659 —
1288 639 1303 666 ιι
1332 616 1485 689 Ingredere
1508 616 1559 687 ad}
1571 617 1716 683 ancillam,
1732 638 1746 668 ιι
1770 623 1826 674 ete.

69 711 123 765 boc
153 710 237 765 aiom
269 710 438 766 Damascum
471 715 501 766 et
536 710 726 779 nominatam,
766 715 795 765 et
824 708 922 766 condi·
977 708 1117 781 (Hieros.)
1133 707 1457 780 Notadiligenlerqnod
1472 706 1631 779 procreatio
1655 707 1826 764 liliorumin

68 803 139 853 tam.
977 798 1097 853 flebraeo
1115 796 1352 868 edificatiodicta
1374 801 1427 866 est,
1442 800 1508 864 etc,
1523 809 1609 867 nsque
1635 796 1825 866 udtanqnam

104 889 190 943 vars.
236 890 291 943 5·8.
312 917 349 929 -
373 909 387 937 ι
415 887 531 959 Suspice
560 887 775 954 coelnm,setc.
787 886 924 960 Superius
975 884 1533 957 perangclumlataingratiemredeat
1550 889 1624 939 etse
1645 883 1786 954 subiiciat.

68 976 141 1030 dixit
158 976 385 1031 :sliritsemen
407 981 490 1030 tunm
519 976 804 1041 sicutarenamarie,
822 994 836 1028 ιι
854 974 923 1048 quia
1011 975 1105 1045 (line.)
1123 973 1265 1029 ilaecdure
1281 974 1499 1028 muliaressunt
1529 973 1587 1029 dno
1616 974 1818 1028 Testamenta:

69 1062 100 1116 in
129 1062 182 1116 illa
198 1062 281 1132 plebe
297 1062 513 1134 quidamerant
529 1063 657 1117 carnales
681 1067 710 1118 et
734 1062 853 1129 terreni,
873 1061 924 1134 qni
976 1064 1060 1134 Agar,
1077 1063 1173 1129 Vetus,
1189 1062 1266 1135 qnod
1294 1062 1322 1117 in
1342 1061 1493 1135 synagoga
1510 1062 1660 1118 Iudaicum
1682 1063 1824 1134 populum

70 1166 168 1204 arente
185 1154 399 1222 comparantur,
420 1150 488 1222 quia
510 1149 593 1219 aridi,
608 1154 638 1206 et
651 1167 668 1205 e
681 1149 764 1207 bonis
788 1150 924 1222 operibus
977 1151 1106 1206 servituti
1129 1151 1274 1206 nutriebat
1301 1150 1476 1222 ubuorinm3
1499 1152 1577 1219 Sara,
1611 1152 1731 1219 Novum,
1747 1150 1824 1222 quod

71 1237 240 1304 infecundi3
255 1237 303 1292 alii
315 1238 501 1313 quasistellae
515 1239 667 1310 fulgentes.
976 1240 1116 1312 pupulum
1131 1239 1328 1296 Christianum
1342 1238 1373 1292 in
1396 1239 1555 1294 libertatem
1582 1238 1650 1295 lidei
1665 1237 1822 1311 generarit.

106 1325 205 1396 (uia.)
224 1326 334 1397 Duplex
350 1326 521 1397 significatio
533 1326 668 1399 promissi
691 1326 809 1383 seminis
822 1327 919 1383 datur.
977 1327 1156 1398 llultiplicati
1170 1331 1238 1382 eunt
1262 1327 1373 1382 ancillae
1394 1326 1457 1394 lilii,
1473 1331 1577 1383 utnon
1602 1331 1826 1382 numerarentur

70 1413 202 1468 Ostensis
224 1414 315 1469 stellis
341 1415 446 1470 dicitur
474 1415 500 1469 ei
528 1434 537 1471 s
570 1436 584 1466 ιι
611 1415 657 1472 Sic
695 1415 797 1472 laciem
825 1430 923 1471 semen
976 1432 1035 1489 pne
1048 1416 1241 1480 multitudine,
1259 1416 1308 1488 qui
1324 1432 1513 1489 supraarenae
1527 1421 1740 1488 comparentur.
1760 1415 1823 1485 lpse

70 1504 166 1569 tunm,
184 1523 199 1547 ι
215 1500 246 1555 id
265 1507 318 1569 est,
332 1506 448 1573 gentem
466 1503 668 1574 Christianam,
682 1505 765 1576 cujus
783 1508 814 1559 tn
841 1508 924 1576 pater
975 1520 1045 1576 ergo
1059 1505 1184 1577 populns
1200 1503 1346 1560 lerocitete
1365 1519 1417 1558 sna
1431 1505 1562 1572 ramulus,
1576 1508 1606 1559 at
1628 1503 1762 1559 omnibns
1776 1501 1825 1556 bo·

68 1587 188 1644 loturus
213 1604 254 1650 es,
284 1590 316 1644 in
335 1590 401 1657 lida,
424 1591 530 1647 scilicet
560 1592 778 1648 resurrectionis
801 1591 923 1666 {lumine
978 1593 1023 1649 nis
1037 1592 1205 1660 contrarius,
1220 1597 1249 1647 at
1263 1592 1463 1647 maximarum
1477 1591 1669 1648 Christianum
1680 1591 1822 1664 populu

69 1692 237 1733 corruscare.
269 1678 388 1734 Ostensa
415 1696 484 1735 vero
506 1695 594 1735 arena
612 1681 738 1737 dicitur:
770 1703 784 1731 ιι
799 1681 844 1737 Sic
869 1681 924 1736 erit
943 1649 1039 1736 Btoto
1054 1680 1124 1736 orbe
1150 1679 1259 1735 invidie
1286 1680 1450 1734 stimulante
1472 1679 1665 1752 persequitur,
1686 1681 1717 1734 et
1738 1678 1825 1746 longe
1852 1730 1861 1743 ,

67 1780 171 1820 umen
186 1771 281 1834 tuum,
295 1790 309 1816 ι
323 1772 389 1836 etc,
405 1768 432 1823 id
448 1773 491 1823 ost
504 1769 620 1841 copiose
644 1769 700 1826 erit
723 1770 922 1842 gensludoeo·
978 1768 1090 1840 lateque
1105 1768 1259 1840 dispersus,
1291 1768 1419 1840 regando
1441 1773 1470 1824 et
1494 1768 1667 1842 negotiando
1690 1766 1825 1823 omnibus
1921 1760 1927 1769 '

67 1870 147 1921 rum,
163 1854 217 1910 sed
232 1855 311 1910 arida
326 1860 356 1911 et
369 1856 532 1913 infecunde.
978 1860 1020 1911 est
1034 1873 1180 1914 onerosus.

104 1944 190 1998 Vens.
206 1946 281 2000 uto.
297 1975 330 1986 -
345 1966 360 1994 o
378 1946 474 2015 Sume,
499 1946 604 2019 inquit,
633 1946 714 2017 mihi,
731 1967 746 1998 ι
771 1952 824 2004 etc.
845 1948 922 2017 (ism.
1013 1946 1093 2000 Vsas.
1112 1947 1154 1999 lt.
1170 1974 1205 1986 -
1224 1964 1236 1994 ι
1258 1943 1308 1999 llic
1323 1942 1467 2000 eritlerus
1481 1944 1578 1999 bomo.
1593 1965 1606 1993 ιι
1629 1943 1678 1998 Vel
1695 1943 1824 2008 rusticus,

68 2035 98 2087 ιιι
125 2032 212 2099 θαι,
239 2038 308 2089 tom.
339 2034 383 2105 V.)
424 2035 511 2091 Vacca
547 2035 678 2104 triennis,
705 2036 787 2107 plebs
808 2037 925 2092 iudaice
977 2032 1227 2089 secundumalios.
1248 2032 1568 2104 (lirraon.)lnllebrren
1588 2032 1709 2087 habetur
1734 2031 1826 2101 ptura

71 2120 167 2192 posita
177 2121 232 2176 sub
238 2122 310 2194 jugo
326 2123 626 2195 legie,etc.,usqueod
640 2124 755 2197 quando
765 2140 818 2197 per
826 2124 924 2198 ignem
979 2121 1061 2192 (nib)
1082 2120 1160 2192 quod
1183 2119 1390 2191 interpretetur
1417 2133 1531 2186 onnon.
1553 2117 1700 2190 signillcet
1727 2131 1826 2172 semen

73 2208 289 2277 seperabuntur
298 2210 392 2264 bonia
406 2212 499 2267 malis.

109 2317 124 2343 ιι
142 2295 264 2351 Vaccam
293 2298 446 2364 triennem,
477 2304 506 2355 et
533 2315 646 2371 capram
677 2300 804 2371 trimam,
830 2321 844 2354 ι
869 2307 923 2358 ete.

978 2209 1041 2280 ejus
1071 2208 1270 2264 hebiteturum
1307 2207 1338 2262 in
1366 2207 1489 2273 deserto,
1520 2207 1550 2263 id
1588 2211 1641 2275 est,
1671 2206 1826 2263 Saracenos
1915 2282 1917 2287 Ι

978 2313 1073 2369 vagos,
1091 2298 1250 2369 incertique
1268 2296 1391 2365 sedibus,
1408 2297 1465 2369 'qni
1493 2313 1593 2352 omnes
1608 2300 1706 2368 gentem
1721 2294 1826 2367 quibus

27 2383 30 2387 '
71 2382 148 2446 Quia
175 2383 214 2438 ab
238 2384 327 2440 Adam
355 2401 447 2459 usque
473 2387 508 2442 ed
536 2387 606 2452 Nor,
634 2391 663 2443 et
683 2387 751 2443 inde
771 2403 863 2460 usqua
888 2388 925 2444 sd
978 2385 1123 2441 desertum
1137 2402 1171 2440 ex
1188 2385 1422 2457 leterejungitur
1436 2385 1624 2453 incursantes,
1649 2384 1825 2456 impugnan-

71 2471 194 2538 Abram,
209 2471 313 2528 deinde
326 2489 417 2547 usque
433 2475 466 2530 ad
484 2474 581 2543 David,
595 2476 718 2547 populus
732 2475 866 2532 adolevit.

109 2559 195 2615 Vsus.
228 2562 269 2615 ll.
297 2590 332 2602 -
356 2580 370 2612 ιι
397 2562 668 2632 Descenderuntqne
682 2564 821 2630 volucres,
836 2586 851 2614 ιι
869 2569 923 2619 etc.

72 2647 188 2716 (Gara,
206 2647 258 2702 lib.
279 2664 324 2703 ιιι
351 2651 463 2718 Monet,
482 2665 507 2704 c.
532 2651 787 2720 cormponere.
809 2653 841 2706 ln
861 2652 924 2724 ipso

72 2735 217 2790 orationis
233 2736 372 2792 semilicio
387 2738 523 2808 ingerunt
545 2738 759 2812 scimportunoe
772 2740 924 2812 cogitatio·

979 2478 1025 2528 tnr
1039 2474 1075 2529 ab
1090 2474 1233 2529 omnibus.

1016 2563 1095 2619 Vens.
1114 2565 1158 2618 ld.
1175 2593 1208 2603 -
1227 2584 1241 2612 ιι
1255 2562 1377 2631 Vocarit,
1389 2567 1486 2618 antem
1496 2563 1579 2634 Agar.
1596 2584 1609 2613 ιι
1627 2564 1828 2618 Rectenornen

979 2649 1041 2721 ejus
1052 2652 1090 2706 ita
1103 2651 1223 2716 vocarit,
1240 2651 1309 2723 quia
1323 2651 1448 2722 gratuito
1459 2653 1582 2707 consulit
1596 2651 1707 2706 miseris
1730 2656 1759 2705 et
1773 2650 1827 2705 bu»

981 2740 1063 2794 miles
1086 2741 1258 2795 consolatur.
1276 2739 1392 2807 ,Unde:
1421 2761 1434 2788 ιι
1461 2741 1502 2795 Τιι
1517 2739 1644 2795 laborem
1657 2746 1684 2794 et
1700 2738 1827 2794 dolorem

72 2839 136 2890 nes,
152 2826 313 2895 rapererel
329 2826 435 2880 violare
455 2825 624 2898 cupientes:
653 2830 804 2883 scdmanu
821 2833 925 2884 sancte
979 2828 1151 2893 consideras,
1163 2832 1192 2882 et
1204 2827 1257 2882 tibi
1271 2827 1423 2882 derelictus
1438 2832 1481 2882 est
1495 2843 1615 2900 pauper,
1625 2850 1639 2877 »
1656 2832 1709 2882 etc.
1729 2848 1744 2876 ιι
1755 2828 1827 2882 Pro-

71 2913 259 2968 discretionis
274 2914 564 2971 debemuscustodirc
582 2916 657 2988 quod
672 2915 741 2971 loris
767 2917 924 2983 offerimus,
941 2938 961 2994 ρ
981 2917 1054 2972 lecte
1078 2917 1124 2970 hic
1153 2916 1211 2971 ridi
1239 2916 1401 2987 posteriora
1424 2917 1546 2972 videntis
1570 2932 1625 2972 me.
1656 2936 1670 2967 ιι
1696 2916 1763 2972 Tala
1786 2918 1830 2971 est

74 3017 111 3056 ne
126 3002 250 3072 maligni
264 3003 383 3074 spiritus
402 3009 430 3058 et
447 3020 589 3076 perrersae
601 3005 789 3076 cogitationes
801 3006 924 3077 rapiant.

111 3090 193 3145 Vens.
214 3093 255 3144 ιι.
271 3118 305 3133 -
331 3110 345 3143 ιι
362 3092 452 3147 Paror
466 3093 561 3162 irruit,
577 3113 591 3143 ιι
607 3098 660 3149 etc.
679 3096 760 3166 (Ano.
781 3095 811 3149 in
826 3096 924 3162 oue-st.

981 3005 1051 3060 illud
1067 3021 1074 3060 r
1093 3026 1107 3053 «
1120 3004 1233 3061 Videbis
1252 3004 1411 3076 posteriora
1424 3021 1497 3069 mea,
1514 3021 1580 3060 nam
1601 3005 1688 3061 iacies
1701 3021 1760 3060 non
1776 3020 1828 3077 ap·

981 3094 1091 3166 parebit
1101 3094 1162 3149 tibi.
1180 3117 1193 3143 ιι
1211 3114 1225 3143 «
1243 3094 1392 3149 Nunenim
1406 3094 1722 3151 humoridebitiaciem
1733 3109 1827 3150 meum

73 3179 180 3249 Βοῦν.)
201 3180 485 3236 ‘tractandaestista
506 3183 625 3253 questio
653 3188 772 3254 propter
798 3200 847 3239 eos
877 3184 927 3256 qni
981 3189 1010 3238 et
1026 3183 1100 3238 siret
1128 3182 1225 3250 (tired.
1248 3184 1354 3247 inni).
1368 3204 1383 3233 ιι
1414 3182 1494 3238 lllam
1518 3183 1594 3237 enim
1626 3183 1830 3239 manitastetio·

73 3267 257 3323 contendunt
275 3268 344 3324 istas
369 3270 600 3341 perturbationes
615 3287 671 3327 non
697 3272 799 3328 cadere
814 3273 845 3328 in
861 3273 926 3328 ani·

75 3371 158 3410 nrum
173 3356 322 3429 sapientis,
338 3361 403 3427 etc,
419 3360 553 3429 usquead
567 3375 624 3414 non
648 3359 798 3415 dicendam
813 3367 926 3433 pertur-

76 3444 238 3500 munnam.

981 3287 1046 3327 nem
1075 3270 1224 3341 sapientiae
1257 3271 1306 3327 Dei
1339 3285 1424 3326 nemo
1445 3276 1538 3343 potest
1565 3272 1663 3328 ridere
1682 3277 1710 3328 et
1723 3272 1827 3327 virere.
1871 3285 1878 3298 ·

980 3360 1045 3430 lpse
1061 3362 1104 3414 est
1121 3359 1229 3431 species
1245 3361 1279 3414 ad
1307 3374 1393 3432 quam
1417 3360 1541 3431 suspirat
1553 3360 1604 3432 qui
1629 3362 1718 3416 Deum
1734 3361 1829 3434 diligit

980 3451 1041 3503 toto
1058 3447 1153 3512 corde,
1168 3450 1227 3500 tota
1242 3445 1349 3513 anima,
1364 3450 1425 3501 tota
1439 3452 1555 3502 mente:
1584 3447 1619 3504 ad
1648 3463 1735 3521 quarn
1757 3463 1827 3503 con·

114 3535 198 3589 vans.
230 3536 378 3590 te15.-
402 3556 417 3584 κ
437 3535 512 3591 Scito
539 3551 731 3607 prenoscens,
761 3537 847 3610 (isin.)
874 3540 927 3593 Po·
979 3536 1184 3608 temptandam,
1201 3534 1287 3589 etism
1301 3535 1467 3607 proximum
1486 3535 1634 3607 diligendo
1663 3536 1828 3608 sicutseip-

74 3622 163 3694 polus
180 3622 266 3676 lsrael
281 3623 310 3677 in
325 3625 444 3696 AEgypto
459 3624 616 3679 serviturus
642 3627 830 3697 prophetatur
845 3643 851 3680 ι
867 3642 927 3681 ιιοιι
981 3640 1055 3692 sum,
1072 3628 1212 3696 qnantum
1226 3628 1331 3694 potest,
1347 3623 1477 3679 adilicat.
1498 3625 1660 3680 Posteriora
1674 3626 1825 3696 remeius,

74 3711 155 3784 quod
183 3711 323 3783 AEgypliis
351 3713 435 3767 annis
461 3712 678 3784 quadringentis
708 3715 847 3781 servierit,
876 3715 927 3770 sed
980 3712 1010 3767 id
1024 3717 1077 3780 est,
1092 3711 1402 3784 incarnationemque,
1414 3728 1501 3785 qnam
1514 3713 1829 3787 assumpsitpostremis

74 3801 145 3872 quie
174 3799 222 3855 hic
244 3815 383 3855 numerus
408 3800 439 3856 in
454 3801 505 3857 illa
527 3801 680 3858 alllictione
704 3803 863 3875 completus
885 3806 928 3859 est
980 3801 1169 3872 temporibus,
1196 3815 1274 3855 nunc
1292 3815 1344 3872 per
1370 3802 1457 3858 lldem
1473 3807 1502 3857 et
1515 3802 1698 3859 dilectionem
1714 3802 1829 3858 deside-

74 3887 146 3958 qnia
159 3887 196 3943 eb
210 3887 261 3942 illo
285 3892 416 3959 tempora
432 3894 615 3962 computatur
645 3891 720 3963 quod
737 3892 791 3947 ista
805 3893 926 3950 Abrahae
980 3889 1070 3945 rande
1091 3890 1330 3959 contemplamur,
1351 3893 1381 3944 et
1395 3889 1425 3944 in
1449 3891 1545 3946 lutnro
1571 3897 1679 3946 aeterna
1703 3894 1830 3946 contem·

74 3975 297 4047 promittuntur.

112 4088 127 4113 ι
141 4064 219 4120 Seite
244 4080 436 4136 praenoscens,
452 4087 466 4116 ιι
489 4070 542 4121 etc.
568 4065 648 4138 (Ans.
669 4068 703 4123 de
727 4069 783 4126 Cio.
805 4069 853 4124 lib.
869 4086 925 4138 xri,

980 3978 1108 4050 piatione
1123 3978 1262 4032 lruemur.

1017 4067 1097 4121 Vsas.
1128 4067 1219 4121 stru.
1246 4095 1281 4104 -
1310 4085 1324 4114 «
1345 4065 1498 4135 Propterea
1530 4066 1684 4136 appellavit
1704 4069 1827 4137 puteum

74 4170 99 4207 e.
112 4154 172 4218 il.)
187 4153 251 4208 Non
264 4153 304 4208 sic
318 4154 515 4225 accipiendum
534 4161 586 4220 est,
603 4161 740 4228 tanquam
759 4157 788 4212 in
811 4158 860 4212 illa
873 4159 925 4214 du·
984 4176 998 4205 ιι
1013 4154 1107 4220 illum,
1119 4176 1133 4203 ιι
1145 4158 1198 4208 etc.
1216 4154 1356 4222 (llrsnon.)
1371 4153 1465 4225 Usque
1480 4153 1565 4209 hodie
1574 4159 1678 4224 puteus
1691 4157 1767 4225 Agar
1780 4153 1828 4209 de-

76 4241 190 4296 rissima
203 4241 341 4307 sarritute
364 4243 588 4316 quadringentos
616 4260 706 4300 annos
727 4247 852 4318 populus
876 4226 963 4303 nell)
981 4246 1157 4299 monstratur
1172 4242 1326 4298 indeserto
1340 4242 1464 4310 Arabim,
1480 4243 1555 4299 inter
1573 4244 1661 4299 Gades
1677 4247 1705 4297 et
1726 4243 1825 4309 barud,

75 4331 175 4399 inerit,
201 4336 268 4398 etc,
291 4347 377 4402 usquc
399 4332 437 4386 ad
450 4333 576 4404 populus
590 4332 641 4389 nai
668 4334 698 4389 in
714 4337 833 4409 AEgyplo
853 4337 926 4392 dora

76 4419 215 4474 servitute
230 4418 353 4475 sillictus
372 4424 424 4476 eet.

112 4509 194 4563 Vens.
209 4511 302 4564 terr.
329 4536 365 4550 -
382 4530 395 4559 n
412 4509 600 4566 Generatione
623 4516 729 4576 entem,
746 4534 760 4563 ιι
777 4517 830 4568 etc.
848 4512 926 4584 (lirr-

76 4613 140 4652 aors.
154 4599 236 4668 epist.
246 4597 292 4666 {ud
314 4597 442 4668 Domus.)
469 4599 560 4654 lloses
574 4615 642 4656 rere
665 4600 734 4656 alibi
754 4601 833 4671 dicit,
860 4607 925 4671 etc.,

76 4701 166 4758 usque
176 4685 217 4740 ud
230 4685 302 4740 etad
317 4685 452 4741 Salomon
464 4686 645 4758 perveniunt.

404 4828 516 4884 cerui
533 4828 601 4885 xvi.

111 4954 193 5008 vass.
223 4955 248 5007 t.
267 4981 303 4993 -
331 4973 345 5000 «
379 4952 469 5023 lgitnr
493 4953 574 5008 Sarai
596 4968 667 5009 uxor
687 4954 802 5021 Abram,
831 4977 846 5004 »
870 4959 924 5011 ete.

76 5041 168 5114 (naa.)
184 5042 248 5097 Non
263 5044 306 5096 est
326 5040 438 5097 adulter
452 5041 556 5098 Abram
572 5042 607 5109 si,
631 5042 742 5098 virente
756 5059 855 5110 uxore,
870 5060 925 5099 an·

75 5131 148 5186 cilloe
168 5128 315 5202 jungitur,
334 5129 404 5202 qnie
432 5131 560 5187 nondum
586 5133 770 5205 promulgata
796 5136 858 5188 erat
880 5133 925 5189 lex

77 5219 221 5292 Evangelii
233 5218 321 5274 unius
334 5218 433 5275 uxoris
447 5236 455 5275 :
471 5223 500 5274 et
513 5212 608 5292 genus
630 5236 714 5276 suurn
729 5220 926 5292 multiplican-

76 5309 144 5364 dum
170 5307 313 5377 andierat,
329 5307 379 5364 sed
404 5322 457 5379 per
483 5323 571 5380 qnam
594 5309 746 5365 mulierem
770 5309 924 5375 nesciebat,

76 5398 142 5471 quia
151 5397 254 5455 Seram
275 5396 403 5453 sterilem
421 5401 548 5452 noverat.
565 5398 628 5453 Non
642 5397 698 5455 luit
712 5397 743 5453 in
764 5398 841 5454 coitu
856 5398 925 5455 libi-

75 5488 176 5544 dinosa
187 5486 334 5560 voluptas,
350 5485 400 5541 sed
418 5485 508 5558 prolis
534 5485 675 5543 habende
701 5487 751 5560 pia
777 5487 924 5545 charitas:

981 4332 1059 4405 quod
1082 4331 1225 4404 significat
1248 4332 1351 4387 vetaris
1384 4332 1455 4404 legis
1479 4337 1509 4388 et
1532 4348 1613 4388 nora
1638 4331 1828 4404 scripturam,

981 4438 1068 4494 qnam
1083 4421 1213 4478 conditor
1237 4426 1344 4491 noster,
1360 4421 1418 4476 vita
1440 4421 1607 4491 virentium,
1624 4437 1688 4492 spes
1704 4420 1828 4475 morien·

981 4511 1064 4579 tium,
1085 4510 1193 4566 intuitu
1207 4510 1263 4581 pire
1282 4509 1473 4566 miserationis
1498 4510 1668 4566 mortalibus
1686 4509 1775 4574 dedit,
1795 4514 1830 4564 ut

980 4600 1073 4656 edocti
1086 4605 1113 4655 el
1128 4599 1233 4655 avitiis
1249 4600 1379 4668 correcti,
1394 4601 1445 4655 Dei
1460 4600 1567 4657 risione
1589 4603 1727 4673 perpetuo
1747 4598 1831 4670 digni

979 4704 1042 4746 esse
1056 4694 1231 4746 mereantur.

1295 4830 1409 4888 CAPUT
1432 4831 1511 4887 XVll.

1016 4956 1095 5012 Vens.
1115 4956 1172 5010 r-t.
1201 4983 1236 4997 -
1328 4974 1343 5002 «
1370 4955 1536 5026 Ponamqne
1560 4951 1664 5015 foedus,
1685 4972 1700 5002 ιι
1721 4955 1773 5006 etc.
1796 4951 1830 5008 ln

982 5043 1099 5100 llabraeo
1122 5043 1209 5099 baritis
1225 5042 1325 5111 (nitu),
1357 5041 1434 5114 quod
1458 5057 1517 5096 non
1541 5044 1756 5112 tastamentum,
1778 5040 1828 5097 sed

980 5132 1083 5202 icedns,
1097 5130 1156 5187 sire
1167 5136 1280 5203 pactum
1292 5130 1443 5200 significat.

1016 5222 1094 5276 Vens.
1125 5224 1184 5276 5-7.
1199 5241 1259 5298 -n
1270 5220 1325 5274 Nec
1346 5220 1421 5274 ultra
1436 5219 1586 5276 vocabitur
1600 5235 1717 5276 nomem
1743 5222 1827 5274 tuum

981 5330 996 5361 ιι
1010 5309 1124 5366 Abram.
1140 5330 1154 5359 ιι
1180 5308 1316 5373 (Ηιιιιοιι.)
1337 5307 1439 5362 lticunt
1455 5307 1566 5364 liebresi
1589 5308 1667 5380 quod
1694 5308 1768 5364 [tens
1794 5321 1828 5362 er

980 5399 1096 5454 nomine
1111 5414 1174 5465 sno,
1197 5397 1272 5469 quod
1301 5397 1376 5467 apud
1398 5396 1463 5453 illos
1490 5401 1748 5470 tetragrammaton
1772 5398 1827 5465 est,

979 5489 998 5544 t
1023 5486 1152 5543 litterani
1172 5485 1303 5553 Abrahae,
1330 5492 1360 5542 et
1391 5485 1469 5542 Sarae
1492 5485 1644 5542 addiderit.
1675 5468 1829 5543 Dicebatur
