3892 6106
135 275 189 328 755
438 272 635 330 wibertum
654 274 778 331 sinaut
797 274 896 331 rubb.
917 275 997 332 itote
1023 274 1103 332 ΟΡΡ.
1125 274 1212 330 Plus
1235 275 1257 330 1.
1278 302 1314 314 -
1332 272 1559 332 runotoelcb.
1844 279 1894 332 756

136 392 284 449 accendit:
298 392 348 466 qui
371 392 503 464 ignisest
532 393 592 462 liei,
616 408 675 449 non
697 393 837 462 facientis,
862 397 912 450 sed
926 411 990 468 per·
1006 397 1032 451 A
1049 395 1191 466 ctus,ipsa
1214 394 1376 450 bumilitate
1400 395 1502 451 melius
1525 395 1669 452 vestitur:
1699 412 1759 451 non
1778 395 1834 452 sibi
1851 398 1896 453 sed

137 482 292 553 mittentis;
310 487 339 538 et
356 482 425 554 quie
451 481 545 537 subito
570 481 697 554 impulsu
721 483 989 556 circumspectiones
1045 485 1102 539 Deo
1118 484 1247 539 tribuens
1277 484 1355 556 qnod
1383 484 1479 552 hebet,
1510 484 1650 541 Dominus
1664 485 1748 541 dedit
1773 485 1896 555 bona,es

138 572 311 639 obruuntur,
325 571 454 625 custodes
468 570 552 642 pueri
576 571 753 626 occiduntur.
784 572 838 627 Sed
854 573 914 628 sola
930 573 990 628 dis·
1044 573 1183 629 Dominus
1198 571 1284 628 etiem
1296 573 1383 643 tollit,
1413 573 1491 645 quod
1519 573 1585 629 ideo
1613 574 1649 631 ed
1674 579 1793 646 tempus
1818 575 1897 644 utut

138 661 235 724 cretio,
251 660 346 729 idest,
370 660 442 714 ratio
465 660 562 715 animo
585 660 690 714 damna
716 660 840 729 nuntiat,
866 668 895 716 et
909 660 990 735 quasi
1044 662 1162 716 humilis
1175 662 1279 716 melius
1293 661 1408 717 hebeat.

138 749 294 804 Dominum
307 749 343 803 ad
358 749 484 803 lamenta
499 753 589 805 vocat.
1080 753 1162 807 Vras.
1180 755 1228 807 tl.
1248 782 1281 792 —
1298 772 1312 803 e
1328 752 1426 807 Nudus
1448 767 1579 823 egressus
1593 767 1667 807 sum.
1682 770 1698 804 s
1724 751 1843 808 lindum
1856 768 1897 808 rns

174 838 252 892 Vens.
280 840 322 893 lv.
339 867 371 877 --
393 858 408 888 «
436 837 561 893 Cheldei
590 837 729 905 iecerunt,
748 859 761 887 »
783 841 837 894 etc.
865 838 990 893 Chaldaei
1045 841 1101 895 huc
1114 840 1268 895 intrantem
1283 845 1360 895 terra
1379 841 1508 911 protulit,
1520 841 1630 896 nudum
1645 856 1693 896 me
1712 841 1782 895 bine
1796 856 1897 897 exeun·

135 925 363 996 interpretantur
375 927 487 995 seroces,
503 931 569 994 etc,
585 942 671 996 esque
694 927 731 981 ud
745 925 793 981 isti
807 943 911 998 pueros
923 943 991 998 per·
1044 931 1101 985 tem
1117 933 1192 983 terre
1207 928 1334 1000 recipiet.
1361 929 1525 984 crvrvsoiatio
1552 944 1587 983 ex
1610 929 1780 984 conditione
1794 944 1895 993 rerurn,

137 1019 287 1070 cesserunt
311 1015 417 1086 gladio,
429 1015 458 1070 id
486 1020 539 1084 est,
569 1015 758 1084 persuasione
785 1015 911 1083 sinistra,
935 1020 989 1071 etc.
1044 1016 1123 1087 quod
1135 1015 1252 1088 proprie
1265 1032 1323 1071 non
1337 1016 1471 1087 perdidit,
1489 1016 1696 1087 eedaecepteet
1710 1015 1899 1088 relinquenda

174 1103 344 1172 «Camelos,
370 1109 448 1159 etc.»
479 1104 610 1160 Cemelus
631 1104 772 1159 mundum
802 1104 908 1160 animal
928 1121 991 1177 par·
1045 1105 1168 1160 recolit:
1186 1109 1299 1176 tempus
1326 1120 1383 1176 quo
1407 1105 1529 1160 necdum
1562 1105 1617 1160 ista
1637 1104 1743 1160 hebuit
1767 1105 1900 1176 previdet

136 1192 201 1262 tim,
227 1196 294 1262 etc,
316 1207 402 1262 usque
429 1193 468 1248 od
494 1199 523 1248 et
550 1194 611 1247 sole
638 1192 770 1248 discretio
792 1192 889 1248 animo
914 1195 990 1265 quod
1046 1193 1138 1266 qualis
1153 1193 1290 1248 exiturus.
1307 1193 1479 1249 Consolator
1501 1193 1587 1248 etiem
1600 1209 1631 1249 se
1652 1193 1818 1264 exjustitia
1842 1194 1897 1250 liei.

136 1281 231 1352 ploret
246 1280 403 1336 renuntiet.
1083 1304 1097 1333 «
1113 1285 1152 1338 De
1167 1288 1248 1337 utero
1262 1284 1362 1338 metris
1377 1298 1458 1337 mee.
1472 1302 1487 1335 s
1510 1282 1598 1338 letor
1624 1281 1730 1338 Christi
1752 1282 1900 1354 Synegoga

174 1369 241 1423 «ut
268 1368 431 1424 nuntiarem
467 1368 530 1436 tibi,
546 1371 631 1423 etc.»
660 1369 835 1425 Nuntiantur
862 1371 991 1436 mala,et
1046 1376 1098 1438 est,
1115 1371 1219 1443 quein
1233 1387 1262 1425 se
1277 1388 1344 1427 eum
1367 1377 1500 1443 opertum
1528 1372 1623 1426 littera
1644 1370 1751 1439 tenuit,
1783 1387 1898 1428 neena·

138 1457 398 1525 multa,etsubite,
422 1462 454 1513 ut
472 1474 559 1530 super
585 1458 688 1512 vulnus
715 1460 834 1513 vulnere
865 1459 991 1531 irrogato
1046 1461 1116 1516 dnm
1131 1460 1162 1516 in
1189 1460 1294 1515 deitate
1317 1460 1398 1529 vidit,
1423 1460 1473 1515 sed
1500 1460 1536 1514 eh
1559 1476 1592 1514 ee
1616 1460 1712 1515 nudus
1737 1460 1775 1516 ad
1804 1461 1901 1517 Gentes

138 1544 324 1616 impatienter
338 1547 411 1602 ierat
426 1564 434 1615 3
451 1551 479 1601 et
493 1547 611 1602 callidus
624 1545 714 1601 hostis
726 1563 784 1601 non
800 1552 860 1602 tem
880 1548 993 1619 jactura
1048 1549 1133 1604 venit.
1147 1550 1215 1604 Ecce
1241 1548 1358 1619 loseph,
1377 1563 1464 1619 quem
1483 1564 1587 1621 purum
1611 1548 1763 1604 hominem
1785 1549 1901 1605 eredens

139 1649 236 1688 rerum
249 1650 337 1706 quam
352 1636 451 1691 ordine
461 1635 631 1690 nuntiorum
640 1639 794 1706 pertentet.
806 1636 890 1691 Prius
904 1653 992 1708 preve
1045 1639 1205 1710 Syuegoge,
1235 1637 1397 1692 adulterino
1427 1638 1579 1709 complexu
1606 1651 1672 1692 eum
1702 1637 1902 1709 constringere

90 1719 100 1733 ⁰
138 1722 263 1791 nuntiat,
279 1730 343 1795 post
358 1725 478 1797 majore,
508 1725 624 1780 tandem
653 1728 777 1779 mortem
792 1725 937 1782 filiorum:
955 1742 991 1782 ne
1046 1725 1155 1780 voluit:
1172 1726 1218 1780 cui
1233 1730 1350 1797 tegmen
1366 1725 1471 1781 littere
1481 1725 1608 1798 reliquit,
1618 1730 1647 1781 et
1661 1741 1693 1780 se
1716 1726 1902 1798 conspicuum

135 1812 198 1883 jem
212 1811 311 1870 orbato
325 1814 472 1869 vilesceret
486 1829 584 1870 rerum
603 1813 730 1880 amissio,
743 1829 809 1869 cum
824 1830 882 1869 non
897 1818 993 1870 essent
1046 1814 1185 1872 Gentibus
1199 1814 1332 1885 prebuit.
1354 1814 1409 1870 Sed
1419 1814 1513 1869 nudus
1523 1819 1693 1881 revertetur,
1715 1830 1787 1871 oum
1798 1815 1831 1870 in
1848 1814 1903 1871 flas

139 1908 269 1965 heredes
297 1901 471 1976 quibushoc
497 1906 632 1957 servaret.
660 1903 806 1958 Gradatim
831 1919 900 1975 ergo
915 1904 992 1959 dete·
1046 1903 1147 1958 mundi
1169 1903 1299 1974 reliquiis
1327 1903 1414 1958 isreel
1440 1904 1515 1958 Deus
1538 1902 1706 1959 innotescet.
1724 1923 1741 1955 e
1767 1903 1902 1959 Dominus

139 1998 217 2053 riore
231 1994 321 2061 audit,
345 1996 377 2046 ut
405 1991 436 2046 in
462 1991 525 2063 ejus
552 1991 636 2048 corde
663 2007 749 2048 omne
767 1992 871 2047 vulnus
896 1993 992 2048 locum
1045 1993 1132 2048 dedit.
1148 2013 1159 2040 ι
1175 1991 1274 2047 iudea
1288 1991 1358 2047 dum
1373 1992 1666 2057 venturumeredidit,
1692 1991 1826 2063 abstulit,
1840 2007 1902 2048 cunr

140 2084 277 2142 inveniet.
1046 2080 1109 2153 ipsa
1123 2080 1286 2136 venientem
1302 2081 1483 2152 contempsit.
1501 2102 1515 2132 e
1530 2081 1610 2137 Sicut
1630 2082 1757 2137 Domino
1786 2081 1900 2152 placuit

176 2176 257 2228 Veis.
276 2175 319 2227 l8.
334 2201 369 2210 —
391 2190 405 2220 «
435 2169 513 2225 Filiis
541 2169 609 2240 tuis,
638 2174 723 2225 etc.»
757 2169 865 2241 (Gneo.)
886 2171 950 2227 Filii
966 2176 993 2227 et
1048 2170 1118 2226 Cum
1131 2169 1291 2237 turbemur,
1307 2169 1492 2241 adjudicium
1507 2169 1558 2224 liei
1581 2185 1731 2225 recurrere
1754 2159 1903 2239 debemus,

141 2263 209 2319 filie
224 2263 268 2332 (ut
281 2259 451 2331 dictumest)
471 2261 540 2314 sent
562 2258 683 2331 apostoli
705 2263 734 2314 et
747 2258 845 2330 plebes
862 2259 992 2328 subdite,
1048 2262 1076 2314 et
1089 2259 1211 2328 maiores
1236 2258 1334 2313 laudes
1352 2258 1481 2320 reddere.
1506 2258 1575 2331 quie
1597 2258 1707 2328 pulsari
1732 2257 1833 2313 verius
1854 2273 1903 2313 nos

142 2351 236 2426 quiin
256 2351 353 2407 iudaea
380 2348 526 2420 Scriptura
549 2348 746 2403 vescebantur.
767 2370 778 2396 ι
804 2349 920 2415 Ventus,
938 2350 994 2405 sid
1048 2348 1189 2403 novimus.

142 2445 193 2504 est,
205 2440 285 2496 fortis
298 2438 418 2494 tentatio
434 2454 449 2493 e
464 2438 586 2507 deserto,
600 2437 628 2492 id
644 2442 698 2506 est,
723 2436 855 2493 cordibus
879 2438 994 2493 ludeo·
1079 2438 1162 2492 Vras.
1179 2438 1223 2492 22.
1236 2467 1271 2477 -
1288 2437 1346 2492 «ln
1362 2437 1497 2493 omnibus
1508 2436 1554 2493 his
1582 2453 1638 2493 non
1665 2437 1798 2509 peccavit
1810 2437 1903 2495 lobs

142 2545 217 2597 rum,
236 2529 279 2584 vel
298 2527 457 2583 immundis
471 2525 620 2598 spiritibus
636 2526 817 2597 prorumpit:
830 2529 857 2581 et
871 2531 996 2598 quatuor
1049 2524 1140 2595 (ibid.)
1157 2525 1260 2580 Dolens
1276 2525 1388 2581 enimus
1403 2526 1489 2582 debet
1502 2543 1532 2581 ss
1551 2526 1708 2595 custodire,
1739 2532 1808 2595 ete,
1823 2541 1906 2598 resque

142 2619 263 2690 angulos
288 2617 319 2671 in
343 2616 447 2688 quibus
470 2614 652 2682 stetdomns,
680 2614 850 2682 secerdotes,
877 2615 994 2683 scribes,
1049 2613 1086 2668 nd
1104 2613 1190 2669 corde
1205 2630 1265 2669 non
1279 2615 1396 2682 tumuit,
1413 2631 1463 2671 ore
1484 2631 1545 2671 non
1573 2615 1779 2684 murmuravit,
1802 2616 1902 2688 lingna

143 2706 269 2762 seniores
292 2703 403 2776 populi,
433 2702 602 2766 Phariseos,
632 2703 795 2757 commovit.
827 2703 943 2771 Domus,
965 2704 995 2759 id
1049 2706 1203 2758 contumax
1218 2702 1352 2758 nonfuit.

143 2799 196 2862 est,
210 2793 310 2850 iudea
324 2792 354 2847 in
370 2791 567 2865 persecutione
589 2789 704 2846 Domini
728 2791 832 2846 eadere
851 2792 994 2863 apostolos

142 2883 172 2939 in
188 2881 386 2954 desperatione
410 2879 516 2935 obruit.
546 2880 579 2934 Et
590 2895 673 2935 verns
701 2883 744 2934 est
757 2895 852 2934 sermo
877 2879 912 2935 ds
927 2896 995 2952 per·
1400 2832 1512 2889 CAPUT
1544 2835 1578 2890 1¹·

144 2976 273 3027 secutore
287 2970 395 3042 populo
410 2985 445 3024 :o
462 2967 586 3023 Dilectus
601 2983 682 3023 meus
701 2967 732 3022 in
748 2968 834 3023 domo
850 2985 914 3023 mea
931 2969 998 3025 iecit
1015 2971 1036 3028 C
1086 2970 1166 3024 Vens.
1182 2972 1206 3031 t,
1223 2970 1250 3023 2.
1266 2997 1297 3008 -
1311 2989 1322 3018 ι
1336 2934 1452 3023 Factum
1480 2971 1524 3022 est
1544 2971 1651 3035 eutem,
1678 2972 1733 3024 ete.
1750 2988 1766 3021 s
1782 2988 1799 3021 s
1826 2970 1902 3025 llnde

144 3059 251 3115 scelere
267 3058 356 3114 multe
371 3055 440 3129 (Jer.
465 3055 515 3127 rr),
534 3076 547 3107 s
573 3057 607 3111 Et
621 3057 655 3111 de
671 3056 823 3128 apostolis:
842 3076 854 3106 v
870 3056 997 3111 Proximi
1050 3056 1131 3112 venis
1149 3058 1163 3111 ¹?
1179 3078 1190 3108 s
1205 3058 1303 3128 (Geso.
1319 3059 1348 3112 in
1361 3058 1416 3112 Jod
1428 3057 1447 3110 l.
1464 3057 1526 3127 111.)
1542 3058 1600 3113 lloc
1611 3073 1670 3113 uon
1683 3063 1718 3114 ut
1729 3058 1824 3131 prius,
1839 3063 1901 3127 ete,

145 3148 324 3218 msielonge
333 3150 475 3201 steterunt
485 3144 573 3216 (Psoi.
587 3144 704 3213 xxrvu).
722 3145 777 3198 slit
793 3158 799 3197 :
815 3143 996 3198 »Percutiam
1050 3160 1135 3214 sesque
1163 3144 1200 3199 nd
1228 3144 1278 3216 qui
1306 3144 1438 3200 minuere
1461 3144 1585 3212 voluisti,
1615 3144 1758 3216 profectui
1781 3146 1901 3201 servisti.

145 3240 299 3309 pastorem,
315 3238 343 3288 st
364 3233 568 3305 dispergentur
591 3247 658 3287 oves
681 3231 794 3302 (blattis.
815 3233 913 3302 rrers
942 3236 995 3287 etc.
1081 3232 1161 3287 Vens.
1175 3234 1276 3287 3.-ι
1309 3232 1517 3287 innocentiam.
1533 3253 1548 3282 »
1576 3232 1774 3289 Innocentiam
1804 3234 1905 3290 munet

183 3323 244 3377 «ln
258 3321 343 3376 domo
360 3320 465 3383 fratris,
481 3340 495 3370 »
512 3318 541 3373 id
565 3319 660 3388 est,in
683 3317 800 3389 maj0ris
818 3317 914 3372 fratris
930 3336 998 3373 con·
1052 3320 1102 3392 qui
1131 3319 1217 3375 etiem
1241 3324 1306 3391 post
1334 3319 1448 3392 lapsum
1474 3320 1598 3375 scintilla
1625 3319 1745 3377 rationis
1768 3323 1904 3378 excitatns

146 3407 221 3462 vivio
234 3407 320 3462 Satan
334 3406 429 3461 obruit
443 3405 530 3475 filius,
552 3405 621 3476 quia
639 3421 692 3476 per
715 3404 920 3476 negligentiam
937 3423 998 3462 ma·
1052 3408 1176 3463 lideliter
1191 3409 1320 3479 poenitet.

142 3496 242 3567 joram
258 3495 362 3567 querit
390 3495 500 3550 aditum
522 3494 552 3549 in
581 3497 704 3549 mortem
734 3493 891 3561 minorum,
917 3500 946 3550 et
968 3496 998 3550 in
1089 3495 1183 3568 (ibid.)
1198 3496 1347 3561 Quomodo
1362 3496 1481 3551 Peterin
1495 3497 1651 3565 Christum,
1674 3515 1742 3554 cem
1755 3515 1817 3572 qno
1831 3500 1903 3556 idern

147 3585 219 3639 alios
233 3582 325 3654 magis
348 3583 450 3655 accipit
470 3583 553 3651 vires,
569 3582 685 3655 quaudo
708 3583 823 3654 eosqui
838 3599 891 3654 per
905 3589 999 3639 custo·
1052 3589 1105 3651 est,
1121 3588 1215 3639 motus
1229 3589 1272 3639 est
1282 3600 1334 3657 per
1345 3584 1504 3640 Satenemi
1518 3585 1587 3655 quie
1606 3584 1836 3643 Christushomo
1848 3602 1903 3643 nen

147 3675 225 3730 diem
244 3674 306 3730 aliis
334 3676 470 3746 presunt,
499 3673 604 3728 servire
625 3672 734 3728 letitie
760 3672 908 3745 conspicit.
936 3674 999 3729 Non
1052 3676 1209 3745 peteretur,
1239 3672 1296 3727 nisi
1319 3672 1410 3727 Adam
1433 3676 1586 3745 peccasset,
1613 3689 1679 3727 curn
1701 3675 1790 3730 Salen
1816 3675 1904 3731 Adam

148 3763 266 3837 quidem
280 3762 323 3818 illi
337 3762 430 3817 ventri
439 3761 599 3829 vacabant3
614 3761 662 3816 sed
685 3778 750 3817 cum
777 3762 852 3817 inter
871 3761 1000 3818 convivia
1053 3760 1150 3827 movit,
1167 3759 1198 3814 in
1219 3759 1363 3816 Christum
1388 3763 1478 3817 [lenm
1500 3762 1664 3818 commovit.
1695 3763 1825 3832 Frustra,
1840 3761 1904 3836 quis

148 3852 269 3908 intentio
285 3852 474 3907 mentisbona
497 3851 593 3906 minus
608 3851 706 3919 fervet,
728 3850 824 3905 minus
850 3851 998 3923 previdet.
1052 3865 1168 3922 poenam
1184 3848 1251 3903 tulit
1263 3849 1325 3902 sine
1354 3864 1405 3903 sua
1420 3849 1522 3921 culpe;
1549 3850 1598 3905 sed
1622 3866 1681 3905 non
1705 3851 1825 3923 frustra,
1839 3851 1904 3925 qnia

192 3943 275 3997 Varis.
306 3944 348 3997 lii.
374 3961 388 3991 e
416 3939 545 4011 Repente
576 3943 719 3995 ventus.»
745 3939 840 4011 (leid.)
868 3939 1000 3995 latenter
1053 3937 1137 3993 solvit
1152 3937 1309 4008 quodelter
1325 3937 1429 4008 rapuit.

150 4030 254 4085 dicitur
268 4034 368 4085 contre
380 4044 447 4083 eum
461 4031 603 4083 elementa
618 4028 739 4085 movisse
755 4028 814 4095 ille,
830 4028 911 4099 cujus
926 4032 1000 4082 nutu
1089 4027 1171 4080 vrrs.
1190 4026 1217 4080 4.
1233 4046 1292 4075 —s
1307 4025 1413 4080 Pellem
1424 4041 1477 4097 pro
1492 4025 1577 4098 pelle.
1593 4047 1607 4076 o
1634 4026 1771 4083 Diabolus
1786 4044 1840 4100 per
1851 4028 1901 4083 rni-

149 4122 228 4173 mota
243 4121 327 4172 sunt:
343 4117 410 4173 lieet
424 4116 539 4172 diabolo
564 4117 680 4172 semela
702 4119 759 4171 lieo
774 4121 890 4189 accepte
915 4120 999 4188 pote·
1053 4115 1149 4170 recula
1163 4113 1265 4169 Filium
1276 4113 1336 4179 liei,
1363 4114 1413 4169 sed
1439 4119 1559 4187 propter
1581 4114 1704 4170 humilia
1727 4131 1838 4187 purum
1850 4117 1901 4172 ho·

149 4209 221 4261 stete
234 4206 268 4259 ed
282 4221 367 4260 usum
389 4205 526 4275 nequitie
551 4220 610 4260 sure
637 4205 777 4259 elementa
791 4209 952 4271 concutere,
968 4208 1001 4260 ut
1054 4206 1162 4260 minem
1177 4203 1298 4274 putavit.
1323 4203 1406 4258 Hunc
1425 4219 1493 4274 ergo
1508 4204 1643 4275 judicans
1657 4220 1692 4258 ex
1717 4204 1794 4272 aliis,
1807 4206 1857 4279 qui
1872 4205 1900 4260 in

149 4299 178 4350 et
191 4293 333 4350 damnetis
348 4294 378 4347 in
391 4294 518 4360 metallo,
535 4292 571 4347 ad
587 4308 673 4348 usum
688 4292 762 4363 iguis
778 4297 807 4347 et
818 4309 892 4365 equa
903 4293 996 4348 servit.
1015 4312 1038 4368 D
1056 4293 1118 4347 loco
1134 4296 1280 4365 pastorum
1298 4291 1392 4347 aliena
1403 4292 1508 4347 demna
1522 4297 1721 4361 contemnunt,
1746 4295 1832 4367 qnasi
1847 4308 1900 4349 non

187 4385 239 4436 «A
265 4382 382 4453 regions
402 4381 550 4437 deserti.»
573 4380 662 4449 Regio
690 4380 805 4448 deserti,
826 4386 891 4448 etc.,
916 4397 1000 4451 esque
1055 4386 1166 4438 motum
1179 4380 1278 4437 meltis
1303 4379 1463 4447 subtractis,
1490 4381 1653 4452 quasique
1677 4386 1758 4436 extra
1785 4385 1899 4444 serunt.

150 4471 188 4526 ad
201 4470 381 4525 nominatam
394 4469 508 4524 iremin
523 4486 589 4524 aare
607 4473 758 4538 monstrat,
788 4475 890 4525 ventus
904 4470 998 4527 irruit.
1056 4471 1153 4526 dolore
1167 4469 1292 4543 proprie
1322 4467 1416 4523 earnis
1442 4472 1544 4533 tentat,
1566 4468 1651 4540 quasi
1677 4485 1732 4541 pro
1746 4487 1778 4526 ss
1802 4472 1898 4536 doleat,

185 4561 268 4615 Vras.
284 4562 328 4614 20.
340 4579 402 4608 -ι
422 4560 501 4614 Tunc
529 4558 653 4613 surrexit
673 4558 738 4626 lob,
754 4561 782 4613 et
810 4557 893 4612 scidit
914 4558 1000 4613 vesti·
1056 4559 1106 4632 qni
1122 4575 1180 4613 non
1194 4574 1247 4629 pro
1264 4556 1335 4612 aliis.
1350 4558 1408 4612 lloc
1422 4572 1488 4635 curn
1511 4556 1574 4612 fleri
1591 4557 1674 4629 petit,
1699 4559 1772 4615 dicit
1799 4560 1898 4615 deside·

151 4652 376 4704 ‹vmentesueo
406 4645 496 4718 (ibid.)
525 4646 637 4702 fluente
660 4647 756 4712 dorne,
782 4649 847 4714 etc,
862 4661 947 4717 esque
964 4646 1002 4701 cd
1056 4647 1106 4703 riis
1121 4664 1128 4715 ;
1143 4648 1204 4702 hec
1218 4651 1248 4701 et·
1261 4660 1314 4716 per
1328 4645 1457 4700 membra
1471 4644 1565 4700 verbis
1579 4649 1607 4700 et
1619 4644 1772 4702 desideriis
1800 4645 1897 4710 intulit,

150 4740 183 4792 nt
197 4740 290 4792 totum
315 4751 365 4791 cor
388 4735 419 4790 in
439 4735 490 4790 Dei
517 4751 616 4791 amore
635 4736 738 4791 ardeus
764 4751 812 4791 ees
840 4735 1001 4791 devotionis
1056 4753 1108 4809 per
1126 4734 1288 4808 quedixit:
1314 4754 1329 4784 «
1350 4734 1495 4789 llittamus
1520 4733 1632 4805 lignum
1657 4733 1689 4789 in
1714 4750 1822 4806 penem
1845 4735 1896 4806 cjus

150 4826 325 4899 perfectione
348 4829 506 4880 consumet.
525 4845 539 4875 s
567 4826 600 4880 Et
625 4828 708 4880 tunso
735 4823 872 4896 capite.»
900 4825 1002 4895 llagna
1054 4828 1116 4881 Jer.
1132 4824 1171 4895 ιι)
1206 4842 1232 4890 a,
1247 4823 1276 4878 id
1291 4826 1344 4890 est,
1362 4821 1533 4893 conligendo
1562 4821 1677 4894 corpori
1691 4823 1755 4896 eius
1783 4823 1896 4897 stipitem

151 4915 311 4971 constantia
326 4918 453 4987 putetur,
468 4917 534 4981 etc,
545 4929 631 4984 esque
644 4914 682 4969 od
696 4918 725 4969 et
739 4929 768 4969 se
784 4912 888 4967 diviure
898 4915 1000 4984 poten·
1056 4912 1147 4970 erucis
1156 4911 1351 4968 adhibeamus.

150 5004 198 5059 tie
216 5003 376 5059 consentire
405 5002 564 5059 ostendere.
592 5023 605 5050 a
634 5002 776 5058 Corruens
791 5001 823 5056 in
848 5005 1000 5057 terrem.»
1086 5001 1284 5074 (torellelis
1302 4998 1551 5073 propelladatur,
1568 4999 1894 5074 qniasepe,dumictus

150 5091 376 5165 (enuclearem
403 5090 539 5158 adoravit,
565 5090 631 5161 quia
646 5090 696 5145 ille
724 5105 822 5145 veram
841 5090 1002 5145 orationem
1055 5095 1156 5147 eontra
1170 5089 1285 5145 oculum
1299 5089 1386 5155 venit,
1415 5104 1534 5144 menum
1559 5089 1746 5160 opponimus,
1763 5095 1798 5146 ut
1815 5089 1895 5163 potios
1939 5132 1942 5155 ,

150 5181 275 5250 exhibet,
291 5180 342 5253 qui
356 5180 433 5252 quod
443 5179 537 5251 pulvis
552 5179 589 5233 sit
603 5179 751 5234 humiliter
764 5178 848 5233 videt
876 5178 955 5234 Unde
973 5182 1002 5233 et
1055 5181 1086 5235 in
1101 5180 1162 5253 ipsa
1177 5194 1263 5251 quem
1277 5177 1307 5232 in
1322 5176 1459 5232 teneriori
1473 5176 1660 5231 vulneremur
1675 5192 1683 5231 ι
1697 5177 1753 5232 boc
1773 5179 1895 5234 consuets

150 5269 273 5325 dicitze
289 5269 388 5325 Nudus
402 5284 535 5341 egressus
550 5283 612 5322 snru
629 5269 663 5323 de
677 5272 759 5323 utero
775 5265 874 5322 metris
887 5282 968 5321 mee.
985 5287 1000 5317 »
1055 5269 1119 5323 lieri
1134 5267 1236 5336 sciens,
1253 5265 1492 5321 dicit:·Pellem
1506 5264 1654 5337 propelle,
1683 5270 1896 5338 strumisque

151 5357 265 5414 Nudum
284 5357 316 5413 in
327 5356 384 5413 fide
397 5358 491 5431 prima
506 5356 597 5430 gretie
625 5356 735 5427 genuit,
761 5355 871 5410 undum
900 5355 1001 5410 eedem
1055 5357 1141 5413 hahet
1162 5355 1259 5411 homo.
1281 5376 1296 5405 »
1315 5354 1411 5422 Quasi,
1436 5353 1502 5410 ideo
1517 5353 1569 5410 Job
1588 5358 1668 5409 extre
1683 5371 1715 5411 se
1738 5352 1897 5428 totueguts

150 5445 278 5516 suscipit.
294 5447 365 5503 Cum
388 5447 518 5520 pulsatus
545 5444 622 5501 vitiis
644 5443 727 5517 quasi
742 5445 835 5499 nudus
859 5443 896 5498 ad
914 5444 1000 5499 mise·
1056 5442 1256 5515 equanimiter
1270 5442 1400 5509 sustinet,
1430 5442 1499 5513 quie
1512 5458 1549 5497 ne
1570 5442 1633 5514 ipse
1655 5443 1789 5512 ferietur,
1811 5442 1897 5519 pavet:

149 5533 301 5592 ricordiam
326 5535 443 5607 refugit,
456 5538 485 5591 et
513 5533 610 5607 eliqua
636 5533 741 5589 virtute
753 5533 909 5605 aliquando
924 5533 1020 5588 dete·¹
1055 5537 1083 5588 et
1097 5548 1166 5588 cure
1180 5533 1224 5587 sui
1239 5532 1336 5586 minus
1350 5531 1386 5586 de
1401 5531 1460 5586 suis
1472 5532 1560 5586 sentit
1575 5547 1583 5599 ;
1599 5531 1678 5587 unde
1702 5532 1801 5606 ipsum
1824 5530 1896 5591 raris
