3892 6106
107 248 159 306 bib
415 245 612 304 wstalulut
631 245 754 304 STRADl
775 244 878 304 FULD.
899 245 981 304 uolt.
1003 245 1054 304 ΡΡ.
1075 246 1163 306 PARS
1181 248 1202 304 1.
1222 276 1257 289 -
1276 249 1504 310 tuuocotlcs.
1812 256 1864 311 stt

140 372 176 428 ιιι
196 369 413 442 ormumissnco.
439 369 515 427 libs
541 372 658 440 licceat,
677 385 720 441 cp.
736 368 949 442 astsmmos
965 374 987 428 Α
1006 371 1081 442 gerit
1108 370 1233 444 ilgnram
1273 372 1373 446 laturi,
1403 378 1432 430 et
1472 375 1731 433 consummationis
1758 377 1858 435 saccali

105 473 140 514 ex
164 464 308 531 praecepto
325 457 397 530 legis
420 472 532 513 armum
561 457 703 525 dextrum,
728 460 801 529 ιιι,
815 471 901 528 usque
919 457 957 512 od
1010 461 1169 534 praesentis,
1186 463 1254 534 quia
1275 468 1385 534 septem
1413 464 1537 520 volvitur
1565 463 1677 521 diebus.
1706 464 1862 539 Oportebat

106 551 136 604 et
147 547 176 602 in
190 547 378 621 sequentibus
391 546 498 617 lloyses
512 545 589 601 dicit.
1009 550 1087 605 enim
1101 555 1134 607 ut
1145 551 1246 607 eadem
1256 551 1302 607 die
1316 551 1463 609 adveniret
1476 553 1610 624 Spiritus,
1626 570 1683 626 qua
1706 556 1863 612 resurrexit

139 637 221 692 Vsus.
257 639 301 692 39.
337 664 371 677 -
401 635 476 690 Tulit
500 634 694 705 pectusculum.
723 635 817 704 (ιιι,
852 637 950 707 quast.
1008 637 1147 695 Christus.
1162 641 1240 696 Tunc
1268 641 1309 696 ait
1335 642 1429 697 vocari
1457 644 1553 699 Aaron
1582 645 1611 699 et
1633 643 1709 699 lilios
1731 645 1806 715 ejus,
1832 650 1861 702 et

103 727 138 781 23
158 728 188 780 in
212 726 312 796 lculi.)
326 723 464 797 Superius
477 723 546 796 quis
567 722 740 795 generaliter
755 722 953 795 praecipiebat,

105 821 170 882 etc..
187 829 273 884 usquc
297 813 335 870 od
360 830 376 870 a
399 813 543 884 principio
568 813 647 869 enim
662 813 792 870 dicitur:
816 815 883 885 lpse
903 813 955 869 tibi

105 919 165 976 qua
180 903 218 959 od
231 903 370 975 populum,
390 906 419 958 tu
428 894 471 958 iili
485 917 545 972 ιιι
558 902 596 957 cd
608 905 701 959 Deum.

145 993 227 1048 Vnus.
274 993 318 1047 30.
364 1020 400 1033 -
439 995 623 1062 assumesque
662 993 838 1058 unquentum.
873 989 952 1062 (ιι,

105 1085 201 1153 quast.
215 1080 271 1150 ul.)
291 1078 437 1146 Quaeritur
451 1082 516 1150 post
540 1083 662 1134 mortem
678 1078 746 1135 blasi
771 1077 835 1151 quis
859 1095 953 1151 unge-

107 1171 156 1226 bat
164 1168 353 1236 sacerdotem,
368 1172 432 1236 ιιι,
448 1183 534 1238 usque
546 1167 584 1224 od
596 1166 779 1239 obsequendo
794 1182 854 1223 non
864 1168 954 1224 excel·

106 1259 202 1315 lando.

140 1349 276 1418 Asperss't,
304 1350 357 1403 ιιι
384 1346 568 1418 Quacumque
584 1345 615 1401 in
639 1344 722 1402 nobis
736 1349 804 1401 sunt
825 1345 902 1401 bona
915 1344 951 1400 ad

104 1453 172 1492 eum
187 1441 325 1509 tanquam
336 1439 563 1506 capulnostrum
576 1434 738 1491 reducenda
753 1439 835 1503 sunt;
850 1434 926 1490 crude
942 1452 949 1490 :

102 1528 155 1583 Pro
179 1529 218 1583 eis
245 1540 292 1595 epo
318 1527 456 1596 sonctitco
465 1527 598 1595 meipsum
618 1527 650 1580 at
663 1527 720 1582 sint
737 1529 764 1581 et
779 1526 835 1595 ipsi
847 1525 951 1580 suncti

103 1616 179 1677 scoti
215 1617 246 1671 in
281 1615 405 1670 onitate.
441 1615 544 1685 Aperte
574 1612 673 1685 igitur,
699 1614 950 1684 sanctificationes,

101 1702 263 1776 passionem
277 1718 359 1757 suam
373 1701 452 1767 dixit,
468 1716 533 1773 quse
547 1700 732 1757 sanctificatio
755 1700 840 1757 datur
854 1701 947 1756 nobis.

137 1794 173 1848 ιιι
191 1806 273 1863 super
300 1793 370 1862 ttius
391 1789 485 1862 (Aac.)
514 1789 578 1846 Non
604 1789 761 1861 apparebat
790 1788 855 1861 quis
874 1788 948 1845 tilio·

101 1896 168 1938 rum
189 1895 302 1936 summo
315 1879 455 1935 secerdoti
465 1878 648 1948 [succederet.
667 1878 728 1934 Non
739 1877 825 1934 fenim
837 1877 948 1950 primo·

103 1968 235 2043 genitum
255 1969 298 2024 rel
319 1968 459 2040 majoram
474 1967 575 2022 delinit
595 1966 750 2040 Scriptura,
765 1966 820 2022 nisi
840 1967 870 2023 in
896 1965 948 2022 ali·

102 2074 161 2132 qno
179 2056 277 2114 divino
303 2056 413 2129 judicio
440 2055 533 2123 tiebat,
558 2055 688 2128 quamvis
702 2070 737 2111 ex
763 2055 948 2112 contentione

100 2146 212 2203 renism
226 2146 366 2215 videatur,
384 2149 419 2200 ut
438 2148 537 2219 postea
552 2145 650 2216 plures
667 2144 770 2201 tierent
787 2145 949 2202 sacerdotes

100 2235 219 2304 summi,
246 2235 316 2309 quia
345 2233 585 2291 contendentibus
614 2231 862 2289 excellentioribus
889 2231 948 2288 litis

100 2324 235 2381 finienda
250 2339 334 2380 causa
347 2322 477 2396 pluribus
487 2323 582 2379 honor
595 2322 657 2394 ipse
672 2320 863 2378 tribuebatur.

133 2414 216 2470 Vens.
243 2415 287 2469 3ι.
304 2443 338 2455 -
360 2413 445 2486 Penes
459 2426 573 2482 quoquc.
605 2410 711 2466 Carnes
729 2425 795 2465 cunr
822 2407 947 2482 panibus

96 3039 267 3108 consumpta
287 3035 488 3102 remanserint,
508 3037 539 3089 ut
553 3048 677 3105 semper,
695 3032 719 3087 si
740 3030 941 3099 remanserint,

96 3123 247 3180 tradantur
259 3123 321 3195 igni
338 3139 345 3179 :
361 3123 495 3190 innuens,
505 3125 539 3177 ut
557 3121 580 3176 si
595 3138 611 3177 a
627 3120 800 3177 comestione
811 3118 942 3175 sacrificii

96 3212 255 3280 deficimus,
270 3227 323 3267 nec
347 3210 520 3283 perscrutari
535 3209 673 3279 valemus,
697 3213 796 3265 utrum
822 3222 857 3263 ea
877 3223 942 3279 qum

95 3301 237 3369 ridemus,
257 3300 353 3373 ipsam
371 3315 474 3372 corpus
489 3297 604 3354 Domini
630 3297 697 3365 sint,
713 3312 770 3352 non
786 3301 882 3352 tamen
896 3311 941 3352 re-

95 3388 272 3461 linquamus,
288 3388 337 3444 sed
353 3387 414 3460 igni
434 3386 591 3454 tradamus,
611 3389 643 3442 ut
668 3385 799 3442 comedat
819 3382 942 3457 Spiritus

95 3483 209 3536 saneim
228 3477 306 3551 quod
329 3493 388 3532 non
416 3491 578 3548 possumus.
595 3473 727 3531 comedit
740 3478 848 3540 sutem,
876 3486 941 3528 cum

94 3566 252 3639 cogitamus
272 3564 457 3638 eipossibilia
472 3580 611 3636 essequa
629 3579 688 3619 non
705 3576 871 3634 possumus.

131 3655 211 3710 vans.
229 3657 272 3712 33.
298 3684 333 3696 -
348 3656 387 3711 De
408 3655 485 3710 ostio.
514 3652 662 3726 Significat
685 3650 754 3725 quia
781 3654 843 3707 toto
867 3655 940 3706 tem·

41 3766 49 3775 ·
94 3759 165 3816 pore
179 3743 329 3815 praesentis
342 3743 407 3798 ritoe
419 3758 478 3799 non
491 3746 533 3798 est
549 3742 584 3798 de
601 3741 785 3797 tabernaculo
804 3739 940 3796 receden-

95 3832 176 3902 dum,
190 3833 241 3888 sed
253 3831 304 3889 Dei
317 3831 431 3888 servitio
446 3830 646 3887 insistendam.

130 3923 228 3994 (aua,
249 3925 345 3992 quest.
367 3922 403 3977 ιι
416 3921 448 3976 in
471 3919 566 3990 levit.)
582 3919 626 3976 Ad
641 3918 749 3975 ostium
764 3916 941 3974 tabernaculi
1017 3969 1023 3982 ,

94 4009 261 4077 testimonii,
275 4012 340 4079 ιιι,
355 4023 440 4080 usque
466 4009 505 4064 od
530 4006 668 4065 habitatio
682 4005 791 4080 qnippe
814 4005 869 4063 hoc
891 4020 941 4061 no·

94 4113 162 4155 men
173 4097 291 4171 accepit.

1008 728 1131 800 majores
1155 733 1244 785 natu:
1259 733 1327 785 tsine
1354 730 1431 786 enim
1447 735 1635 788 convocatum
1664 737 1708 788 est
1730 734 1861 790 Ecclesiae

1007 819 1213 889 spectaculum,
1229 817 1259 874 in
1290 834 1347 891 qua
1368 822 1412 875 ιιι
1427 821 1533 888 Aaron,
1557 820 1586 876 id
1612 824 1665 891 est,
1681 821 1812 878 Christus
1827 828 1856 880 et

1007 904 1062 962 tilii
1081 905 1143 978 ejus
1162 906 1212 979 qui
1226 907 1291 962 alim
1310 912 1378 964 sant
1391 908 1623 976 conversationis,
1641 914 1670 965 et
1682 909 1748 966 ideo
1767 927 1860 968 sacer·

1008 993 1081 1050 dotii
1095 995 1230 1064 ministri,
1246 999 1275 1052 et
1296 997 1419 1069 majores
1433 1001 1514 1066 natu,
1544 998 1573 1054 id
1602 1003 1651 1062 est,
1673 1001 1856 1074 presybteri:

1007 1098 1041 1140 ex
1055 1084 1101 1140 bis
1113 1085 1191 1140 enim
1200 1101 1305 1158 corpus
1318 1087 1448 1143 Ecclesiae
1458 1087 1597 1146 consistit.

1042 1193 1206 1248 Versu·
1229 1193 1300 1250 Tolle
1322 1193 1365 1260 de,
1388 1199 1441 1250 ιιι.
1467 1193 1575 1266 Accipit
1598 1197 1693 1251 Aaron
1732 1194 1854 1256 vitulum

1006 1277 1038 1334 in
1056 1277 1254 1335 holocaustum
1274 1281 1302 1334 ιι
1323 1281 1453 1349 arietem,
1471 1285 1499 1336 ιι
1517 1280 1599 1338 οιιιιι
1617 1281 1747 1339 Domino.
1778 1285 1855 1341 Tunc

1006 1363 1085 1420 enim
1115 1363 1244 1420 Christus
1270 1365 1440 1422 sacrificinm
1472 1382 1556 1422 suam
1594 1366 1761 1439 notificavit,
1789 1386 1854 1426 cum

1005 1452 1128 1526 Spiritus
1165 1454 1319 1510 adveniens
1349 1456 1479 1524 Parthos,
1518 1456 1622 1523 Medos,
1653 1456 1798 1527 Elamitns,
1827 1464 1856 1515 et

1005 1541 1136 1598 omnium
1150 1543 1280 1615 gentium
1299 1543 1441 1616 primitias
1463 1544 1498 1600 ad
1513 1544 1710 1619 apostolorum
1726 1560 1855 1602 coenaca·

1005 1627 1066 1686 lam
1079 1630 1190 1704 colligit
1201 1631 1273 1704 (Aet.
1290 1632 1329 1702 u).

1040 1737 1167 1794 vitalum
1182 1736 1266 1794 offert
1279 1739 1376 1795 Aaron
1390 1743 1420 1797 at
1443 1738 1573 1807 mesen.
1587 1738 1704 1812 quando
1718 1737 1853 1796 doctores

1003 1825 1136 1883 Ecclesiae
1170 1826 1303 1899 mysteria
1335 1827 1478 1900 passionis
1516 1827 1702 1896 annuntiant,
1736 1831 1765 1885 et
1800 1845 1852 1901 pro

1002 1915 1093 1970 salum
1103 1913 1223 1971 bismani
1239 1913 1353 1987 generis
1365 1914 1507 1970 celebrata
1521 1914 1679 1972 insinuant.

1039 2004 1143 2059 Tollite.
1168 2002 1283 2058 Dircam
1304 2001 1470 2060 obtulerunt
1500 2005 1621 2078 apostoli
1644 2004 1691 2061 die
1719 2006 1853 2063 Penteco

1001 2095 1058 2147 stes
1073 2091 1187 2163 qnando
1199 2093 1299 2148 Petrus
1314 2091 1407 2162 poenit
1421 2091 1529 2148 entiam
1545 2093 1720 2150 annuntians
1734 2093 1829 2168 inquit
1843 2112 1849 2149 :

1001 2180 1195 2239 convertimini
1202 2182 1229 2236 ιι
1244 2182 1317 2250 cpite
1328 2181 1529 2252 penitentium.

1040 2270 1131 2343 (ιιι,
1147 2274 1241 2340 quast.
1260 2272 1295 2325 26
1309 2272 1340 2326 in
1354 2270 1453 2342 levit.)
1478 2269 1602 2344 accipite
1621 2270 1733 2328 hircum
1748 2287 1783 2328 ex
1802 2287 1849 2326 ca·

1000 2355 1060 2428 pris
1075 2372 1177 2418 unum,
1194 2361 1260 2426 ιιι,
1272 2359 1403 2430 usquead
1414 2358 1463 2415 ubi
1475 2363 1571 2417 autam
1588 2359 1724 2429 universi,
1753 2359 1795 2416 ibi
1821 2366 1848 2415 et

99 2501 211 2558 comedi
224 2501 370 2574 proecepit,
385 2505 417 2557 nt
437 2499 632 2570 intelligamus
648 2514 751 2573 corpus
766 2498 880 2566 Christi,
897 2498 947 2572 qui
1001 2445 1117 2517 angust
1130 2446 1178 2502 ⁵⁰⁶
1191 2461 1250 2502 ⁰⁰¹¹
1266 2448 1451 2504 mmmmm·

98 2608 163 2649 caro
184 2595 235 2660 est,
268 2590 351 2663 panis
378 2589 428 2662 qui
455 2589 490 2646 de
519 2588 590 2644 coelo
620 2587 765 2644 descendit
783 2589 871 2658 (loon.
894 2589 945 2660 ur),

97 2685 126 2738 st
139 2682 194 2738 hoc
207 2679 238 2736 in
250 2679 369 2737 ecclesia
381 2682 493 2735 tantum
504 2677 590 2733 debet
602 2676 751 2733 celebrari.

134 2771 214 2827 Vnus.
243 2771 286 2825 ιι.
310 2798 347 2811 -·
376 2767 519 2839 Quidquid
543 2771 641 2822 sutem.
668 2767 725 2822 lloc
753 2765 883 2821 videmus
916 2766 946 2821 in

97 2857 222 2917 Ecclesia
258 2857 330 2927 lieri,
362 2861 390 2913 et
415 2872 480 2928 quae
512 2855 716 2926 inconsumpta
756 2853 947 2909 remanserint

96 2945 213 3020 ignibus
226 2946 310 3003 tradi.
328 2946 389 3002 Non
401 2945 470 3001 dicit
484 2949 591 3012 autem,
608 2947 751 3017 quotquot
771 2941 872 2998 diebus
896 2942 979 3015 ιιι-(ς

1036 2553 1115 2608 Vsus.
1140 2555 1166 2608 6.
1196 2583 1232 2595 -
1258 2556 1311 2611 late
1336 2569 1432 2623 sermo,
1458 2561 1511 2612 etc.
1531 2556 1710 2624 Sermonem,
1740 2555 1849 2612 scilicet

999 2656 1061 2698 rem
1077 2642 1258 2714 imperatam.
1284 2645 1338 2700 lloc
1364 2645 1449 2712 focile
1470 2647 1500 2700 in
1521 2661 1607 2701 mum
1619 2647 1847 2701 commemoratio-

999 2747 1060 2788 nem
1087 2733 1164 2798 (buc.
1189 2733 1269 2805 1111).
1294 2734 1463 2792 Sermonem
1483 2740 1579 2792 autem
1596 2734 1675 2804 dicit,
1693 2735 1762 2808 quia
1781 2735 1848 2807 plus

999 2821 1030 2878 in
1047 2838 1180 2878 sermone
1204 2823 1401 2882 consideratur
1423 2827 1467 2882 rel
1481 2826 1609 2883 constitit
1622 2826 1708 2899 hujus
1728 2826 1847 2899 dispen-

999 2912 1070 2970 satio
1095 2913 1234 2986 mysterii,
1254 2917 1282 2969 et
1310 2915 1434 2972 maxime
1459 2915 1606 2973 {lominica
1622 2915 1709 2972 rerba
1732 2932 1767 2971 aa
1782 2932 1847 2987 qum

999 3009 1140 3073 apparent
1158 3002 1189 3057 in
1212 3002 1290 3059 aliud
1304 3004 1397 3076 majus
1412 3009 1440 3060 ιι
1452 3003 1631 3075 intelligibile
1646 3003 1844 3059 transferente.

998 3089 1079 3148 Unde
1093 3095 1121 3146 et
1140 3090 1174 3146 de
1193 3107 1300 3147 manna
1312 3092 1353 3148 ait
1370 3109 1377 3148 :
1391 3092 1449 3149 Hic
1463 3096 1502 3149 est
1514 3094 1595 3164 ponis
1609 3107 1688 3162 quem
1701 3089 1779 3147 dedit
1796 3105 1842 3145 uo-

996 3177 1037 3235 tis
1064 3177 1198 3234 Dominus
1213 3178 1251 3234 ud
1280 3179 1458 3242 condurdum,
1496 3181 1541 3236 bic
1575 3185 1614 3236 est
1647 3195 1736 3236 senno
1767 3194 1845 3248 quem

995 3265 1135 3319 coustituit
1149 3267 1277 3322 Dominus
1291 3265 1390 3338 (Escod.
1405 3267 1474 3339 xrs).
1492 3268 1525 3324 ln
1547 3267 1593 3324 bis
1611 3283 1679 3338 ergo
1703 3264 1846 3338 significat

996 3351 1064 3425 quia
1076 3358 1205 3410 sanctum
1220 3355 1387 3426 mysterium
1410 3355 1468 3413 illis
1486 3357 1638 3429 agentibus
1662 3361 1691 3412 et
1717 3354 1845 3412 Domini·

995 3453 1057 3495 cam
1077 3455 1188 3496 coenam
1207 3441 1422 3499 celebrantibus
1445 3444 1561 3500 screnis
1581 3442 1704 3515 Spiritus
1719 3444 1843 3497 sanctus.

995 3527 1061 3584 Erat
1071 3529 1148 3584 enim
1171 3529 1231 3585 dies
1246 3530 1419 3601 Dominicus‚
1436 3533 1466 3588 in
1488 3549 1545 3606 quo
1563 3531 1717 3603 oportebat
1730 3535 1844 3602 aposto·

993 3616 1040 3674 los
1065 3632 1143 3673 sacra
1169 3617 1312 3676 celebrare
1346 3621 1508 3693 mysteria:
1534 3634 1657 3692 quorum
1691 3621 1844 3690 aequantes

993 3705 1163 3763 traditiones
1199 3706 1377 3765 Dominicam
1414 3709 1490 3765 diem
1523 3708 1628 3766 diuinis
1655 3706 1843 3763 conventibus

995 3791 1174 3865 deputamus.
1194 3793 1332 3849 Similiter
1352 3799 1382 3863 et
1404 3795 1549 3851 Christum
1573 3797 1639 3867 post
1661 3791 1843 3855 resurrectio

994 3896 1061 3937 nem
1082 3895 1135 3952 per
1153 3881 1303 3954 mysticam
1317 3898 1427 3940 emnam
1442 3888 1471 3940 et
1484 3883 1566 3958 panis
1580 3881 1748 3940 Dactionum
1763 3880 1842 3938 inre·

993 3984 1090 4027 nimus
1105 3969 1331 4027 manifestatum.

1030 4077 1110 4133 Vnus.
1124 4082 1149 4132 7.
1161 4080 1198 4134 lit
1216 4077 1327 4132 immoto
1339 4091 1390 4147 pro
1401 4083 1520 4148 percolo,
1549 4083 1603 4146 etc,
1628 4078 1721 4150 (Aac,
1745 4082 1841 4146 quest.

129 4187 235 4257 Septem
270 4187 352 4253 enim,
400 4184 507 4256 (lasea.)
548 4182 792 4257 Quinqusgesima
842 4185 938 4254 sapae.
993 4164 1286 4236 inconsonantia
1313 4165 1419 4236 littera,
1449 4171 1516 4235 ιιι,
1543 4181 1629 4237 cuque
1656 4165 1694 4222 od
1717 4180 1776 4222 non
1799 4167 1842 4222 est

92 4275 175 4333 nario
194 4276 224 4330 in
242 4291 272 4331 se
291 4272 490 4345 multiplicato,
507 4275 572 4338 ιιι,
593 4286 678 4342 usque
698 4271 736 4326 od
759 4270 942 4327 observantes
961 4244 1413 4325 ὓιιεοιωθ3116οΓῙιθΙθθιῑῑῦῑῦῐΠ
1427 4253 1549 4325 immi·

93 4364 237 4421 custodias
253 4361 377 4429 Domini,
393 4364 447 4416 etc.

127 4455 208 4510 Vsus.
231 4454 275 4507 36.
292 4479 328 4492 -·
346 4449 539 4520 Feceruntquc,
553 4449 608 4502 etc.
637 4447 732 4502 Aaron
754 4445 940 4518 conjungitur

92 4542 172 4609 tiliis,
189 4557 240 4596 nec
255 4541 312 4597 exit
325 4539 362 4596 de
380 4539 471 4612 janua
489 4535 677 4594 tabernaculi.
694 4536 757 4607 lpse
780 4535 858 4591 enim
877 4538 939 4592 erat

92 4629 301 4703 predicandus,
318 4633 347 4685 ιι
359 4627 392 4683 in
404 4625 445 4683 eis
460 4625 677 4698 predicaturus,
692 4624 766 4679 sicut
790 4624 852 4696 ipse
870 4639 937 4680 con·

93 4724 185 4777 sacrat
202 4719 266 4776 etin
280 4717 417 4776 membris
430 4719 622 4772 consecratur.

428 4848 541 4908 carui
557 4848 599 4907 tx.

128 4986 213 5041 Vens.
230 4989 254 5042 l.
269 5014 305 5030 ·-
327 4985 430 5044 Octauo
450 4982 506 5052 die,
529 4985 583 5037 etc.
603 4979 706 5036 Octava
725 4977 786 5036 dies
801 4983 868 5051 post
885 4977 936 5035 de·

93 5074 265 5132 dicationem
281 5072 421 5145 signifieat
436 5071 512 5127 diem
535 5071 724 5132 pentecostes,
740 5084 799 5139 qino
816 5067 937 5139 Spiritus

92 5169 207 5221 sanctus
221 5161 339 5218 advenit
353 5161 425 5233 (Act.
447 5162 489 5228 u).
513 5159 629 5231 Septem
643 5174 710 5214 nero
726 5173 743 5213 a
756 5155 936 5212 dedicatione

93 5252 155 5309 dias
169 5251 295 5305 innuunt
313 5248 418 5321 septies
434 5251 543 5319 septem
561 5247 630 5315 dies,
647 5244 698 5319 qui
710 5245 828 5300 inerunt
846 5260 862 5298 a
889 5258 937 5297 re-

91 5339 268 5396 surrectione
285 5337 422 5411 usquead
440 5338 636 5403 Pentecosten,
651 5333 758 5390 scilicet
778 5334 824 5401 ta,
841 5331 937 5389 addite

91 5428 173 5503 qussi
184 5431 283 5484 octavo
296 5426 359 5501 ipso
371 5426 418 5482 die
433 5427 621 5482 Pentecostes.

127 5518 295 5574 Pentecoste
343 5530 407 5588 ques
452 5512 571 5584 contigit
613 5511 661 5569 die
706 5507 935 5578 msarrecuonis,

1024 4358 1098 4428 Offer
1126 4359 1320 4426 holocaustum,
1352 4362 1406 4415 otc.
1446 4359 1508 4415 Non
1538 4359 1606 4415 dicit
1640 4357 1841 4415 holocaustum

992 4445 1257 4511 consummationis,
1269 4451 1405 4520 utsupra,
1416 4446 1531 4518 qnando
1541 4447 1668 4502 oblatum
1679 4450 1723 4500 est
1732 4449 1763 4500 ut
1778 4461 1842 4501 san·

992 4533 1164 4590 ctiflcatione
1174 4538 1436 4603 consummaretur,
1448 4537 1479 4590 at
1493 4533 1840 4604 sacerdotioiungeretur,

992 4638 1050 4696 quo
1063 4623 1244 4696 tangebatur.
1257 4622 1420 4679 Notandum
1435 4637 1574 4678 sanecum
1590 4636 1644 4693 pro
1653 4621 1841 4695 populantis·

991 4716 1095 4768 cuntur
1113 4711 1250 4768 sacrificia
1274 4717 1303 4767 ιι
1317 4728 1370 4784 pro
1393 4717 1509 4785 peccato
1523 4710 1662 4768 sacrificia
1682 4726 1743 4767 esse
1761 4709 1842 4784 iussa

991 4800 1099 4872 olierri,
1124 4804 1153 4856 et
1176 4800 1375 4857 holocaustum
1390 4804 1418 4856 et
1441 4799 1610 4856 sacrificium
1623 4798 1765 4856 salutaris.
1787 4799 1841 4854 Pro

991 4889 1137 4946 sacerdote
1163 4904 1230 4944 vero
1249 4888 1377 4945 oblatum
1400 4887 1487 4946 inisse
1500 4904 1553 4961 pro
1566 4892 1691 4960 peccato,
1714 4891 1743 4944 et
1762 4887 1841 4943 bolo·

991 4982 1121 5035 caustum
1149 4976 1411 5044 consummationis,
1438 4992 1497 5032 non
1520 4975 1662 5032 salutaris.
1690 4974 1746 5030 Sed
1771 4989 1840 5031 con·

989 5065 1190 5122 summationis
1215 5065 1345 5121 oblatum
1371 5069 1423 5134 est,
1442 5065 1558 5135 qsrando
1582 5063 1752 5119 sanctificati
1774 5069 1842 5118 sunt

991 5154 1160 5210 sacerdotes.
1187 5154 1219 5209 m
1240 5153 1302 5208 brec
1327 5152 1431 5207 obtulit
1469 5152 1577 5222 lloyses
1606 5168 1659 5224 pro
1688 5155 1786 5208 saron
1812 5155 1842 5206 et

990 5241 1058 5300 tiliis
1073 5243 1141 5311 suis,
1155 5245 1256 5313 postea
1270 5257 1337 5297 vero
1351 5243 1446 5296 Aaron
1461 5241 1523 5312 jam
1542 5240 1699 5296 sacerdotio
1713 5240 1839 5313 iungens

989 5332 1156 5407 precipitur
1166 5347 1219 5403 pro
1235 5330 1376 5386 ιιοιιιιιι
1392 5330 1513 5387 νιιιιιιιιιι
1527 5347 1579 5403 pro
1594 5333 1719 5403 peccato,
1731 5335 1760 5387 ιι
1770 5331 1841 5387 arie·

989 5425 1049 5478 tem
1065 5420 1096 5476 in
1110 5420 1308 5476 holocaustum
1318 5435 1377 5475 non
1392 5418 1660 5487 consummationis;
1678 5423 1747 5476 tunc
1760 5420 1840 5477 enim

989 5507 1162 5569 edenbuur
1181 5511 1214 5564 nt
1227 5505 1449 5567 sanctificatione
1473 5511 1730 5576 consummaretur,
1753 5513 1783 5562 et
1797 5522 1839 5564 sa·
