3892 6106
125 203 177 257 us
425 153 623 255 minuatur
643 197 767 255 srmei
787 197 885 255 runo.
907 198 988 254 uon.
1015 196 1095 254 ora.
1118 197 1205 255 rans
1227 198 1250 255 ι.
1271 224 1307 238 -
1326 195 1553 254 ranunculus.

155 322 308 379 Mutetur.
339 317 425 391 (lein.)
454 318 580 374 Locustae
594 332 647 389 pro
662 316 827 373 mobilitate
856 314 1022 372 levitatish
1389 362 1502 433 CAPUT
1513 363 1548 418 XI

119 409 301 482 accipinutur
322 412 462 480 tanquam
490 421 569 477 vager
597 409 626 460 et
648 403 781 460 salientes
804 403 972 476 enimoepro
1550 403 1558 418 ⁶

123 496 395 570 voluptatesaculi.
1065 495 1146 551 Vane.
1164 498 1191 550 2.
1215 526 1250 535 —
1277 495 1358 550 Dices
1391 509 1453 562 erqo
1479 497 1552 550 omni
1573 495 1658 564 plebi,
1700 498 1754 550 etc.
1798 500 1883 567 Aue,

157 589 393 643 Vens.l3·18.-
411 587 447 641 lit
473 583 595 640 ostendit
619 584 705 638 dieses
733 583 851 649 atroam.
880 581 974 653 (Rae.)
1029 583 1341 655 quartilinEeod,
1369 588 1440 639 tom.
1462 584 1526 655 ΙΙΙ.)
1544 583 1784 639 Nondebethiuc
1808 584 1885 656 quis-

122 677 259 743 Ouaedam
291 674 424 746 prodigia
460 674 535 727 liunt
563 686 615 742 per
644 671 751 739 bloseu,
782 669 976 742 quaedamper
1030 688 1086 744 que
1100 673 1263 743 exemplum
1291 687 1413 740 sumere,
1436 676 1504 738 etc,
1530 686 1617 742 usque
1645 671 1685 729 ud
1703 675 1735 725 ut
1758 687 1812 727 uec
1831 672 1885 728 isto

123 767 229 831 Aaron,
257 762 390 835 quasdem
414 777 481 815 vero
525 758 700 832 peripsum
737 758 916 827 [lominum3
945 761 978 813 ut
1029 761 1135 816 damno
1160 759 1325 828 ferirentur,
1347 760 1397 832 qai
1438 760 1503 816 aliis
1534 761 1627 833 plagis
1667 760 1798 831 percussi
1826 777 1883 816 non

124 867 328 925 cognoscamus
359 850 389 905 in
414 848 586 922 quibusdam
609 863 661 919 per
685 846 824 902 sacrificia
847 847 977 903 sacerdo·
1033 853 1125 905 erant.

124 947 187 999 tum
199 946 228 997 et
241 939 449 997 obsecrationes
461 937 630 1010 pontilicum
651 952 704 991 nos
729 952 790 991 esse
813 936 978 1007 purgandos
1068 938 1102 992 Ut
1128 935 1244 1006 postulet
1269 937 1321 1003 uir,
1353 939 1407 990 etc.
1446 934 1563 1007 (Genu,
1588 936 1638 991 lib.
1671 938 1885 1003 auritteret,

125 1047 196 1103 quos
214 1034 309 1084 Aaron
342 1041 467 1099 persona
494 1025 629 1096 designet
644 1041 652 1080 ε
669 1025 700 1080 in
728 1024 898 1096 quibusdam
926 1039 979 1095 per
1031 1040 1095 1097 cap.
1115 1027 1168 1089 17.)
1185 1025 1291 1079 tientes
1306 1024 1369 1078 usui
1385 1024 1450 1079 vitae
1465 1025 1587 1080 carnalis
1605 1024 1795 1092 inhaerentes,
1820 1032 1886 1091 etc,

124 1118 273 1175 scientium
286 1115 358 1188 legis
372 1114 575 1181 emendandos,
604 1128 678 1185 quos
700 1113 770 1169 idosi
789 1107 921 1184 designat
935 1113 978 1167 oi·
1030 1113 1167 1184 usquead
1185 1113 1279 1184 major
1289 1112 1427 1168 lortitudo
1441 1113 1559 1185 spiritus
1582 1113 1741 1168 nuntiatur.

125 1207 234 1264 licium.
251 1206 285 1261 ln
294 1203 502 1261 difficilioribus
516 1206 612 1258 autem
626 1201 717 1273 ipsius
729 1201 845 1257 Domini
874 1201 978 1257 virtute
1070 1203 1150 1256 Vnae.
1167 1202 1222 1269 al.
1240 1230 1275 1244 -
1296 1201 1379 1257 Dabit
1416 1206 1506 1257 autem
1544 1205 1673 1258 Dominus
1701 1205 1824 1270 prusam
1835 1217 1886 1272 po·

129 1311 256 1368 egemus.
1031 1292 1096 1361 pulo
1108 1305 1157 1345 suo
1166 1305 1257 1345 corum
1267 1290 1424 1360 AEguptiis,
1440 1294 1493 1345 etc.
1510 1289 1565 1355 Oui
1579 1291 1687 1346 scilicet
1719 1287 1889 1346 habitabant

166 1384 272 1455 (Genu,
288 1381 338 1438 lib.
355 1397 429 1445 xxxi,
453 1380 565 1448 dierat,
592 1395 654 1452 cap.
679 1381 737 1448 20).
775 1376 911 1434 Exhibitus
922 1394 978 1434 coe·
1031 1395 1099 1435 cunr
1114 1377 1239 1434 llehraeis
1255 1378 1370 1434 interra
1379 1379 1494 1448 Gessen,
1506 1384 1535 1435 et
1544 1396 1597 1451 pro
1607 1380 1677 1452 ipsis
1701 1396 1805 1436 novem
1824 1381 1888 1451 pla·

127 1474 195 1529 litus
209 1470 434 1544 AEgyptiplagae,
450 1473 516 1539 etc,
530 1484 615 1540 usque
634 1468 672 1523 ud
685 1483 751 1523 cum
779 1467 859 1523 vanis
885 1467 979 1523 leudi·
1033 1468 1078 1541 gis
1089 1468 1149 1523 loesi
1162 1484 1222 1522 non
1237 1472 1331 1535 erant,
1356 1468 1478 1540 ideoque
1500 1485 1550 1523 eos
1575 1469 1758 1539 diligebant:
1779 1469 1890 1528 decima

131 1562 186 1617 bus
200 1558 394 1633 quorumdam
405 1559 467 1630 jem
495 1556 578 1629 quasi
592 1555 710 1611 fortium
726 1570 814 1627 opera
832 1560 978 1613 enervent.
994 1606 1015 1662 B
1033 1557 1120 1627 plaga
1135 1555 1233 1611 afflicti
1246 1560 1322 1624 suut,
1350 1572 1416 1611 cum
1443 1555 1640 1612 discessissent
1668 1556 1781 1612 Hebraei
1805 1556 1893 1611 abeis

161 1650 242 1703 Vnus.
262 1650 304 1715 lu,
319 1649 364 1702 20.
380 1646 488 1703 —Non
500 1645 631 1700 remansit
649 1657 682 1698 ne
704 1659 761 1698 uno
788 1643 908 1714 quidem,
924 1647 978 1698 etc.
1071 1645 1152 1700 Vens.
1171 1647 1228 1713 5,6.
1270 1673 1305 1687 -
1336 1645 1377 1701 Et
1408 1647 1538 1701 morietur
1569 1661 1645 1701 omne
1671 1648 1891 1716 munitum.

130 1734 423 1808 (buciliensium
466 1737 542 1788 certe
566 1731 618 1787 liei
643 1730 881 1786 commemoravit
906 1730 980 1787 Scri·
1037 1733 1281 1804 etc.(0n1e.bom.
1303 1733 1341 1800 l.)
1370 1734 1413 1788 Ad
1432 1734 1569 1789 ultimum
1601 1734 1816 1805 primitivorum
1847 1733 1892 1787 in-

128 1831 225 1897 ptura,
243 1823 319 1896 quod
333 1821 450 1878 abstulit
475 1822 649 1883 locustas,et
677 1823 829 1891 prosecuta
848 1818 919 1874 dixit
934 1818 984 1873 in·
1036 1820 1128 1878 fertur
1136 1821 1279 1888 interitus,
1304 1821 1336 1877 in
1359 1838 1416 1894 quo
1439 1822 1569 1877 fortassis
1597 1828 1639 1878 est
1668 1821 1777 1895 aliquid
1806 1837 1894 1891 supra

130 1914 248 1970 durasse
262 1911 415 1968 Dominum
438 1926 489 1965 cor
518 1907 682 1975 Pharaonis,
711 1907 849 1963 benellcio
877 1906 985 1963 scilicet
1037 1916 1164 1967 nostram
1179 1910 1412 1982 intelligentiam,
1440 1910 1518 1982 quod
1543 1911 1729 1967 commissum
1755 1909 1792 1966 ab
1808 1912 1894 1981 AEgy·

130 2018 183 2064 suo
197 1999 385 2072 elpatientia,
409 2014 466 2071 qua
491 1997 539 2053 ille
566 1997 654 2052 fiebat
680 1995 852 2052 obstinatior
877 1995 985 2052 dumei
1038 1999 1451 2072 ptiisvideaturinEcclesiem
1466 1999 1690 2072 primitivorum,
1715 2014 1780 2070 quse
1806 1998 1895 2053 ascri-

133 2095 320 2165 parceretur:
351 2087 425 2143 sicut
442 2086 540 2142 omnia
567 2086 643 2141 male
661 2085 747 2141 corda
772 2085 924 2141 hominurn
941 2102 987 2159 pa·
1038 2095 1089 2160 pta
1103 2093 1145 2144 est
1156 2088 1284 2144 incoelis.
1303 2089 1381 2144 Unde
1399 2087 1487 2144 etiam
1502 2084 1706 2143 exterminator
1723 2088 1844 2160 angelus
1858 2086 1895 2142 ed

133 2178 235 2236 tientia
249 2178 300 2234 liei
316 2178 390 2232 male
403 2176 510 2232 utendo
543 2174 706 2230 durescunt.
1039 2179 1093 2234 hoc
1102 2176 1293 2232 ministerium
1307 2176 1441 2244 mittitur,
1457 2176 1507 2247 qui
1521 2173 1614 2248 parcit
1638 2176 1696 2231 illis
1720 2181 1834 2231 tantum
1844 2175 1895 2248 qui

112 2256 117 2273 ¹
168 2271 252 2324 Vens.
268 2271 313 2323 bl.
328 2297 363 2307 -
392 2264 516 2322 Eatende
536 2278 658 2332 monum,
685 2266 738 2318 etc.
776 2262 865 2334 (Aue.)
892 2262 986 2319 Tertio
1039 2271 1178 2338 utrosque
1206 2270 1302 2337 postes
1331 2266 1400 2338 egui
1421 2265 1561 2336 sanguiue
1584 2265 1698 2336 signato
1719 2264 1893 2320 habueruut.

134 2357 238 2413 dicitur
253 2356 289 2411 ad
303 2356 414 2410 llosen:
433 2352 559 2408 Extende
574 2367 692 2407 manum
716 2355 796 2406 tuam
824 2351 855 2405 in
877 2352 987 2406 coelum
1041 2356 1178 2411 lieleutur
1193 2354 1297 2409 iterum
1314 2354 1507 2426 primogenita
1531 2353 1730 2426 AEgypliorum
1746 2370 1754 2408 ι
1770 2352 1830 2407 sive
1844 2369 1894 2407 eos

134 2451 168 2503 ut
193 2447 274 2501 lieret
300 2443 386 2499 eliam
413 2443 499 2514 plaga
509 2440 703 2496 tenebrarum.
721 2440 875 2511 Nunquam
892 2444 988 2495 eratem
1042 2443 1219 2516 principatus
1243 2448 1271 2499 et
1295 2447 1461 2515 potestates,
1478 2446 1507 2497 et
1534 2442 1637 2497 mundi
1663 2442 1750 2513 hujus
1773 2446 1897 2496 rectores

135 2535 297 2593 dictumest
310 2533 344 2588 ad
361 2534 456 2587 teron
471 2534 502 2585 ut
516 2528 683 2584 extenderet
707 2528 853 2583 manusiu
872 2530 986 2584 coelum.
1042 2532 1228 2587 tenebrarum
1256 2531 1394 2600 dicamus,
1429 2547 1503 2602 quos
1532 2531 1659 2585 adventu
1689 2546 1741 2585 suo
1767 2529 1898 2585 Christus

38 2697 43 2707 Ι
135 2623 217 2690 Quod
230 2638 299 2694 ergo
326 2621 498 2677 dictumest
523 2617 560 2673 ad
583 2618 706 2672 lloseu:
732 2616 853 2672 Extende
879 2631 990 2671 monum
1042 2619 1177 2684 traduxit,
1194 2618 1224 2674 id
1239 2620 1415 2691 estcaptivos
1431 2619 1513 2674 duxit
1526 2623 1556 2674 et
1577 2619 1739 2688 captivavit,
1772 2634 1839 2674 eum
1867 2618 1898 2674 iu

137 2717 212 2767 tuom
225 2715 420 2780 superterram
448 2707 573 2776 AEqupti,
588 2711 613 2759 et
636 2703 766 2759 ascendut
793 2704 896 2759 locuste
909 2718 991 2774 super
1043 2709 1123 2780 ligno
1151 2708 1242 2764 crucis
1271 2707 1478 2779 triumphavit:
1501 2709 1560 2762 sive
1587 2712 1718 2762 auctores
1746 2713 1775 2762 et
1792 2708 1896 2762 inven-

137 2805 250 2865 terrum,
265 2797 350 2853 credo
366 2793 572 2867 idsignillcari,
587 2792 675 2847 etiam
704 2791 801 2847 minus
830 2808 913 2864 posse
940 2791 992 2864 qui
1043 2802 1119 2853 tores
1133 2797 1269 2852 falsarum
1279 2795 1464 2866 religionum,
1480 2812 1551 2868 ques
1566 2795 1671 2851 Christi
1700 2795 1805 2850 veritas
1831 2811 1898 2850 cum

137 2890 202 2961 plus
217 2891 312 2960 potest
329 2905 336 2954 ;
351 2901 410 2940 non
425 2887 521 2940 aulem
537 2881 673 2937 contiuuo
689 2881 735 2936 cui
748 2880 862 2936 minora
889 2886 1024 2945 conce-c
1043 2886 1102 2942 suis
1117 2885 1252 2942 exstinxit
1268 2885 1442 2940 auctoribus.
1459 2884 1649 2957 principatus,
1677 2888 1707 2938 et
1732 2889 1897 2956 potestates,

137 2977 254 3045 duntur,
274 2972 494 3046 poscentium
1043 2980 1073 3032 et
1099 2979 1224 3031 rectores
1250 2974 1435 3030 tenebrarum
1457 2975 1572 3040 herum,
1608 2972 1804 3043 primogenita
1829 2976 1897 3029 sunt

175 3061 466 3134 (Onicillonepluga
485 3058 611 3113 tenebrae
639 3061 716 3126 sunl,
750 3058 783 3111 ut
810 3056 915 3111 mentis
942 3072 992 3112 eo·
1043 3063 1241 3136 AEgyptiorum
1257 3062 1333 3134 quod
1360 3063 1430 3133 ΙΙΙ,
1456 3059 1518 3134 qui]
1536 3060 1567 3116 in
1591 3060 1693 3115 ultima
1720 3061 1817 3132 plaga,
1833 3077 1898 3117 cum

55 3158 58 3165 ⁴
87 3175 91 3181 ·
141 3167 206 3206 rum
220 3152 330 3207 caecitas
367 3152 516 3221 arguatur,
539 3145 583 3200 vel
619 3147 651 3199 ut
685 3143 849 3215 intelligant
885 3145 990 3201 divium
1044 3152 1152 3208 scilicet
1165 3152 1230 3207 linis
1256 3151 1359 3207 muudi
1384 3151 1531 3206 advenerit
1559 3165 1626 3205 cum
1664 3149 1807 3220 separabit
1834 3166 1899 3205 oves

142 3238 364 3310 dispensationis
379 3243 408 3293 et
425 3233 613 3308 providentia
635 3231 852 3288 obscurissimas
872 3249 933 3289 esse
948 3249 992 3287 ra·
1045 3239 1081 3294 nb
1109 3239 1209 3306 haedis,
1240 3254 1331 3310 grana
1353 3254 1370 3292 a
1393 3238 1498 3309 paleis,
1541 3236 1766 3305 damnabuntur,
1794 3238 1899 3292 amissa

142 3329 244 3384 tiones.
271 3329 363 3382 Posuit
381 3323 459 3379 enim
490 3323 564 3377 Deus
592 3321 714 3375 umbros
742 3321 885 3376 latibulum
913 3337 992 3378 suum
1044 3327 1167 3399 vagandi
1181 3325 1353 3382 attentandi
1367 3325 1491 3382 licentia.

145 3416 228 3487 (Paul.
245 3414 336 3484 xviri:
361 3428 432 3485 ques
453 3410 497 3466 illi
524 3409 657 3464 audacter
685 3412 714 3464 et
733 3413 842 3465 temere
861 3426 993 3481 perscru-
1083 3415 1185 3487 (Ome.)
1210 3415 1364 3471 Moruliter.
1387 3415 1498 3481 Anima,
1533 3414 1602 3470 dum
1625 3415 1657 3471 in
1675 3415 1728 3471 hoc
1750 3414 1900 3470 mundoin

145 3507 248 3569 tentes,
262 3506 291 3557 et
305 3500 362 3556 alia
376 3517 409 3555 ex
424 3499 487 3555 eliis
509 3501 677 3566 asserentes,
707 3496 738 3552 iu
757 3513 864 3553 crassas
891 3501 994 3572 etpal·
1047 3504 1193 3559 erroribus
1206 3503 1286 3570 vivit,
1301 3503 1466 3574 ignorantie
1480 3502 1617 3567 veritatis,
1646 3503 1678 3557 in
1706 3505 1829 3575 AEgypto
1845 3518 1899 3573 po·

145 3591 255 3663 pabiles
269 3605 401 3645 errorum
415 3588 547 3643 tenebras
560 3585 685 3641 devoluti
694 3590 769 3640 sunt.
856 3659 857 3663 ἵ
1047 3593 1102 3648 sita
1125 3598 1188 3649 est:
1204 3592 1229 3647 is
1243 3591 1477 3665 appropinquare
1491 3591 1577 3663 coepit
1611 3593 1656 3647 lex
1683 3592 1745 3658 bei,
1770 3607 1861 3662 aquas
1871 3591 1903 3644 iu

181 3680 303 3749 (Smin.)
319 3676 517 3733 Pertenabras
552 3672 719 3744 insipientie
743 3690 843 3729 eorum
871 3676 997 3746 [sucoe0·
1048 3679 1377 3752 sanguinemcouvertit,
1407 3680 1438 3735 id
1463 3685 1507 3734 est
1531 3679 1689 3735 lluidamct
1711 3677 1904 3749 lubricamiu·

147 3767 221 3841 ruini
239 3766 408 3832 ostenditur,
425 3763 688 3836 quiallligebantur
710 3767 739 3818 et
766 3763 938 3835 ignorabam
960 3765 995 3820 ed
1048 3769 1174 3824 ventutis
1199 3768 1288 3823 vitam
1312 3767 1452 3822 convertit
1473 3767 1509 3823 ed
1533 3767 1706 3837 sanguinem
1735 3766 1845 3821 Veteris
1860 3766 1903 3821 vel

147 3873 235 3929 quem
249 3856 336 3911 finem
347 3870 448 3910 eorum
461 3867 553 3924 poenoe
564 3851 739 3906 devenirent.
769 3852 862 3906 Etiam
886 3854 929 3907 rel
946 3869 997 3925 per
1036 3859 1118 3935 ¹Novi
1132 3855 1314 3913 Testamenti.
1332 3854 1440 3911 Deinde
1464 3855 1560 3911 educit
1584 3856 1628 3910 lex
1650 3872 1682 3910 ex
1695 3871 1729 3910 ea
1755 3870 1861 3911 vanam
1876 3859 1906 3910 et

26 3970 32 3980 ·
147 3946 279 4001 tenebras
306 3959 442 4000 arcanum
465 3940 554 3997 divini
593 3939 695 4011 iudicii
732 3940 921 4012 significatur,
939 3957 997 4012 quo
1050 3946 1167 4000 inanem
1194 3943 1397 4016 loquacitatem
1419 3941 1573 3996 adversum
1597 3941 1648 3996 liei
1678 3941 1903 4012 providentiam,

147 4035 238 4107 justos
274 4028 496 4088 misericorditer
528 4029 628 4098 salvat,
671 4029 776 4102 impios
811 4029 889 4101 juste
930 4045 998 4084 con·
1051 4048 1187 4088 ranarum
1201 4032 1325 4103 querelae
1341 4030 1475 4085 similem.
1490 4030 1693 4101 Purgatetiam
1704 4028 1904 4100 malignesco·

150 4122 276 4177 demnal·
1053 4121 1204 4195 giletiones
1218 4121 1289 4191 ejus,
1299 4125 1330 4174 et
1341 4118 1506 4189 sciniphum
1516 4118 1697 4173 mordacitati
1718 4117 1826 4171 similes
1840 4117 1903 4172 cal·

185 4209 267 4262 Villis·
282 4207 371 4262 2429·
392 4235 428 4247 -
449 4207 517 4262 Olet
533 4209 648 4271 lanium,
662 4208 715 4259 ⁰10·
733 4204 813 4276 (Alm-
830 4208 860 4260 iu
882 4207 1002 4261 lamio·
1019 4167 1299 4266 1'lidiunisaouloos
1315 4208 1440 4264 discutit.
1467 4206 1629 4262 Libidinem
1659 4221 1774 4278 quoque
1792 4220 1905 4261 morsus

150 4297 271 4352 nibuein
296 4294 397 4360 Euod,
421 4295 438 4348 l.
469 4291 525 4361 ΙΙΙ.)
556 4292 669 4346 Graecus
697 4292 793 4360 hebet,
819 4298 918 4364 prater
940 4308 1001 4349 oues
1055 4297 1212 4370 cynomyia
1223 4297 1339 4368 spiculis
1348 4297 1454 4351 similes
1464 4294 1905 4368 depellit:stultitiamqueetin-

151 4389 176 4439 et
195 4384 271 4438 boues
280 4382 433 4450 relinquite,
459 4381 541 4433 otest
563 4376 700 4431 inusitata
723 4378 837 4457 locutio,
866 4379 922 4433 uisi
937 4384 1002 4450 post
1055 4388 1200 4442 tellectum
1216 4386 1372 4457 pecudibus
1386 4384 1508 4440 similem
1522 4400 1574 4456 per
1589 4399 1676 4454 quem
1698 4384 1785 4449 homo,
1802 4386 1905 4439 cumin

152 4470 364 4526 distinctionem
386 4467 540 4533 inseratur,
566 4464 712 4534 relinquite
729 4484 737 4534 ;
754 4471 781 4519 et
805 4467 1001 4535 subaudiatur,
1057 4477 1154 4531 honore
1181 4480 1256 4541 esset,
1285 4491 1339 4530 non
1362 4475 1510 4541 intellexit,
1539 4473 1587 4528 sed
1614 4477 1788 4542 comparatus
1808 4478 1849 4528 ρει
1857 4472 1905 4541 ju.

149 4560 258 4625 istaut
275 4557 312 4611 sil
333 4570 452 4610 sensus:
478 4554 518 4609 lte
538 4559 642 4625 praeter
662 4568 727 4607 oues
746 4554 876 4610 etboves
916 4559 1002 4610 etre-
1057 4569 1152 4620 mentis
1175 4564 1379 4633 insipientibus,
1405 4567 1458 4617 020·
1482 4562 1565 4633 (psai,
1593 4562 1696 4629 mni)
1732 4561 1836 4632 giguit
1862 4560 1907 4614 ui.

151 4646 274 4720 linquite
288 4645 352 4700 ista.
373 4643 451 4698 Solet
465 4640 541 4697 enim
557 4640 621 4696 talis
634 4640 746 4712 eclipsis
768 4642 831 4697 lieri
858 4643 957 4699 crebro
973 4643 1005 4700 in
1058 4669 1122 4708 cera
1136 4657 1326 4725 peecatorum,
1342 4650 1513 4721 arrogantie
1533 4655 1688 4717 tumorem,
1708 4653 1737 4704 et
1765 4648 1908 4704 terrorem

152 4734 345 4792 ¹⁰⁰llli0¹11b¹¹³
356 4732 579 4803 80ΓῘΙἉΠΙΙΝΠΠ·
946 4743 948 4746 ’
1058 4742 1163 4797 luroris
1178 4741 1344 4812 exstingmit.
1357 4739 1483 4795 Adhibet
1497 4743 1561 4810 post
1581 4738 1644 4794 haec
1672 4754 1755 4793 voces
1781 4738 1908 4793 liliorum

190 4823 284 4892 (Rau.)
299 4824 412 4903 N⁰¹¹i¹¹¹¹
431 4823 607 4891 Pfae⁰⁰P¹¹¹m
619 4834 626 4873 ²
637 4819 696 4876 N⁰²¹
709 4820 876 4888 ⁰⁰²¹⁶¹⁴l³l⁸⁶0³
894 4834 1006 4875 mrem
1059 4829 1189 4896 tonitrui,
1205 4829 1234 4884 id
1247 4833 1291 4883 est
1303 4828 1482 4899 evangelicas
1500 4832 1529 4882 et
1552 4826 1722 4898 apostolicas
1750 4825 1909 4893 doctrinas,

152 4914 275 4983 immi
288 4912 346 4967 ⁶¹⁴st
366 4926 444 4965 ³0⁰³
473 4908 568 4979 Pl⁸8³2
580 4907 675 4962 &¹1⁵oe
702 4907 838 4962 lembrae·
869 4907 1007 4962 Ellessim
1060 4925 1089 4974 et
1101 4917 1318 4989 castigationem
1340 4915 1500 4988 grandinis,
1519 4921 1552 4970 ut
1570 4915 1714 4971 luxuriam
1739 4916 1911 4987 voluptates·

155 5000 286 5072 lluoedflm
310 5001 430 5054 mfflsshia
458 4995 593 5053 ⁰li³¹1¹i¹1
619 4995 780 5066 al³l³l³l⁰¹1d⁰
800 5011 919 5051 ”mrem
940 4995 1007 5050 ⁸¹1⁰·
1061 5023 1116 5080 que
1132 5009 1261 5061 coerceat
1277 5022 1284 5071 ;
1299 5008 1328 5059 et
1341 5005 1426 5059 simul
1440 5004 1538 5076 iguem
1553 5004 1742 5075 poeniteuties,
1767 5008 1799 5059 ut
1812 5004 1911 5059 dicat:

155 5103 223 5142 nam
239 5087 352 5158 quando
362 5087 450 5141 cuivis
467 5102 525 5141 non
552 5083 658 5139 suflicit
683 5100 742 5149 sua,
772 5084 858 5138 etiam
882 5084 1006 5140 alienam
1060 5099 1210 5154 Nonnecor
1227 5099 1350 5149 „osirim
1373 5093 1472 5150 arm
1491 5099 1551 5150 emi
1565 5098 1595 5149 i„
1615 5095 1692 5149 „0053
1717 5095 1790 5163 (igi,
1808 5092 1913 5163 ¹¹¹Vl‘?

156 5179 276 5231 lentare·
293 5176 362 5229 Vere
378 5175 472 5230 desssae
502 5178 569 5230 sunl
594 5172 731 5235 tenebret,
756 5172 828 5228 nihil
854 5172 932 5228 enim
947 5177 1006 5228 itm
1062 5187 1118 5240 Nec
1132 5200 1190 5238 non
1205 5184 1379 5237 locustarum
1389 5182 1425 5238 ab
1439 5197 1473 5238 ea
1487 5181 1619 5238 subducit
1643 5181 1784 5253 exempla,
1811 5181 1916 5252 quibus

155 5263 361 5332 fidelitatem,
379 5262 450 5317 nihil
472 5266 531 5316 illm
550 5260 623 5317 110Ιῆ
642 5260 704 5332 pilii
731 5261 860 5317 facietis:
879 5261 929 5333 qui
953 5262 1008 5317 h00
1062 5273 1250 5343 depascantur
1267 5286 1367 5326 omnes
1389 5269 1513 5342 inquieti
1534 5273 1563 5324 gt
1583 5268 1691 5325 turbidi
1715 5272 1811 5323 moins
1839 5268 1913 5339 ejus,

155 5351 223 5407 5³⁰st
236 5364 300 5405 l⁰l⁰
310 5355 431 5403 efflatur
445 5350 542 5404 lurore
555 5349 700 5406 hfflbili·
1063 5361 1095 5412 ut
1104 5357 1194 5413 discat
1207 5358 1307 5413 omnia
1323 5358 1479 5414 secuudum
1492 5358 1623 5413 ordinem
1638 5356 1739 5412 lucare.
1755 5357 1834 5412 llnde
1847 5372 1915 5411 vero

1062 5446 1238 5503 sufficienter
1255 5447 1342 5504 luerit
1370 5448 1506 5519 castigata
1522 5462 1575 5519 pro
1604 5446 1742 5514 moribus,
1771 5461 1838 5500 cum
1861 5460 1915 5501 au·
