3892 6106
71 230 138 283 root
635 227 764 285 crossi
780 210 982 284 deorumn.
1000 255 1035 266 -
1055 227 1118 282 un.
1139 227 1264 284 esaia.
1758 231 1830 289 loos

104 352 187 405 Vnus.
203 352 230 407 6.
247 379 283 392 -
297 351 386 417 Quom
411 353 586 420 magnificata
599 357 671 406 sunt.
696 350 800 419 (Casa,
820 349 921 419 titan.)
941 348 1081 404 Achristi
1096 349 1143 404 bic
1157 352 1298 416 cantatur,
1318 353 1385 416 etc,
1400 365 1485 419 usque
1512 349 1582 405 uda
1608 350 1693 407 laude
1712 351 1825 423 domus,

66 440 100 494 lu
116 440 284 505 substantia,
300 445 329 494 et
352 440 380 495 in
405 440 507 507 forma,
532 443 561 494 et
585 440 616 494 in
628 440 666 507 vi,
695 444 723 495 et
736 441 768 495 in
793 439 916 495 ceteris.
975 438 1026 503 ibi,
1043 441 1155 494 Domrun
1173 444 1256 493 tuom.
1274 441 1397 493 Decorem
1422 438 1546 496 indutus.
1571 441 1670 510 (Auo.)
1697 440 1826 497 Christus
1899 464 1908 477 ·

65 529 155 585 Nimis
166 527 312 598 profundae
341 532 404 583 sunt
431 530 605 597 cogitationes
634 533 696 597 tua,
719 527 823 601 quibus
852 529 922 583 talia
976 526 1824 598 decorusbis‚etc.‚usqueudurbisquinoncommovebitur.

64 616 159 671 fecisti
173 620 203 671 et
216 616 305 686 regis.
975 616 1098 669 liecurem
1109 614 1210 669 induit.
1226 612 1324 685 (Cass.)
1349 613 1381 669 ld
1403 619 1455 683 est,
1480 614 1732 685 pulchritudinem,
1761 620 1827 688 etc,

103 707 183 761 Vans.
197 710 225 759 7.
241 736 275 747 -
289 707 339 760 Vir
352 704 496 775 insipiens,
512 708 566 760 etc.
591 706 697 772 (Cass.)
716 705 759 761 lle
773 703 920 761 delectasti
973 715 1059 771 usque
1072 701 1110 757 ad
1122 702 1157 757 ab
1171 702 1378 771 incarnatione,
1393 703 1510 774 quando
1520 704 1652 760 homines
1666 705 1771 762 docuit

63 794 96 849 in
109 793 256 865 operibus,
271 792 320 848 sed
335 795 380 848 uir
394 794 525 862 insipiens
549 808 603 848 non
630 796 776 865 cognoscet,
807 798 836 847 et
849 791 920 847 stul·
1008 794 1154 848 hacinuit
1177 808 1214 848 se.
1246 793 1307 847 lton
1334 791 1383 861 eit,
1409 791 1507 860 cinxit,
1534 792 1578 847 rel
1605 792 1754 861 succinxit,
1782 794 1827 850 rel

63 886 123 949 tus,
139 882 201 952 qui,
216 881 239 934 si
264 880 325 948 scit,
348 896 405 934 non
434 885 514 935 cavet
538 879 603 947 sibi,
631 895 685 935 non
708 881 918 948 intelligutur,
973 880 1104 948 accinxit,
1132 880 1180 935 sed
1207 879 1369 951 precinxit.
1393 880 1544 952 cingimur
1563 880 1640 935 enim
1667 881 1825 952 operaturi,

65 985 133 1044 quae
142 970 222 1036 dixit,
232 970 277 1024 vel
287 985 351 1039 quoe
362 969 429 1024 dicit
438 971 513 1040 post.
527 968 678 1024 Summum
688 984 779 1039 genus
793 968 919 1023 scientiae
973 968 1149 1037 accingimur
1168 969 1336 1040 pugnaturi,
1353 968 1547 1040 succingimur
1561 968 1640 1037 ituri,
1668 969 1825 1042 precingi·

65 1063 110 1112 est
124 1057 195 1112 scire
213 1058 302 1112 Deum
319 1061 397 1112 talita
415 1063 562 1128 praestare,
582 1072 648 1128 quae
663 1057 806 1111 humanus
820 1073 920 1113 sensus
973 1071 1038 1112 mur
1053 1056 1250 1111 ministraturi.
1267 1056 1368 1128 (luo.)
1397 1055 1507 1112 (tinctio
1530 1071 1599 1128 ergo
1614 1072 1702 1127 opera
1714 1055 1825 1128 signifi·

65 1162 128 1200 non
142 1145 219 1201 valet
232 1146 385 1216 attingere.
973 1149 1027 1211 cat,
1044 1151 1110 1216 etc,
1133 1160 1218 1215 usque
1249 1145 1287 1201 ad
1315 1144 1383 1216 quia
1408 1145 1504 1200 melior
1528 1148 1630 1213 estqui
1655 1146 1825 1200 uincitirum

101 1235 240 1303 Incipiens
268 1238 320 1301 est,
349 1233 399 1306 qui
423 1233 531 1289 coelesti
558 1233 700 1306 sapientia
728 1249 845 1301 vacuus,
861 1233 919 1289 hu·
972 1250 1055 1304 quum
1082 1236 1131 1303 qui
1152 1236 1227 1304 cupit
1252 1235 1398 1289 ciuitatem.
1422 1234 1582 1288 Praetauit.
1622 1232 1725 1302 (Cass.)
1745 1232 1824 1289 Coetu
1912 1264 1918 1275 ·

63 1323 161 1377 manis
175 1323 306 1377 versutiis
326 1323 427 1394 plenus
440 1327 496 1390 est;
511 1322 561 1394 qui
584 1338 643 1377 nou
668 1322 720 1378 scit
746 1338 834 1394 opera
856 1321 917 1389 Dei,
973 1322 1142 1394 angelorum
1157 1322 1323 1388 ascendens,
1340 1321 1382 1375 vel
1397 1320 1566 1376 strenuitate
1581 1318 1728 1392 operandi.

64 1412 135 1484 quia
149 1429 217 1467 casn
232 1416 315 1483 putat
332 1411 431 1466 omnin
457 1412 519 1482 agi;
539 1411 643 1466 Stultus
667 1418 710 1465 est
731 1411 842 1477 brutus,
868 1407 919 1481 qui
1007 1413 1114 1467 Etenim
1118 1411 1252 1479 (innubit.
1265 1408 1368 1481 (Aua.)
1380 1410 1516 1464 Decorem
1530 1412 1560 1464 et
1571 1407 1770 1463 fortitudinem
1783 1405 1826 1461 in-

64 1516 120 1555 nec
135 1499 284 1555 secularia
299 1500 387 1554 norit.
973 1497 1044 1563 duit,
1056 1503 1089 1552 ut
1100 1498 1356 1566 fundarettorram,
1373 1498 1450 1552 unde
1464 1497 1558 1552 addit:
1572 1499 1679 1552 Etenim
1692 1497 1824 1565 mucii.

105 1589 185 1643 vaus.
214 1591 240 1645 6,
263 1589 379 1645 —Gum
411 1585 752 1658 enortinrerunt.(Cnss.)
771 1586 959 1685 llutosas-B
1010 1586 1328 1642 varab-Eumne.
1345 1586 1406 1657 (ln.)
1435 1585 1483 1641 Vel
1500 1602 1534 1640 ex
1553 1585 1612 1654 illo,
1627 1589 1743 1655 tempus
1758 1598 1825 1651 gra·

65 1677 301 1747 seritperituros,
322 1681 393 1741 etc..
421 1675 558 1744 usquead
580 1674 672 1730 iudaei
693 1679 868 1748 putaverunt
892 1678 920 1729 te
973 1672 1020 1728 tioe
1040 1674 1267 1745 designatione
1294 1674 1431 1746 intelligit
1449 1675 1504 1730 boc
1518 1690 1551 1730 ex
1572 1675 1698 1730 dicante
1722 1671 1825 1730 sabba·

64 1765 214 1819 cummuni
229 1764 337 1819 scilicet
353 1768 429 1819 sorte
446 1763 529 1818 mori.
971 1766 1045 1832 tum,
1062 1762 1157 1830 idest,
1179 1769 1258 1818 sexto
1272 1768 1402 1835 tempore
1416 1762 1698 1834 hujusmodique
1725 1767 1825 1823 Domi·
1925 1820 1929 1827 ,

104 1855 183 1907 Vnus.
195 1856 221 1907 9.
247 1884 280 1893 -
298 1854 336 1907 Tu
351 1856 440 1907 nutem
454 1851 623 1907 ditissimus.
639 1855 745 1920 (Aua.)
769 1853 918 1924 Exspectas
971 1868 1026 1907 nus
1040 1853 1130 1908 venit:
1150 1852 1200 1908 sed
1217 1869 1253 1908 ne
1267 1857 1350 1923 putes
1378 1857 1447 1907 tunc
1461 1852 1591 1924 coepisse,
1608 1854 1725 1924 quando
1741 1862 1825 1913 natus

65 1941 191 2014 desuper
206 1957 238 1995 cx
253 1944 372 2008 aeterno,
396 1947 468 2005 etc.,
491 1954 576 2011 usque
598 1940 636 1995 ud
649 1955 706 1995 non
731 1940 917 2013 longanimis,
971 1941 1050 1996 venit
1057 1941 1145 2007 addit,
1162 1942 1289 1997 usnemu
1304 1948 1333 1995 tu
1347 1956 1386 1996 es.

65 2030 351 2085 exverboaeternus.
1007 2030 1088 2084 Vens.
1116 2030 1142 2084 3.
1166 2060 1200 2069 -
1233 2029 1419 2084 Eteunuerunt
1451 2031 1566 2099 flumina
1595 2045 1693 2086 uocem.
1725 2033 1825 2101 (llud.)

103 2118 184 2173 Vnus.
204 2120 246 2173 11.
264 2149 299 2158 -
327 2120 362 2173 Et
390 2117 567 2172 exultabitur.
597 2117 660 2188 (ln.)
688 2116 747 2172 Etsi
770 2116 825 2188 ipsi
851 2132 919 2190 per·
971 2115 1042 2182 Onia
1057 2117 1190 2187 discipuli
1205 2117 1364 2184 audientes,
1381 2121 1445 2185 etc,
1465 2133 1550 2187 usque
1573 2119 1611 2174 od
1626 2120 1733 2187 saculi,
1749 2121 1826 2193 quod

65 2207 160 2275 ibunt,
175 2210 240 2274 etc,
255 2221 340 2276 usque
358 2205 395 2259 cd
410 2220 510 2258 omnes
526 2204 650 2258 haereses
665 2204 811 2274 peribunt.
971 2205 1057 2277 caepit
1069 2204 1163 2273 irasci,
1179 2205 1224 2260 rel
1236 2204 1380 2277 persequi.
1405 2207 1587 2261 Eteuuuerunt
1600 2208 1715 2276 flumina
1724 2211 1823 2279 fluctus

103 2295 294 2351 161311.-
321 2297 356 2349 Et
378 2293 512 2363 despectu.
545 2294 611 2359 (lu.)
643 2293 674 2348 Et
689 2292 753 2347 ideo
765 2293 825 2364 jam
841 2308 919 2348 nuuc
971 2309 1043 2363 suos,
1061 2298 1114 2349 etc.
1146 2293 1323 2365 (Cass.)lioc
1343 2293 1421 2349 deest
1447 2295 1476 2348 in
1497 2294 1571 2361 aliis,
1597 2300 1664 2362 etc,
1688 2297 1827 2365 usquead

63 2383 205 2454 despexit.
220 2388 249 2437 et
270 2382 398 2437 audieta
426 2379 544 2435 ueritate
561 2382 649 2434 intus.
665 2383 701 2437 Et
725 2380 759 2434 ub
774 2381 918 2449 insurgen-
971 2382 1023 2456 qui
1032 2381 1099 2437 fucit
1111 2383 1208 2438 omnia
1222 2383 1307 2450 buna,
1318 2381 1556 2437 additzllirubitia
1565 2385 1594 2437 in
1609 2384 1674 2458 attia
1684 2385 1824 2442 boninus.

65 2472 268 2538 titiunculum.)
294 2472 354 2539 Vel,
377 2470 559 2540 insurgentes
584 2469 615 2524 in
641 2485 698 2538 me,
728 2469 919 2540 malignantes
1007 2472 1086 2527 Vaas.
1103 2474 1178 2526 6.-
1194 2473 1367 2528 testimonia.
1383 2471 1486 2543 (Aua.)
1506 2469 1579 2536 Ouia
1601 2473 1737 2528 mirabilia
1764 2474 1825 2530 eln-

64 2560 165 2615 audiet
179 2557 518 2628 innovissimotquando
547 2573 578 2610 se
605 2555 805 2627 increpabunt,
821 2555 917 2612 dicen·
973 2561 1118 2627 tonans,
1135 2565 1202 2627 etc,
1221 2574 1306 2630 usque
1332 2560 1369 2615 nd
1391 2564 1420 2615 et
1432 2576 1552 2615 coronas
1567 2575 1600 2615 ex
1619 2560 1819 2632 praedictione.

64 2654 120 2714 tes,
133 2647 206 2713 Quid
231 2645 307 2702 nobis
320 2647 429 2717 promit
444 2645 574 2714 superbio
587 2649 612 2700 et
634 2645 763 2701 divitia?
776 2645 856 2717 (Sap.
871 2647 916 2717 v.)
972 2646 1071 2717 (Cass)
1088 2638 1260 2704 Testimoniu.
1276 2649 1326 2704 Vel
1356 2648 1406 2716 ita,
1420 2654 1486 2718 etc,
1509 2663 1594 2719 usque
1614 2649 1653 2704 nd
1678 2649 1824 2707 licetbre·

65 2738 152 2792 Auria
162 2751 232 2789 men.
261 2737 359 2802 (lua.)
383 2733 491 2789 Stantis
513 2733 548 2787 ad
576 2733 734 2801 dexteram,
763 2734 861 2789 audiet
886 2733 918 2789 in
971 2735 1053 2790 vibus
1068 2735 1172 2800 verbis,
1188 2736 1324 2792 continet.

63 2824 174 2888 futuro,
189 2823 243 2879 hoc
257 2823 372 2877 scilicet.
391 2822 433 2876 Ite
458 2822 605 2889 maledicti,
621 2825 652 2877 in
664 2825 755 2890 ignem
776 2827 916 2880 aternum.
1261 2824 1417 2880 PSAleUS
1435 2824 1530 2880 XClll.

63 2917 88 2968 lt
103 2929 162 2985 quo
178 2912 254 2967 malo
285 2911 385 2967 auditu
406 2910 500 2982 justus
529 2926 589 2965 non
613 2910 737 2967 timebit.
766 2912 835 2966 Ecce
862 2903 952 2967 boeC
1006 2912 1129 2967 Psutmus
1139 2912 1237 2969 Dauid.
1251 2911 1349 2983 (lua.)
1373 2911 1572 2983 lnlirmis,qui
1593 2916 1622 2968 et
1639 2917 1824 2969 murmurant
1916 2956 1923 2967 .

62 3001 138 3069 1ς11ς,
156 3000 229 3067 Ouid
242 2999 275 3054 de
284 3000 390 3069 justis?
404 2999 512 3066 (Multis.
529 2997 604 3065 xxv.)
970 2999 1065 3067 corde,
1083 3004 1149 3067 etc,
1164 3000 1381 3070 usqueadtotus
1400 3000 1506 3056 docens
1527 3001 1704 3072 patientium.
1720 3001 1822 3068 Quarto

103 3091 183 3145 Vnus.
197 3092 239 3144 13.
252 3119 283 3128 --
298 3090 391 3143 iustus
401 3091 431 3142 ut
443 3087 547 3156 pulmo.
560 3087 604 3141 llli
617 3091 650 3142 ut
657 3086 765 3142 ionum.
776 3088 873 3142 iustus
886 3090 917 3141 ut
969 3087 1157 3157 sublatique
1177 3087 1224 3142 dic
1238 3087 1304 3142 iecit
1318 3086 1394 3142 Deus
1415 3088 1578 3158 luminaria,
1604 3094 1671 3158 etc,
1685 3088 1822 3159 usquead
1921 3146 1924 3151 ,

64 3181 173 3252 palma,
189 3194 242 3249 pro
257 3176 418 3245 altitudine,
435 3182 464 3232 et
490 3176 557 3248 quia
571 3176 652 3232 radix
667 3192 777 3247 aspera,
797 3176 917 3247 pulchra
969 3176 1046 3231 unde
1063 3180 1161 3231 monet
1174 3175 1208 3230 ad
1224 3175 1403 3248 patientiam.

63 3264 322 3321 comainsurnmo
350 3268 379 3317 et
407 3262 475 3329 line,
490 3267 518 3317 et
533 3261 612 3316 tarde
632 3261 758 3317 fructum
781 3261 917 3330 iacit3ita
1005 3265 1086 3320 Vnus.
1117 3266 1141 3319 1.
1169 3292 1206 3306 -
1232 3265 1307 3320 Deua
1325 3265 1459 3320 ultionum
1479 3264 1623 3321 Dominus.
1646 3266 1685 3320 Ne
1704 3264 1821 3321 festines

64 3359 94 3409 et
101 3355 214 3425 justum
229 3352 275 3406 bic
288 3355 401 3422 asperat
418 3350 508 3419 labor,
522 3366 609 3422 quem
624 3350 654 3406 iu
690 3350 821 3421 supernis
848 3350 917 3422 pul·
970 3352 1060 3409 alium
1090 3351 1206 3423 punire,
1222 3351 1247 3406 si
1261 3357 1290 3408 te
1306 3352 1396 3420 lesit3
1423 3351 1496 3407 sicut
1519 3353 1609 3408 nolles
1635 3353 1735 3425 puniri
1763 3354 1821 3410 aliu

65 3441 198 3498 chritudo
223 3437 448 3494 immortalitatis
476 3438 636 3506 coronabit,
667 3443 696 3494 et
732 3438 813 3511 quasi
837 3438 916 3494 tarde
969 3445 1100 3512 rogante,
1131 3455 1217 3512 quem
1235 3439 1345 3495 laesisti:
1371 3445 1401 3496 et
1428 3440 1452 3496 si
1476 3440 1525 3495 ille
1545 3446 1643 3513 peccat
1666 3441 1697 3497 in
1720 3447 1758 3508 te.
1784 3457 1822 3498 nc

66 3535 133 3603 post
145 3533 245 3599 longos
257 3526 534 3583 laboresmercedcm
550 3542 670 3598 operum
680 3528 806 3599 recipiet.
823 3528 917 3582 iustus
969 3544 1069 3600 pecces
1092 3526 1218 3584 deterius
1236 3527 1438 3599 blasphemans
1453 3528 1554 3593 Deum,
1584 3543 1636 3583 nec
1656 3535 1737 3601 optes
1757 3530 1821 3586 vin·

64 3624 97 3675 ut
108 3619 219 3691 pulmo.
253 3616 361 3689 (Cass.)
375 3615 470 3671 Tertia
483 3632 558 3687 pars.
582 3616 677 3670 Justus
691 3614 805 3683 florere,
821 3620 853 3669 ut
866 3616 917 3669 bac
971 3618 1094 3674 dictam:
1109 3631 1176 3688 quer
1190 3615 1213 3671 si
1224 3615 1344 3683 venerit,
1355 3617 1453 3671 forsan
1466 3620 1495 3670 te
1509 3615 1591 3687 prius
1604 3615 1740 3673 inveniet.

64 3705 256 3779 promissione
271 3705 370 3760 deuote
385 3703 541 3775 gaudeant.
561 3703 672 3761 cedrus.
698 3701 803 3773 (Aua.)
819 3703 918 3758 Palma
1006 3705 1101 3760 Libere
1114 3706 1178 3772 egit.
1193 3705 1292 3775 (Aua.)
1309 3705 1449 3775 Tempore
1463 3703 1650 3771 infirmitatis,
1662 3710 1695 3759 ut
1707 3705 1823 3776 quaudo

63 3800 94 3852 et
106 3795 220 3862 cedrus,
236 3793 282 3849 hae
293 3793 411 3848 arbores
422 3808 480 3846 uon
496 3796 629 3847 arescunt
641 3796 749 3857 estate,
762 3796 793 3845 ut
805 3789 914 3846 lenum.
970 3793 1001 3849 in
1016 3793 1124 3862 templo
1147 3792 1256 3859 docuit,
1280 3797 1420 3863 tauquam
1434 3795 1603 3863 potestatem
1620 3791 1737 3858 habens,
1755 3792 1824 3864 quia

99 3887 182 3940 Vnus.
201 3885 246 3939 11.
265 3914 299 3923 -
320 3884 353 3938 ln
376 3884 458 3938 atriis
473 3882 577 3938 domm.
594 3878 693 3953 (Cass.)
722 3881 843 3947 Atrium,
858 3879 916 3934 ini·
971 3896 1023 3937 nec
1037 3880 1150 3936 veritati
1164 3880 1238 3952 ejus,
1254 3895 1308 3935 nec
1323 3878 1458 3951 potestati
1472 3879 1534 3950 ejus
1547 3885 1643 3951 potest
1655 3879 1775 3935 obviari.
1791 3881 1824 3937 lit

64 3974 139 4031 tium
173 3971 344 4040 mansionis;
371 3972 466 4026 domus
494 3970 624 4025 interior.
664 3970 696 4024 ln
732 3969 814 4022 atriis
847 3982 917 4038 ergo
971 3967 1040 4040 quia
1048 3967 1089 4023 ita
1098 3972 1177 4034 tuuc,
1189 3983 1266 4022 nunc
1276 3968 1418 4036 mutare,
1428 3969 1649 4036 quio,usquequo
1660 3973 1823 4038 putatores.

62 4062 209 4133 florebunt,
236 4060 265 4115 id
294 4059 389 4127 est,in
416 4059 479 4130 ipso
503 4057 719 4113 resurrectionis
738 4055 832 4123 initio,
848 4055 917 4110 dum
1007 4058 1088 4111 Vnas.
1115 4058 1142 4111 t.
1173 4086 1208 4096 —-
1240 4055 1420 4125 Effubuntur.
1449 4054 1535 4126 (Cass)
1567 4056 1690 4127 Exponit
1722 4073 1825 4113 eorum

64 4149 204 4207 audient:
223 4150 325 4214 Venite,
352 4147 485 4202 benedicti
507 4147 598 4202 Putris
623 4147 676 4200 mei
703 4145 812 4214 (Eottt.
841 4143 916 4215 xxv).
932 4185 955 4241 D
974 4149 1098 4217 peccata,
1130 4148 1197 4214 etc.,
1230 4144 1374 4214 usquead
1400 4144 1531 4215 procedit
1549 4145 1757 4218 exaggerando.
1772 4146 1825 4202 Lo·

101 4238 186 4292 vans.
201 4240 290 4292 l5.-
312 4235 410 4290 Adbuc
430 4234 694 4304 multiplicabuntur.
709 4233 768 4304 (ln.)
798 4232 920 4288 Ecclesia
975 4239 1091 4303 quentur
1112 4247 1201 4289 omnes
1226 4235 1276 4304 qui
1292 4236 1450 4304 operantur,
1479 4238 1532 4290 etc.
1561 4231 1736 4303 Effubuntur,
1761 4233 1826 4290 aliis

66 4326 162 4397 magis
176 4323 296 4396 incipiet
316 4340 377 4379 csse
393 4323 546 4390 uberrima,
573 4338 638 4377 cum
670 4320 809 4376 adfinem
825 4320 922 4377 secuti
976 4322 1159 4394 respondent,
1189 4321 1283 4393 (Aua.)
1313 4323 1342 4378 id
1370 4327 1422 4389 est,
1457 4322 1564 4379 hubent
1596 4322 1672 4394 qnod
1707 4339 1825 4394 respou-

67 4416 124 4470 erit
138 4414 292 4485 perducta:
310 4418 379 4468 tunc
401 4411 478 4467 enim
493 4410 673 4483 passionibus
695 4410 921 4467 electorumcito
976 4411 1071 4478 deant,
1115 4416 1182 4479 etc,
1207 4426 1292 4482 usque
1314 4412 1352 4467 ad
1386 4412 1545 4484 loquuntur
1576 4410 1669 4484 iniqui
1700 4412 1827 4468 dicentes

66 4502 241 4574 implebitur
278 4517 416 4556 numerus
446 4500 605 4556 beatorum.
641 4500 675 4554 Et
701 4499 839 4571 accipitur
875 4498 923 4554 bic
977 4501 1067 4556 Deum
1082 4516 1141 4556 uon
1159 4515 1260 4555 curare
1276 4500 1346 4555 brec.

66 4592 154 4646 aliter
165 4595 297 4657 senectus,
313 4605 399 4661 quam
415 4604 512 4658 supra.
1011 4590 1091 4644 liras.
1108 4591 1179 4644 6.-
1201 4588 1319 4645 Viduam
1332 4593 1357 4642 et
1372 4587 1513 4644 advenum.
1548 4587 1647 4656 (Cass.)
1675 4591 1731 4645 lios
1752 4590 1829 4647 Deus

102 4680 183 4734 Vnus.
213 4681 255 4733 16.
271 4708 302 4719 -
323 4680 506 4733 Annuntient.
530 4674 589 4748 (lu.)
607 4675 668 4741 liic,
684 4677 738 4744 vel,
763 4675 833 4732 dum
851 4692 924 4748 prae·
976 4681 1085 4743 tuetur,
1098 4682 1164 4742 etc,
1187 4691 1273 4747 usque
1295 4676 1333 4732 ad
1357 4677 1419 4732 sine
1442 4682 1524 4747 patre
1548 4675 1661 4732 diabolo
1684 4682 1714 4734 et
1737 4683 1828 4734 matre

65 4769 161 4823 mium
188 4767 303 4839 capient
321 4766 545 4833 annuntiabunt,
575 4765 651 4837 quod
667 4766 774 4836 justus,
789 4766 838 4837 qui
862 4766 921 4821 suis
978 4765 1219 4837 concupiscentia.
1815 4794 1816 4798 =

65 4856 211 4929 promissa
235 4856 370 4927 complet.
386 4858 422 4911 Et
439 4870 492 4910 non
506 4858 546 4910 est
559 4856 693 4925 iniquitas
715 4857 745 4910 in
767 4870 805 4910 eo.
823 4858 922 4923 (Aua.)
1012 4854 1096 4910 Vaas.
1120 4859 1147 4911 7.
1163 4855 1263 4911 -Nec
1286 4854 1430 4921 intetttqet.
1455 4852 1555 4926 (Aua.)
1579 4852 1676 4918 Quasi,
1703 4869 1761 4909 non
1785 4858 1829 4910 at·

67 4947 104 5002 Ut
113 4945 161 5000 hic
176 4945 327 5017 permittat
354 4944 413 5016 pati
425 4960 477 5015 pro
492 4960 533 5011 se,
549 4958 621 5015 quus
647 4959 703 4997 non
720 4942 760 4998 ibi
772 4948 864 4998 ornet.
888 4944 924 4998 Et
977 4943 1076 4999 tendet
1098 4943 1162 5010 ista,
1178 4940 1299 5014 negligit
1312 4942 1376 5007 ista,
1393 4941 1578 4997 necattendit
1598 4946 1630 4996 ut
1650 4941 1754 5009 rideat,
1770 4958 1830 4999 non

64 5039 168 5111 rectus,
185 5035 235 5106 qui
250 5039 427 5103 remunerat,
452 5048 510 5088 nun
524 5032 643 5104 iniquus
657 5035 689 5088 ut
706 5032 820 5087 bourdet
846 5047 923 5103 prae·
978 5048 1024 5087 me
1039 5030 1221 5097 curatimus,
1237 5030 1305 5102 quid
1322 5030 1432 5102 agom‘l

66 5125 140 5191 mio,
155 5123 206 5179 sed
217 5122 361 5193 benignus
375 5127 407 5176 ut
418 5121 586 5175 accumulet.
1013 5120 1093 5175 Vnus.
1106 5121 1132 5174 8.
1148 5150 1183 5159 -
1196 5119 1351 5188 intelligite.
1368 5119 1466 5188 (Cass.)
1482 5118 1612 5174 Secunda
1626 5134 1708 5190 pars;
1731 5124 1832 5176 contra

360 5209 515 5265 Psantttts
538 5209 617 5264 xcrt.
977 5206 1169 5278 blasphemus,
1180 5212 1224 5260 etc
1239 5205 1475 5278 ,usqueadquud
1485 5206 1732 5262 consiliumsuunt
1747 5207 1832 5264 mulis

107 5303 143 5355 In
159 5299 241 5360 diem,
257 5304 311 5355 etc.
341 5301 440 5367 (llud.)
455 5298 487 5353 ln
517 5296 642 5353 dicante
670 5295 831 5360 sabbatum,
856 5299 923 5361 etc,
978 5294 1166 5366 incognitum,
1176 5295 1234 5349 suis
1247 5293 1347 5348 aulicis
1361 5295 1461 5366 aperit.
1478 5295 1630 5360 stultiori
1646 5300 1745 5367 aperte
1754 5296 1832 5353 blas·

69 5405 158 5460 usque
172 5388 210 5443 nd
224 5387 301 5459 quod
314 5386 457 5458 significat
465 5391 563 5441 sextus
583 5384 653 5441 dics.
978 5383 1127 5457 phemant,
1143 5382 1268 5439 dicentes
1279 5382 1548 5438 Deumnonridere.
1565 5384 1612 5438 Vel
1624 5383 1678 5439 itu:
1695 5385 1751 5440 Vos
1763 5387 1832 5442 insi·

109 5479 192 5533 Vras.
218 5478 242 5533 1.
270 5505 305 5516 -
333 5477 462 5532 Dominus
483 5475 618 5545 regnauit,
647 5475 700 5529 etc.
733 5472 830 5544 (Cass.)
851 5470 924 5528 Laus
976 5474 1090 5544 pientes,
1108 5471 1135 5526 id
1150 5469 1534 5543 estnescii,intalligite,qui
1545 5472 1608 5544 jam
1622 5471 1833 5529 benevivendo

257 5580 395 5646 Parnon.
422 5579 528 5646 cxtll.
1639 5583 1680 5643 ³2
