3892 6106
145 241 199 297 til
370 272 376 279 -
521 240 718 299 wesalslslbl
739 239 863 297 sraela
882 239 983 298 ΝΗ).
1004 238 1084 297 hort.
1105 238 1193 298 PARS
1211 240 1233 295 Ι.
1254 269 1289 283 -·-
1307 239 1541 300 annotasset.
1844 248 1896 302 sss

180 367 262 422 Vens.
280 365 322 422 tlt.
340 365 374 421 llt
388 363 510 420 babeatis
528 365 669 419 scimtiam
690 362 871 418 discernendi.
894 359 1024 434 (haolb
1041 366 1139 418 autam
1153 377 1241 436 quare
1257 362 1294 419 sit
1312 361 1428 433 lactum,
1444 361 1592 436 respondit
1609 366 1716 433 Aaron,
1736 370 1766 422 ιι
1789 366 1898 440 placuit

62 438 68 445 “
145 452 599 525 llocetambigaepositamsst,
625 456 689 518 alc,
706 466 790 523 usque
817 451 855 507 ad
878 466 916 506 an
937 466 989 522 po·
1044 450 1124 507 llosi.

145 546 203 601 tius
215 542 251 599 ad
264 546 418 614 utramque
432 540 614 597 referendum
624 540 688 596 est‘l
1080 541 1175 598 llodie.
1191 541 1279 609 Quasi
1290 539 1366 597 dicat
1381 557 1389 596 ι
1405 541 1430 597 ιι
1443 544 1510 598 ante
1524 540 1722 598 remissionem
1743 542 1900 601 Salvatnris

180 634 260 688 Veas.
279 633 320 687 li.
336 658 371 673 -
388 630 485 686 Tollite
502 630 678 699 sacrificium,
702 631 755 682 etc.
777 626 887 698 (lsraa.)
908 626 990 693 Quod
1046 627 1101 685 hoc
1112 635 1287 702 peccassent,
1309 629 1427 685 forsitan
1450 630 1658 702 ignosceretur,
1683 646 1749 687 cam
1765 634 1897 691 nondum

142 720 340 794 pectusculum
354 718 565 785 confidentiam,
581 722 645 781 etc..
661 732 746 789 usque
758 716 876 789 adquae
891 723 989 773 autem
1046 719 1154 774 mundo
1169 719 1285 774 scienda
1300 719 1554 775 manifestaretur:
1569 720 1658 784 unde,
1674 721 1708 775 Si
1727 735 1783 776 non
1808 724 1899 779 emis·

143 810 179 865 ad
204 800 323 881 pacifica
350 812 378 863 et
406 805 542 862 salutaria
567 806 730 878 {pertinent
766 805 854 862 totius
891 806 992 879 populi
1045 823 1111 874 sem,
1127 813 1152 864 et
1167 809 1270 865 locutus
1302 809 1340 863 eis
1357 808 1481 876 fuissem,
1505 813 1647 880 puratum
1674 825 1730 865 nou
1757 810 1899 880 baberent3

144 903 220 956 eant.
1045 911 1117 952 nunc
1130 902 1220 953 autem
1242 899 1441 954 accusationem
1463 912 1518 954 non
1540 898 1641 954 babent
1658 898 1692 956 dc
1713 904 1826 969 oeoooso
1849 916 1898 959 suo

181 987 285 1053 Tollite,
301 989 356 1041 etc.
375 987 497 1051 Arcana,
513 981 620 1038 scilicet
634 987 663 1038 et
677 981 822 1054 protunda
834 981 990 1054 Scriptura
1048 987 1135 1051 (toan.
1154 987 1210 1057 xv).

145 1079 331 1143 sacramenta,
346 1089 411 1146 qum
429 1073 532 1144 vulgas
542 1088 600 1128 non
613 1071 698 1144 capit,
714 1071 863 1127 retinenda
884 1087 916 1127 ac
939 1087 988 1126 ao-
1385 1118 1499 1175 CAPUT
1513 1118 1547 1175 XI

145 1164 286 1221 medenda
301 1166 368 1217 suat
386 1161 535 1234 perlectis,
555 1161 641 1231 juata
665 1161 763 1228 attare,
786 1159 816 1216 id
839 1164 883 1215 est
904 1160 987 1232 juxta
1551 1162 1557 1175 “

148 1251 305 1311 Dominicae
323 1249 463 1322 passionis
479 1248 566 1305 tidem
582 1248 832 1305 etauctoritatem.
1083 1253 1165 1308 Vane.
1182 1282 1215 1294 -
1238 1253 1354 1309 locutus
1375 1258 1415 1309 est
1441 1253 1584 1309 Dominus.
1611 1253 1719 1326 (lesan.)
1751 1254 1898 1328 Quidquid

183 1342 320 1397 Vasall.
342 1370 377 1381 -—
401 1339 598 1405 Pectuscutum,
622 1342 675 1393 etc.
701 1337 791 1407 (bau,
817 1341 911 1408 quast.
936 1335 992 1407 at.)
1048 1341 1137 1396 alteo
1151 1339 1258 1395 iactam
1272 1339 1335 1411 ipsa
1345 1339 1541 1395 'institutionis
1564 1340 1735 1396 auctoritate
1757 1343 1899 1399 mundum

146 1429 341 1490 Pectuscutum.
355 1427 491 1493 Quamvis
505 1425 627 1499 singulis
642 1425 756 1497 singula
781 1424 901 1481 nomina
926 1424 994 1481 data
1048 1433 1100 1485 est.
1117 1427 1332 1483 inanimalibus
1345 1427 1540 1498 igitur-moros
1554 1429 1717 1500 pingantur
1736 1429 1898 1500 hominnm,

146 1520 214 1588 sint,
242 1523 310 1589 etc,
337 1532 421 1588 usque
456 1515 495 1572 ad
520 1515 555 1572 de
590 1515 755 1588 pectusculo
791 1513 994 1587 imponebatur
1048 1521 1181 1587 stactus,
1194 1520 1222 1572 et
1237 1517 1407 1584 voluntates,
1438 1532 1472 1573 ex
1497 1516 1603 1589 quibus
1621 1517 1697 1573 liunt
1722 1519 1827 1575 mnndi
1856 1521 1898 1576 rel

147 1606 241 1664 altari.
1049 1605 1203 1662 immundi.

184 1698 263 1752 Vens.
282 1694 460 1753 lu-lneor
476 1694 541 1749 buo.
567 1691 673 1763 aaran.)
695 1689 768 1757 Quia
790 1705 876 1746 amne
898 1705 997 1763 pecca·
1086 1695 1149 1767 llo.)
1163 1693 1239 1749 Dixit
1253 1693 1390 1749 Dominus
1404 1693 1438 1750 ad
1466 1694 1545 1749 Noa:
1577 1695 1660 1752 Omne
1681 1696 1754 1767 quod
1777 1702 1899 1754 ιιιιιιιιι·

146 1790 209 1841 lum
223 1800 276 1857 per
289 1781 489 1856 paenitentiam
503 1781 623 1844 detetur,
638 1785 667 1836 et
681 1780 732 1852 qui
745 1778 914 1852 praedictam
929 1795 996 1852 pec·
1049 1787 1076 1840 at
1087 1785 1167 1854 uiuit,
1180 1785 1233 1839 erit
1245 1782 1321 1838 uobis
1341 1784 1372 1838 ιἰι
1383 1782 1473 1838 cibum
1496 1783 1570 1852 (lim.
1590 1785 1641 1853 rx),
1666 1789 1720 1840 ate.
1742 1786 1773 1841 ln
1796 1787 1898 1843 Genesi

147 1879 243 1931 catum
278 1872 396 1928 allerias
432 1870 570 1926 doctrinae
596 1873 624 1925 et
656 1867 842 1939 blasphemiae
874 1868 995 1924 commi·
1030 1871 1284 1945 qnoquodictnm
1299 1875 1362 1927 est:
1380 1871 1460 1927 Vidit
1483 1873 1554 1928 Deus
1576 1877 1673 1928 cuncta
1695 1889 1754 1945 que
1781 1875 1896 1942 [marat.

148 1966 258 2029 serunt,
273 1960 375 2017 salvati
388 1976 446 2016 non
471 1964 548 2026 sunt,
573 1973 689 2015 causam
709 1959 811 2014 mortis
835 1973 935 2013 eoram
954 1957 994 2012 la·
1048 1964 1074 2015 et
1087 1965 1165 2016 erant
1177 1959 1256 2015 ualde
1272 1959 1341 2015 bona
1353 1958 1432 2032 (Gen.
1450 1959 1480 2031 ι).
1500 1960 1549 2015 llic
1564 1965 1660 2017 autem
1675 1963 1810 2034 qaedam
1829 1980 1897 2036 pro-

147 2051 269 2124 gislator
282 2049 409 2121 exponit.
1048 2048 1194 2117 hibentur,
1210 2048 1288 2102 velut
1300 2048 1386 2116 mala,
1401 2052 1430 2103 et
1446 2047 1597 2105 immunda
1613 2049 1815 2108 decernantur.
1833 2054 1895 2109 Non

181 2141 256 2196 lnter
278 2140 333 2195 ιιι
351 2139 467 2205 burum,
498 2135 605 2191 scilicet
627 2133 695 2208 quia
722 2149 781 2190 aon
808 2135 994 2191 comederunt
1048 2135 1288 2192 sunttamenisla
1311 2136 1455 2192 contraria
1477 2137 1555 2193 sibi:
1583 2144 1704 2194 namet
1729 2140 1896 2198 ludaeorum

146 2227 201 2284 lllii
213 2227 399 2301 Aaronqnod
412 2242 464 2300 pro
483 2229 598 2299 peccato
611 2227 673 2279 erat
692 2223 722 2279 in
747 2223 810 2280 loco
832 2229 941 2292 sancto,
965 2224 993 2280 id
1047 2224 1277 2298 gastrimargiam
1301 2225 1335 2281 ad
1362 2225 1508 2281 modicum
1530 2227 1667 2284 Dominus
1700 2229 1840 2302 reprimit,
1869 2237 1899 2288 et

112 2377 118 2383 ,
147 2321 190 2373 ιιι
206 2316 524 2390 poenitentiampeccati
538 2313 684 2370 commissi
698 2313 730 2368 in
751 2312 870 2369 ecclesia
893 2313 992 2385 peragi
1048 2314 1205 2388 spiritualis
1233 2318 1444 2387 preceptorum
1472 2315 1611 2387 expositio
1635 2317 1736 2390 quales
1774 2316 1898 2375 debeant

146 2421 205 2461 non
225 2405 361 2461 lacerant.
376 2403 486 2471 Quibus
499 2402 555 2459 boc
568 2405 743 2475 praeceptum
757 2405 809 2463 est,
825 2417 898 2473 quos
912 2401 994 2458 Chri·
1047 2417 1109 2459 csse
1123 2401 1248 2459 instruit.
1265 2403 1321 2458 Lex
1331 2403 1410 2459 enim
1426 2402 1637 2459 nutrimentum
1649 2408 1694 2460 ost
1716 2405 1822 2461 animm
1850 2422 1896 2460 ra·

146 2498 207 2550 etos
219 2493 250 2548 in
269 2492 392 2549 Ecclesia
413 2489 533 2546 vicarios
553 2505 620 2545 auos
645 2489 801 2545 constitnit.
826 2489 889 2562 lpse
913 2489 991 2546 enim
1047 2491 1162 2549 lionalis
1181 2491 1391 2548 rationabiliter
1403 2491 1559 2548 intellecta.
1575 2491 1654 2548 Sicut
1667 2496 1765 2549 autem
1794 2494 1825 2550 in
1847 2509 1896 2550 su·

146 2582 298 2638 oblationis
313 2596 372 2636 aum
388 2578 570 2651 sanguinem,
585 2592 650 2650 qam
664 2593 718 2649 pro
736 2582 835 2634 nostro
850 2577 990 2649 sanguina
1047 2580 1206 2655 perioribas
1229 2597 1281 2654 par
1305 2582 1463 2637 oblationes
1491 2580 1623 2653 figuravit
1655 2581 1817 2648 alterantes,
1856 2583 1897 2639 sic

147 2672 309 2735 abluisset,
331 2660 518 2736 incenatum,
534 2666 666 2723 idestin
686 2666 801 2731 coelum,
824 2667 856 2720 in
876 2682 992 2739 conspe·
1047 2684 1124 2726 nnnc
1151 2684 1203 2740 par
1232 2684 1266 2724 ea
1303 2684 1368 2741 quae
1410 2667 1599 2724 comeduntur
1630 2668 1765 2740 exprimit
1798 2685 1895 2725 coma·

144 2763 192 2816 ctu
207 2759 298 2815 Patris
320 2757 433 2815 obtulit.
465 2757 555 2812 Debet
581 2760 678 2811 antem
701 2753 814 2811 comedi
835 2755 889 2810 boc
909 2757 992 2810 sacri·
1047 2756 1156 2815 dentes.

143 2848 221 2904 cium
238 2848 268 2902 in
281 2847 343 2902 loco
359 2851 467 2915 sancto,
490 2844 518 2900 id
541 2849 585 2900 est
604 2843 732 2911 ecclesia,
757 2843 788 2899 in
811 2842 990 2915 propitiatio·
1080 2848 1163 2901 Vnas.
1180 2848 1207 2902 3.
1233 2875 1267 2887 ·-
1288 2845 1370 2902 Omne
1388 2845 1460 2916 quod
1481 2845 1572 2916 babet,
1596 2848 1650 2902 etc.
1683 2846 1773 2916 (tero.)
1801 2846 1835 2902 ln
1853 2847 1895 2918 pi·

143 2954 211 2995 nem
226 2942 420 3009 peccatorum,
441 2932 520 2990 unda
536 2932 640 2989 addit:
668 2931 896 3000 Quemadmodum
917 2948 990 3004 pra·
1008 2945 1029 3002 c
1044 2935 1139 2990 aribus
1168 2933 1310 3006 quidquid
1334 2933 1469 3006 pinnulas
1495 2938 1524 2990 et
1551 2951 1685 3007 masmae
1708 2950 1768 2990 nou
1794 2935 1893 3004 babet,

143 3029 249 3096 acptum
268 3029 308 3080 est
326 3025 405 3091 mibi,
429 3022 525 3078 idest
545 3021 617 3078 sicut
638 3020 774 3093 praecepi.
798 3021 893 3094 lloyes
912 3021 990 3077 enim
1043 3022 1235 3080 abominabile
1248 3026 1292 3078 ast
1307 3039 1314 3078 ι
1331 3039 1432 3095 aspera
1449 3038 1503 3094 pro
1526 3023 1642 3079 mundis
1664 3022 1817 3080 habentur.
1843 3023 1894 3080 tli-

143 3111 219 3184 gerit
241 3126 394 3182 personam
419 3109 534 3166 Christi.
559 3110 697 3164 Exustam
720 3108 837 3181 reperit,
863 3108 932 3181 qnia
958 3109 990 3164 in
1043 3111 1118 3184 epidi
1132 3112 1254 3168 enimet
1267 3110 1382 3180 hirsuti,
1396 3110 1484 3179 ttrmi,
1501 3116 1529 3167 et
1544 3127 1644 3184 graves
1657 3112 1812 3168 hominum
1829 3128 1891 3168 mo·

141 3287 264 3359 Spiritus
292 3286 384 3342 uncti
405 3285 511 3341 oblatio
536 3301 589 3356 pro
613 3286 783 3358 paenitentia
806 3285 901 3342 ablata
935 3291 987 3341 est.
1042 3292 1101 3356 tur,
1126 3288 1232 3361 quibas
1261 3287 1336 3343 leves
1362 3293 1392 3343 et
1412 3286 1526 3356 lubrici,
1549 3288 1658 3344 infirmi
1677 3292 1707 3344 et
1733 3287 1894 3346 effeminati

145 3376 304 3434 Voluntaria
327 3377 399 3431 enim
419 3373 594 3446 peccantibus
624 3389 678 3430 non
703 3376 867 3446 relinquitur
899 3375 990 3430 boetio
1042 3392 1136 3434 mores
1164 3376 1349 3449 adiiciuntur.
1377 3377 1515 3433 Piunulas
1540 3393 1658 3451 quoque
1680 3377 1833 3451 conjungit
1862 3383 1894 3435 et

139 3468 308 3537 prapacaato
322 3464 449 3534 (lioba).
466 3463 537 3519 Nam
560 3463 633 3519 sicut
656 3479 723 3519 vera
746 3462 918 3536 poenitentia
940 3478 987 3518 ra·
1041 3480 1195 3538 squamas;
1224 3465 1388 3538 quicunque
1416 3465 1496 3521 anim
1527 3466 1619 3539 pisces
1638 3465 1752 3538 pinnati
1774 3473 1842 3523 sant
1865 3473 1894 3523 et

139 3553 219 3610 niam
232 3556 424 3625 promeretur,
441 3551 482 3606 ita
505 3550 638 3608 simulata
662 3553 753 3607 licum
777 3551 895 3607 irritat:
923 3554 989 3624 quia
1040 3554 1197 3626 squamosi.
1212 3552 1242 3610 Si
1256 3552 1362 3625 quibus
1378 3553 1543 3625 ignorantia
1566 3553 1768 3622 minothaea,
1792 3554 1839 3610 bis
1862 3560 1891 3612 el

140 3643 262 3712 Spiritus
282 3644 391 3696 sanctus
412 3638 566 3710 disciptinas
589 3639 701 3709 offuoiet
726 3641 820 3710 lictum
851 3639 929 3710 (sap.
957 3639 987 3711 ι).
1041 3643 1167 3715 cognitio
1182 3641 1312 3698 sublimis
1327 3643 1427 3697 atrita
1446 3642 1591 3699 caelestis:
1619 3643 1671 3716 qui
1696 3647 1794 3699 autem
1821 3643 1893 3700 tales

141 3729 200 3785 lloc
213 3732 310 3784 antam
334 3727 425 3783 sancti
447 3728 545 3784 Patres
559 3726 757 3783 irremissibile
778 3730 936 3799 peccatam,
960 3733 989 3783 at
1040 3747 1099 3788 non
1114 3736 1190 3797 sunl.
1206 3746 1272 3786 cum
1287 3731 1332 3785 bis
1345 3731 1507 3788 nescibam
1522 3747 1647 3787 sumere.

140 3813 348 3888 blasphemiam
362 3813 394 3871 ia
407 3814 546 3886 Spiritum
564 3819 694 3870 sanctum
706 3813 851 3882 dixerunt,
874 3814 905 3871 in
926 3832 987 3871 sce·
1076 3820 1226 3877 lloratitcr.
1242 3818 1351 3890 (Geso.)
1367 3819 1461 3876 Pisces
1489 3820 1541 3893 qui
1568 3819 1705 3893 pinnulas
1729 3820 1839 3878 habent
1862 3825 1891 3877 st

140 3904 349 3977 leribasusquc
364 3903 400 3961 ad
418 3905 507 3961 tinem
527 3904 593 3959 ritae
619 3919 813 3976 perseverare,
838 3903 874 3960 de
897 3907 987 3960 salute
1040 3923 1185 3981 squamas,
1198 3907 1267 3964 dare
1281 3908 1372 3964 saltus
1387 3923 1473 3981 saper
1486 3923 1576 3981 aquas
1588 3909 1690 3965 solent.
1707 3910 1740 3966 ln
1763 3908 1892 3983 pinnatis

139 3993 367 4065 suadesperare,
383 3993 418 4050 de
438 3992 568 4066 potentia
590 3996 619 4049 ct
644 3992 841 4050 misericordia
864 3993 985 4050 Redem-
1039 4013 1110 4069 ergo
1124 3996 1251 4069 piscibus
1265 3996 1481 4054 alectmanimes
1494 3998 1665 4069 ligurantur,
1681 4013 1747 4070 qam
1770 4000 1842 4056 solm
1859 4000 1889 4057 ia

138 4082 382 4155 plarisdillldere.
1038 4085 1160 4143 caelestis
1186 4084 1316 4141 Ecclesia
1343 4102 1446 4158 corpus
1474 4092 1644 4154 transeuat3
1673 4102 1739 4159 quas
1762 4088 1891 4160 pinnulis

116 4221 123 4233 ‚
173 4171 334 4243 (honnus.)
351 4172 414 4227 Non
429 4186 545 4243 peccam
560 4171 649 4227 sabas
663 4171 713 4228 liei
732 4176 785 4243 est,
805 4175 877 4242 ιιι,
901 4185 985 4244 usquc
1036 4177 1176 4232 virtutum
1194 4174 1273 4230 tultae
1302 4191 1353 4247 per
1376 4178 1489 4232 coeleste
1512 4175 1687 4232 desiderium
1716 4177 1826 4233 saliunt
1853 4180 1889 4235 ad

138 4259 177 4318 ad
189 4260 246 4317 nisi
257 4276 357 4316 verum
370 4264 399 4316 et
411 4260 565 4316 sincerum.
1005 4245 1321 4337 ι)ιοιιιιιιιριιιιίοιιιιιι,
1334 4264 1465 4335 quamvis
1475 4264 1506 4320 in
1520 4281 1550 4318 se
1567 4264 1734 4321 relabantur
1759 4282 1812 4338 per
1830 4283 1890 4323 car·

174 4349 266 4420 (Aua,
279 4354 374 4422 quaest.
391 4350 469 4405 ltin
491 4347 590 4421 benit.)
614 4349 688 4406 Sane
709 4348 849 4422 quoniam
870 4365 919 4405 sex
941 4364 984 4421 pe·
1040 4351 1086 4407 nis
1099 4350 1293 4423 fragilitatem.
1310 4349 1367 4406 Soli
1382 4367 1451 4423 ergo
1463 4350 1495 4407 in
1506 4352 1665 4417 electorum
1678 4368 1782 4424 corpus
1807 4355 1890 4427 quasi

139 4454 205 4495 cora
219 4437 533 4511 precipirmturotlerri
547 4452 600 4509 pro
614 4437 731 4510 populo,
752 4441 818 4506 etc„
841 4453 925 4511 usque
949 4437 987 4493 ad
1040 4439 1120 4495 cibus
1147 4439 1253 4494 electus
1281 4443 1441 4507 transeunt,
1456 4438 1523 4511 *qui
1551 4438 1620 4495 dam
1651 4439 1719 4495 imis
1747 4442 1886 4512 serviunt,

139 4543 206 4599 qum
221 4525 318 4582 omnia
331 4525 445 4582 lucrant
458 4529 649 4599 propeccato.
770 4567 774 4573 .
1040 4527 1145 4584 mentis
1161 4527 1280 4582 saltibus
1294 4542 1419 4601 superna
1430 4529 1636 4595 conscendunt,
1662 4543 1698 4583 ae
1720 4544 1837 4602 semper
1859 4531 1890 4588 in

174 4614 769 4685 vans.ls.-uasponaaeoon,stc.1n
788 4630 912 4687 persona
936 4616 985 4672 Ea·
1039 4615 1191 4689 profundis
1219 4630 1355 4670 curarum
1385 4615 1504 4683 lateant,
1544 4615 1592 4670 abi
1634 4615 1747 4672 nullam
1784 4617 1891 4673 amoris

139 4704 244 4768 clesim,
261 4703 342 4776 cujas
357 4703 482 4775 liguram
496 4703 582 4776 gerit,
596 4702 670 4758 sicut
687 4707 717 4759 et
742 4702 857 4771 Christi,
874 4703 988 4759 videtur
1040 4703 1158 4772 summi,
1174 4703 1256 4776 quasi
1270 4703 1355 4759 liberi
1369 4705 1454 4772 aeris,
1469 4720 1568 4760 curam
1589 4704 1708 4760 babent.
1737 4703 1793 4771 Qui
1819 4720 1889 4776 argo

139 4799 235 4850 Aaron
253 4793 348 4850 dicere
363 4793 428 4848 boc.
444 4791 541 4859 Quasi,
556 4791 625 4865 qnia
635 4796 701 4865 past
713 4791 868 4848 adventum
892 4792 988 4848 Salsa-
1038 4792 1125 4851 rebus
1138 4792 1344 4865 temporalibus
1358 4799 1545 4865 occupantur,
1568 4797 1637 4849 tunc
1651 4794 1725 4849 bene
1748 4793 1892 4850 exteriora

138 4881 208 4937 toris
237 4880 365 4954 deputati
392 4884 459 4936 sunt
485 4880 660 4949 ministrare,
682 4885 711 4936 et
730 4896 784 4952 pro
821 4880 988 4952 paenitentia
1040 4881 1207 4954 disponant,
1222 4896 1288 4937 cnm
1303 4881 1422 4937 sollicita
1437 4882 1473 4937 ad
1494 4881 1633 4937 interiora
1656 4881 1815 4954 retugium,
1840 4896 1891 4937 nec

139 4967 253 5037 offerre,
268 4968 506 5041 etpropheticam
519 4969 608 5025 ritem
623 4984 782 5039 exponere;
797 4968 888 5025 Aliter
904 4984 912 5024 ι
930 4969 987 5024 ιιι·
1039 4970 1265 5043 perturbationis
1288 4971 1424 5042 strepitus
1447 4970 1582 5041 diliguat,
1608 4970 1657 5025 sed
1684 4971 1760 5042 apud
1784 4975 1889 5026 semet·

139 5057 396 5129 centesperierunt
410 5061 439 5112 et
458 5056 489 5113 in
511 5056 553 5112 eis
573 5057 636 5112 bmc
658 5055 789 5112 Ecclesiae
811 5055 986 5126 acciderunt,
1040 5059 1119 5131 ipsos
1133 5057 1210 5114 inlus
1224 5057 1255 5113 in
1269 5057 1486 5130 tranquillitatis
1501 5057 1565 5112 sinu
1580 5057 1775 5128 requiescunt.

141 5149 174 5200 ut
187 5144 366 5201 sacerdotum
382 5149 411 5200 at
425 5145 627 5217 magistrorum
638 5145 751 5218 lugeret
764 5149 897 5212 mortem,
910 5145 987 5201 unda
1077 5148 1159 5202 Vens.
1178 5149 1220 5202 ιθ.
1236 5175 1270 5190 -
1293 5146 1434 5216 Quidquid
1460 5145 1602 5217 pinnulas,
1619 5152 1673 5203 etc.
1701 5147 1775 5203 Sunt
1800 5147 1889 5204 etiam

139 5232 388 5290 comederahodie
401 5249 453 5306 pro
468 5238 583 5304 peccato
596 5249 657 5290 non
674 5232 777 5306 potuit,
802 5248 856 5290 aec
879 5248 985 5289 orare:
1040 5232 1132 5305 pisces
1156 5239 1258 5289 testam
1278 5250 1331 5306 pro
1357 5234 1432 5305 pelle
1451 5233 1599 5301 babentes,
1624 5250 1748 5306 quornm
1771 5251 1891 5307 squama

29 5355 34 5367 ·
142 5321 263 5378 Domino
277 5328 373 5378 aulem
387 5321 566 5393 displicebat.
1041 5320 1148 5378 auferri
1171 5337 1229 5377 non
1249 5325 1353 5393 potest,
1379 5321 1448 5394 qula
1477 5337 1529 5378 nac
1556 5322 1644 5378 verbo
1675 5323 1726 5378 bei
1754 5339 1890 5397 squamas

179 5409 270 5482 (Aua.)
285 5409 434 5482 lteapoudil
451 5410 556 5481 daron,
579 5414 632 5466 alc.
657 5410 688 5467 Si
707 5409 794 5467 hodie
820 5409 988 5467 obtulerunt
1039 5411 1210 5483 ignorantias
1235 5410 1396 5484 deponunt,
1418 5427 1471 5468 nec
1498 5412 1623 5468 cultram
1655 5411 1772 5485 spiritus
1802 5413 1890 5469 susci·

139 5515 207 5573 qam
220 5515 272 5573 pro
286 5504 403 5572 peccato
422 5498 538 5555 illomm
562 5503 638 5567 sunt,
654 5503 719 5566 ιιι..
738 5509 822 5570 usque
842 5499 903 5555 ad:
930 5499 987 5554 lloc
1040 5499 1126 5572 plant
1140 5515 1148 5557 ι
1163 5505 1193 5557 ιι
1206 5500 1336 5571 quamvis
1349 5499 1380 5556 in
1392 5499 1467 5557 mari
1479 5499 1617 5573 baptismi
1629 5500 1825 5571 inveniantur,
1845 5502 1890 5559 eet
