3892 6106
495 279 622 336 cnossi
640 279 839 336 ollblrlnllln.
860 310 893 319 —
915 281 976 335 ulls.
998 280 1204 337 stelenum.
1655 288 1722 343 llbn

74 405 194 471 nantes,
211 404 243 457 ut
254 402 522 474 cognoscantimpii
535 402 613 475 qoud
632 403 726 459 omnis
740 418 818 459 crea·
834 406 858 460 Α
877 420 907 459 sc
921 402 1034 459 extollit
1048 403 1212 475 cogitando,
1227 421 1293 462 cum
1309 422 1435 480 possess
1451 411 1558 480 sperat,
1581 409 1658 480 quod
1675 411 1719 465 ei-

74 495 146 545 nata
160 493 204 545 est
219 489 463 562 ulcisciinjuriam
479 491 630 547 creatoris.
872 493 958 549 licere
972 509 1030 549 uon
1059 497 1152 566 potest
1180 495 1224 549 rel
1243 495 1351 567 possit:
1373 501 1401 551 et
1419 495 1488 551 dum
1510 495 1599 552 rirtus
1623 497 1719 553 minor

74 580 150 635 ΗΟ,
182 581 284 634 -Pro
308 580 417 649 quibus,
445 586 498 635 etc.
526 581 619 653 (Rau.)
649 582 681 637 ln
707 580 819 636 deserto
873 586 925 650 est,
939 581 1073 637 valetudo
1087 581 1281 655 rerum'quas
1303 584 1478 640 extrinsecus
1505 585 1624 657 patitur,
1657 603 1719 642 ma·

85 672 129 722 est
144 683 250 722 manua
264 667 330 722 liliis
354 669 451 735 lsrael,
474 674 541 733 etc,
557 684 642 739 aspere
667 669 705 724 od
731 671 819 725 liutto
870 670 1135 743 jorempntatesse
1159 672 1330 742 potentiam,
1357 672 1410 728 boc
1437 671 1467 727 in
1487 675 1721 745 persecutoribus

74 759 249 827 rpeccoteris,
265 760 418 826 sperantem
441 762 530 813 antem
545 760 574 813 in
601 760 713 814 Domino
738 759 818 814 mire·
873 758 1001 814 tidelium
1026 759 1192 831 frequenter
1216 761 1311 816 evenit
1345 760 1447 833 quise
1483 766 1614 833 potentes
1643 764 1719 819 aesti·

74 845 286 902 nctroumdnbr't
300 847 386 916 (Paul.
404 846 488 911 xxxi).
873 852 1176 916 maut,cun1sanctos
1203 849 1340 918 cruciant,
1368 849 1496 920 putentia
1518 866 1619 905 eururu
1644 850 1720 920 vieti,

74 951 87 990 r.
113 937 207 989 25.-
233 936 365 992 Creetnru
383 937 464 1002 elsim,
481 941 534 989 etc.
564 935 657 1007 (Rae.)
686 934 819 990 Conlun-
875 935 1120 1006 mentisungustie
1135 936 1296 992 contristati
1309 944 1486 1007 cognoscunt
1500 955 1529 993 se
1551 955 1611 993 non
1637 954 1721 1010 posse

74 1022 139 1078 ·lric
154 1030 337 1094 peccatores:
354 1024 403 1096 qul
419 1040 484 1079 cum
499 1030 609 1080 eastern
624 1029 762 1079 creaturae
775 1025 821 1078 ta·
875 1025 952 1096 quod
967 1024 1121 1098 cupiebant
1138 1030 1166 1080 et
1186 1025 1325 1096 mojorem
1350 1043 1411 1081 esse
1439 1025 1639 1082 tortitudinem
1671 1026 1720 1082 ltei

73 1112 290 1178 uodeserriant,
308 1112 362 1183 ipsi
381 1119 554 1185 repugnant.
581 1113 659 1169 Unde
675 1118 819 1169 creatura·
875 1113 924 1184 qui
937 1114 977 1168 sic
993 1112 1119 1169 rincitin
1131 1113 1272 1168 militibus
1287 1114 1356 1169 suis.

74 1200 821 1274 mniumconcordiallagellantur:etsinonpoeui·
911 1202 993 1258 Vens.
1013 1204 1054 1257 la.
1083 1232 1113 1243 -
1141 1204 1187 1257 illi
1211 1206 1377 1270 ontem,etc.
1399 1202 1490 1275 (Rau.)
1510 1202 1635 1276 AEgyptii
1665 1203 1720 1259 sci·

74 1293 92 1358 t,
117 1293 257 1360 perpetuo
286 1289 506 1359 cruciabuntur3
532 1290 615 1346 bonis
630 1295 726 1346 autem
754 1305 821 1345 rere
876 1290 941 1346 licet
956 1291 1075 1346 horrore
1102 1291 1285 1347 tenebrarum
1301 1291 1479 1360 circumdati,
1496 1296 1560 1358 ete..
1576 1308 1661 1364 nsque
1683 1293 1721 1348 cd

74 1382 272 1448 imperantur.
876 1385 1012 1451 unquam
1025 1379 1214 1452 periculosum
1227 1379 1428 1436 formidabant.

74 1484 91 1522 ι.
107 1468 151 1521 25.
170 1496 205 1506 -
227 1468 342 1537 Propter
369 1468 425 1533 troo,
460 1470 513 1522 ele.
534 1466 626 1539 (Rau.)
651 1466 727 1523 Pluil
748 1468 822 1523 [leus
912 1469 994 1523 Vsus.
1031 1470 1073 1524 le.
1102 1500 1136 1508 -
1162 1468 1254 1526 Omnis
1287 1470 1357 1523 enim
1394 1469 1477 1524 orbis.
1505 1468 1613 1534 Quasi:
1639 1469 1721 1542 impii

74 1556 130 1612 ide
150 1556 231 1621 coelo,
248 1560 413 1627 elc.,nsqne
436 1557 622 1629 adtanquam
651 1558 821 1630 prevarica·
876 1562 959 1610 erant
985 1555 1172 1624 intenebris,
1205 1556 1255 1612 sed
1286 1557 1449 1629 ubicunque
1478 1557 1646 1613 habitabant
1669 1558 1722 1613 lilii

74 1641 144 1712 ,isin
158 1648 299 1698 [eternum
315 1643 431 1714 peribit.
876 1644 973 1712 lsrael,
990 1645 1038 1700 lux
1053 1650 1124 1701 erat.

74 1735 156 1788 sbti.
175 1763 207 1774 -
238 1735 270 1788 b't
298 1737 391 1789 notum
416 1732 614 1799 omnibusetc.
641 1732 734 1804 (Rae.)
766 1735 821 1790 lste
914 1733 997 1790 Vens.
1026 1737 1071 1790 20.
1092 1765 1126 1775 -
1152 1737 1244 1803 incon
1272 1735 1451 1790 tenebrarum.
1482 1735 1628 1791 Graviores
1656 1739 1724 1792 sunt

74 1821 254 1877 nistorialitcr
268 1821 413 1892 pascebat,
433 1828 497 1890 etc,
514 1837 597 1892 nsque
613 1821 651 1876 nd
667 1822 702 1877 ud
727 1828 823 1879 ortum
879 1822 1008 1878 tenebras
1028 1823 1192 1895 spirituales
1215 1823 1410 1896 corporalibus
1422 1839 1429 1890 ;
1442 1823 1511 1895 quia
1534 1822 1642 1879 ducunt
1673 1825 1723 1880 bo·

74 1909 143 1978 solis,
170 1909 198 1964 id
222 1916 273 1977 est,
297 1910 401 1966 Christi
431 1911 576 1966 dicamus:
607 1911 727 1968 Verbum
758 1928 821 1969 euro
879 1911 971 1966 mines
986 1910 1187 1967 adexteriores
1203 1911 1344 1979 tenebras,
1361 1911 1409 1967 nbi
1424 1912 1479 1966 erit
1494 1914 1577 1966 lletus
1601 1919 1630 1968 et
1657 1913 1723 1967 stri·

74 2002 141 2066 lest,
157 2002 182 2053 ct
197 1999 333 2054 habitarit
349 2000 477 2054 innubis.
880 1998 1080 2068 deruentium,
1098 2015 1169 2070 quas
1195 2000 1336 2072 AEgyptiee
1357 2001 1484 2056 tenebrae
1506 2000 1640 2074 figurant.
1664 2001 1723 2057 Sie-

880 2088 1489 2248 lslrnen.¹*‘.¹.¹¹·:l.⁰.n⁰.en
1508 2090 1621 2233 lez
1634 2092 1727 2234 lt

74 2278 94 2318 s.
112 2266 187 2318 1.-
212 2264 315 2332 linono
339 2265 419 2319 mim.
449 2265 544 2336 (Rau.)
572 2264 694 2337 blystiee.
721 2269 826 2324 Omnes
882 2271 1004 2332 nautur3
1031 2265 1149 2321 ubinec
1179 2265 1261 2332 ratio,
1283 2281 1336 2320 nec
1358 2266 1447 2335 locus,
1473 2270 1655 2338 uectempus
1683 2273 1726 2322 est

74 2355 175 2406 :utores
192 2351 322 2406 Ecclesiae
346 2351 461 2417 Christi,
476 2353 617 2408 scelerum
643 2370 761 2410 suorum
784 2361 826 2412 le·
882 2353 1030 2427 operandi.

74 2438 256 2511 spatiuntur,
273 2455 326 2494 nec
344 2455 475 2511 nuquam
503 2442 594 2496 securi
624 2459 685 2497 esse
707 2451 828 2515 possunt
1192 2425 1304 2481 CAPUT
1318 2423 1409 2480 dvm·

74 2531 169 2582 rurant
187 2532 312 2582 molares
335 2529 520 2584 tenebrarum
548 2529 650 2586 harum
680 2532 826 2604 usquead
919 2532 998 2586 l'ens.
1025 2535 1048 2586 l.
1078 2560 1112 2572 -
1141 2532 1249 2587 Sanctis
1268 2537 1357 2587 annm
1381 2533 1445 2586 tuis.
1467 2531 1557 2602 (Rau.)
1584 2528 1721 2585 israelite

74 2631 136 2671 ures
150 2615 293 2682 tenebras,
315 2616 365 2672 ubi
377 2617 431 2672 erit
455 2620 539 2673 lletus
568 2628 597 2675 et
624 2619 730 2675 stridor
757 2620 826 2675 den·
880 2619 910 2674 in
923 2621 1053 2692 AEgypto,
1068 2624 1135 2689 etc,
1158 2635 1243 2690 nsque
1257 2621 1294 2674 ad
1308 2619 1339 2674 in
1354 2619 1500 2699 prosperis
1515 2624 1546 2674 et
1566 2619 1597 2674 in
1622 2618 1724 2674 adrer-

84 2704 182 2759 unde:
203 2705 296 2761 Omnis
310 2708 359 2775 qni
383 2707 452 2761 mule
471 2710 541 2775 epit,
567 2708 625 2762 odit
633 2709 720 2762 lacem
740 2709 825 2776 (tuere.
884 2707 921 2762 sis
931 2708 1065 2780 protegit.

74 2797 122 2848 ete.
149 2793 220 2847 ilino
248 2794 374 2849 Paulus:
407 2795 501 2849 Erotis
532 2795 683 2864 aliquando
704 2796 827 2861 tenebra,
918 2796 1035 2851 Versa.
1053 2795 1313 2864 -ltr'pnlqur'dem,
1329 2799 1382 2850 etc.
1399 2797 1490 2865 (aaa.)
1507 2794 1616 2850 lleritio
1642 2797 1727 2866 AEgy·

74 2886 155 2936 sutem
165 2882 214 2936 lun
225 2882 255 2935 tn
271 2884 381 2937 bomine
395 2885 505 2952 (Eptes.
523 2884 558 2951 r),
572 2888 627 2938 etc.
882 2884 936 2957 ptii
950 2884 1132 2939 tenebrarum
1148 2898 1263 2955 poenam
1281 2882 1474 2955 patiebantur,
1496 2887 1567 2948 etc.,
1592 2881 1727 2952 usquead

75 2970 140 3027 ab.
162 2998 190 3010 -
217 2972 309 3041 Neque
328 2973 413 3026 enirn.
445 2972 564 3042 Semper
591 2971 669 3026 enim
697 2973 864 3032 tenebresc
883 2973 964 3044 cujus
980 2972 1105 3043 mysterii
1122 2973 1194 3027 ratio
1210 2972 1240 3027 iu
1255 2971 1381 3043 antiquis
1400 2970 1529 3043 patribus
1541 2970 1675 3042 llgurata,
1700 2974 1729 3024 et

74 3061 137 3111 etur
150 3057 253 3111 horror
269 3074 276 3111 :
298 3061 327 3111 et
340 3062 447 3128 quanto
471 3059 568 3112 suiuus
591 3058 726 3114 discernit
751 3058 828 3130 quis,
882 3062 912 3116 in
925 3061 1049 3117 adventu
1064 3059 1167 3116 Christi
1179 3061 1384 3131 completaest.

75 3143 261 3208 ircascsnnt,
279 3149 356 3199 tauto
376 3145 469 3216 magis
500 3146 610 3213 metuit,
626 3146 753 3219 undique
777 3146 829 3202 ad·
930 3152 1011 3206 Vens.
1039 3155 1065 3205 tl.
1088 3181 1119 3190 -
1150 3149 1287 3205 Absccnse
1314 3152 1384 3205 enim
1404 3146 1727 3220 sacrificabunt-(Rae.)

77 3233 214 3304 pavitans.
245 3232 290 3288 Sic
318 3233 440 3305 AEgyptii
462 3233 554 3289 triduo
584 3233 722 3290 maximas
748 3240 828 3290 tene·
885 3239 1010 3311 Populus
1036 3238 1120 3293 lsrael
1137 3237 1166 3293 in
1183 3236 1305 3309 AEgypto
1319 3238 1401 3309 jussu
1418 3236 1532 3292 Domini
1547 3235 1654 3292 Pascha
1686 3250 1729 3290 ce·

74 3320 256 3388 satiebantur,
271 3337 342 3392 quas
357 3338 410 3377 nec
428 3324 480 3389 sol,
508 3338 561 3377 nec
584 3323 675 3378 stellas
696 3328 830 3395 poterant
884 3328 1015 3396 labraril,
1043 3334 1109 3394 etc,
1142 3342 1226 3399 usqne
1249 3326 1287 3381 nd
1310 3325 1358 3380 sed
1387 3325 1417 3379 iu
1443 3323 1610 3379 abscondito
1636 3322 1730 3379 cordis

77 3410 520 3482 nare,etubicunqnejaeebant,
544 3411 634 3467 nimio
655 3416 764 3468 terrore
779 3429 829 3485 pa·
884 3431 999 3487 semper
1033 3415 1155 3471 Domino
1176 3414 1346 3479 sacrificant,
1369 3412 1466 3469 unde:
1490 3412 1662 3480 Socriltcr'nm
1678 3411 1730 3464 ileo

76 3502 105 3567 ἐς
121 3499 199 3572 quod
214 3504 311 3554 autem
327 3498 405 3555 dicit.
423 3502 523 3556 trister
538 3516 668 3571 personas
692 3516 741 3556 eos
769 3506 827 3556 ter·
884 3506 999 3575 spiritns
1024 3503 1220 3560 contribulatus
1264 3504 1346 3574 (Paul.
1374 3502 1413 3572 a).
1444 3502 1477 3557 Et
1499 3499 1592 3556 alibi:
1630 3499 1662 3553 ln
1691 3512 1732 3552 nse

74 3612 86 3656 ε,
101 3588 194 3660 potuit
209 3589 487 3655 lieri,utdaenrones
504 3588 602 3661 aliqua
629 3590 831 3662 phantasmata
884 3598 958 3665 arent,
985 3592 1068 3653 Dans.
1092 3596 1155 3647 notu
1179 3597 1226 3646 lna
1242 3592 1327 3661 (Paul.
1349 3591 1401 3655 nr),
1428 3595 1481 3645 etc.
1504 3590 1565 3656 (lo.)
1595 3588 1731 3643 llemorat

74 3679 160 3744 erent,
176 3675 226 3748 qui
241 3693 291 3732 eos
302 3677 340 3732 ad
352 3682 541 3748 augmentum
565 3693 715 3750 poenarum
741 3682 833 3733 exter·
887 3682 976 3736 neum
989 3679 1163 3752 percussisse
1181 3678 1372 3749 primogenita
1386 3677 1508 3748 AEgypti,
1525 3675 1573 3730 ubl
1590 3690 1643 3729 nec
1659 3673 1732 3728 sieut

74 3768 93 3819 t.
110 3765 308 3820 Persecutores
331 3780 446 3837 qunque
461 3765 528 3820 lidei
558 3770 586 3820 et
614 3765 749 3834 veritatis,
779 3766 831 3820 cir·
885 3767 965 3839 prius
991 3766 1198 3821 simulaverunt
1224 3763 1360 3835 AEgyptii,
1389 3762 1437 3816 sed
1464 3762 1561 3833 palam
1592 3759 1732 3832 cogebant

74 3857 124 3908 ant
135 3854 261 3908 tenebrae
276 3859 470 3924 peccatorum,
488 3853 556 3925 quia
584 3853 720 3923 ignorant
741 3854 832 3910 sulem
886 3855 962 3911 exire
996 3855 1135 3926 populum
1178 3852 1228 3907 llei
1267 3852 1417 3906 diceutes:
1455 3850 1551 3905 Omnes
1586 3849 1732 3903 moriemur

74 3939 116 4008 ise,
129 3956 181 3996 nee
206 3940 409 4012 predicatores
423 3941 566 3995 illustrant
581 3957 628 3996 eos
646 3941 759 4014 fulgore
785 3942 833 3997 do·
887 3942 985 4015 (Euod.
1001 3942 1050 4014 xl).

74 4044 99 4084 e.
114 4029 387 4085 ltosetiamsonttus
416 4029 587 4097 descendens,
602 4029 631 4085 id
646 4033 689 4084 est
713 4028 832 4086 commi·
922 4033 1002 4087 Vsus.
1031 4034 1072 4086 15.
1102 4060 1137 4071 -
1165 4030 1338 4098 Omrripotens
1364 4041 1451 4084 sermo
1479 4030 1550 4082 tuns.
1581 4023 1670 4080 Filius
1695 4022 1730 4078 de

80 4117 202 4173 coelestis
217 4118 376 4190 perturbat,
406 4124 435 4172 et
462 4133 582 4189 persone
608 4120 711 4185 tristes,
734 4118 763 4175 id
791 4121 834 4172 est
888 4119 1130 4193 quodiciturzln
1146 4118 1282 4188 peramplo
1300 4120 1359 4173 erut
1377 4116 1493 4175 Verbum
1507 4115 1600 4185 (toan.
1617 4115 1650 4184 ι),
1664 4117 1730 4178 etc,

74 4221 143 4272 ines,
158 4206 330 4279 quandoque
349 4213 428 4262 tortu
450 4206 622 4273 terrificant3
652 4224 704 4263 uec
734 4212 829 4261 umen
887 4209 933 4265 bic
943 4207 1131 4264 brachiumet
1147 4206 1265 4261 dextera
1279 4204 1601 4277 nominaturzprupter
1623 4199 1730 4257 ellecti-

74 4294 231 4350 ·,fructuose
246 4295 469 4366 poeniteutiam:
492 4297 542 4352 sed
569 4295 751 4369 desperantes
770 4265 868 4351 the-⁰
888 4312 952 4351 ram
966 4295 1068 4352 dirioae
1083 4295 1194 4350 virtutis
1213 4294 1382 4366 potentiam,
1399 4293 1445 4350 bic
1472 4298 1540 4348 tunc
1558 4306 1611 4363 per
1636 4289 1732 4360 angeli

74 4387 132 4439 rant
146 4383 201 4438 sibi
216 4384 289 4439 iram
305 4384 335 4439 in
351 4384 397 4439 die
409 4384 521 4456 judicii.
886 4382 1079 4439 ministerium
1090 4381 1199 4453 judicie
1212 4397 1265 4436 sua
1289 4382 1356 4438 tecit
1374 4381 1404 4437 iu
1426 4379 1630 4453 primogenitis
1644 4380 1730 4449 AEgy-

74 4488 104 4529 rs.
133 4475 159 4527 b.
182 4503 215 4512 -
244 4474 333 4528 Timor
354 4474 461 4542 plerane.
491 4473 563 4539 Quia
586 4470 713 4544 nudique
735 4489 833 4542 poenas
886 4471 1025 4544 ptiorum,
1041 4470 1488 4544 qiripostmodumsanctitlcarit
1504 4469 1559 4525 sibi
1584 4470 1731 4541 primoge-

74 4559 189 4615 dabant.
214 4561 325 4625 Quanto
348 4561 426 4616 enim
440 4566 507 4616 sunt
534 4561 678 4634 graviores
708 4561 831 4628 dolores,
887 4561 962 4616 nitus
978 4560 1118 4616 llebraeos.
1136 4561 1217 4616 Nunc
1226 4576 1340 4632 quoque
1355 4574 1406 4632 per
1416 4575 1520 4631 equam
1529 4556 1665 4630 baptismi
1675 4556 1729 4611 sal·

82 4636 206 4716 maJ'ores
218 4648 357 4702 timentur
369 4648 512 4704 horrores.
887 4655 935 4706 rat
947 4649 1161 4727 multitudinem
1181 4649 1370 4717 credentium,
1396 4653 1425 4703 et
1439 4647 1576 4703 interficit
1603 4645 1732 4701 multitu·

74 4737 184 4805 muniere
198 4738 279 4803 ortis,
296 4742 349 4791 ele.
366 4735 540 4808 (nasicam
557 4735 630 4808 blagi
649 4735 680 4791 in
701 4738 831 4809 AEgyplo,
887 4739 985 4796 dinem
996 4739 1190 4812 spiritualium
1204 4738 1340 4795 hostium.

74 4838 154 4895 nsque
169 4823 206 4879 nat
222 4829 250 4878 et
273 4824 425 4896 antiquum
444 4829 607 4896 serpentem
631 4840 698 4880 cum
724 4824 833 4897 angelis
922 4829 1004 4884 Vsus.
1021 4830 1064 4884 tt.
1088 4859 1122 4868 —
1139 4829 1270 4884 Visiones.
1286 4825 1377 4898 (Rae.)
1394 4827 1452 4881 lloc
1470 4824 1575 4881 divinas
1597 4822 1732 4879 bonitatis

74 4927 163 4966 aevum
179 4912 495 4984 patienterinimicum.
887 4921 940 4985 est,
958 4932 1023 4989 quas
1049 4921 1198 4987 peccantes
1222 4915 1341 4987 castigat
1360 4919 1392 4970 nt
1415 4912 1587 4980 abstineant,
1618 4916 1646 4967 et
1670 4926 1730 4983 pm·

74 5016 101 5055 rs.
119 5004 145 5057 9.
167 5030 199 5044 -
218 5003 255 5057 Et
269 5018 369 5072 onem,
382 5007 439 5058 etc.
471 5002 561 5073 (Rae.)
592 5000 774 5056 Nimietatem
801 5000 834 5057 ti·
886 5005 1039 5061 nitentium
1055 5010 1148 5077 agant
1166 5004 1196 5060 Si
1210 5008 1308 5059 autern
1326 5003 1466 5076 patientia
1494 5002 1731 5066 Deisbutuntur,

74 5109 76 5139 r
90 5094 180 5158 notat,
193 5106 278 5162 quem
291 5089 511 5146 imminentibus
535 5089 628 5162 poeuis
641 5089 833 5161 redarguente
887 5094 949 5150 sine
961 5092 1144 5150 excusatione
1160 5092 1190 5148 iu
1201 5097 1341 5148 aeternum
1355 5092 1522 5164 punientur.

73 5176 161 5233 ientia
186 5178 346 5250 patiuntur,
380 5194 445 5234 cunr
474 5183 570 5233 sutem
598 5193 713 5250 semper
734 5177 834 5233 timida
925 5183 1066 5239 racemo.
1085 5211 1120 5223 -
1144 5183 1244 5251 Tetigit
1267 5186 1357 5237 antem
1384 5185 1447 5237 tunc
1473 5185 1499 5236 et
1521 5180 1621 5250 justos.
1639 5178 1731 5249 (Rue.)

76 5265 127 5334 tie,
144 5266 259 5339 pararis
287 5267 332 5321 sni
347 5266 395 5322 dat
422 5266 573 5333 indicium,
601 5267 742 5339 supplicio
768 5283 833 5322 con·
888 5272 1035 5336 Memorat,
1051 5274 1117 5335 etc„
1145 5284 1231 5339 tuque
1249 5270 1287 5324 od
1301 5284 1353 5341 per
1367 5285 1440 5342 quos
1465 5266 1616 5323 interitum
1643 5265 1733 5339 possi·

73 5360 119 5411 ata
135 5361 185 5410 est.
888 5371 952 5412 mus
966 5355 1095 5412 eredere.

74 5460 109 5498 rs.
142 5447 181 5499 ll.
208 5472 242 5485 -
270 5443 400 5508 Proditis,
426 5449 480 5500 etc.
505 5444 603 5500 Timor
617 5443 724 5501 scilicet
737 5444 834 5517 prodit
923 5446 1002 5501 Vens.
1018 5445 1329 5500 tl.-lrroestenrlm
1346 5443 1465 5514 porteris.
1495 5444 1588 5516 (llas.)
1612 5444 1733 5515 byssum

74 5532 182 5587 ritatem
195 5531 394 5603 superbientis,
420 5533 470 5602 qui
489 5548 560 5588 rann
588 5549 639 5606 spe
662 5534 832 5589 auxiliorum
886 5537 971 5588 terrae
985 5531 1125 5604 deputant
1139 5532 1261 5601 liebraei,
1276 5537 1342 5599 ete,
1353 5532 1483 5603 nsqneud
1496 5532 1631 5605 inligare
1660 5548 1731 5603 pun·
