3892 6106
112 282 180 336 lidii
291 240 294 249 Ι
417 274 614 332 wattrfltbt
634 275 757 331 stertit
778 274 877 330 tuen.
902 274 986 330 thll.
1008 272 1088 330 OPP.
1112 273 1198 330 PARS
1217 273 1242 328 1.
1265 271 1615 330 -tttttowatca,
1793 274 1864 327 ,tias

109 403 235 469 lumboe;
250 401 300 456 sed
310 400 362 472 qui
375 399 471 466 habet,
495 399 578 453 castis
601 397 730 455 intuetur
753 396 854 464 oculis,
875 402 903 451 et
918 397 994 458 let
1013 396 1112 451 dorem
1128 400 1243 452 aeterna
1255 394 1338 463 lucis,
1353 395 1399 451 uel
1416 394 1534 450 Deitatis
1550 393 1645 466 magis
1659 386 1758 450 rerelo
1779 393 1866 450 borni·

110 508 176 563 gem
195 495 224 546 et
251 489 434 560 Evangeiium
457 488 643 559 spiritualiter
665 486 812 557 intelligit.
829 486 959 556 lncojus
1014 485 1090 541 libus
1120 489 1149 540 et
1185 484 1293 556 paratis
1317 485 1353 540 ad
1385 484 1564 556 patiendum.
1593 484 1702 550 Quasi:
1735 485 1868 540 ilemento

110 579 252 633 columbae
266 577 360 648 specie
375 576 498 647 Spiritus
509 583 621 630 sauctus
632 575 775 647 apparuit.
792 575 916 647 Ideoque
931 576 960 629 et
1016 573 1093 644 quod
1108 573 1157 645 qui
1171 572 1206 627 de
1219 571 1329 643 virgine
1345 571 1422 626 nasci
1445 571 1540 642 potui,
1563 572 1612 643 qui
1631 573 1710 626 ileos
1726 588 1803 639 sum,
1819 574 1868 628 bu·

111 666 267 736 spiritualis
290 665 490 736 intelligentia,
519 671 548 719 et
578 666 676 719 omnia
701 663 862 735 spiritualia
885 662 960 717 dona
1015 662 1121 717 militer
1147 662 1177 716 in
1195 661 1305 718 mundo
1328 660 1460 733 apparui,
1484 659 1653 715 hominibus
1691 676 1741 715 me
1763 660 1867 714 socium

111 754 229 810 neurius
243 754 383 808 culumbae
406 754 606 824 designantur.
640 752 777 809 Columba
791 752 856 807 telle
870 755 959 819 caret,
1015 766 1075 805 esse
1090 749 1216 814 exhibui,
1233 749 1382 804 humiliter
1397 765 1486 820 usque
1502 749 1536 803 ad
1553 755 1679 804 martem
1704 748 1782 802 reni.
1806 749 1868 802 ldeo

111 849 205 898 rostro
229 859 287 897 nun
314 843 400 908 iaedit,
434 842 465 896 iu
490 841 618 896 cavernis
644 849 791 912 petrarum
822 839 958 906 nidificat,
1015 837 1118 892 desiste
1129 837 1234 909 quietis
1255 837 1437 891 securitatem
1448 852 1590 908 quaerere,
1605 836 1683 891 trude
1706 834 1814 903 subdit,
1829 837 1868 892 Si·

112 930 446 1000 alienuspuilosnutrit,
463 930 547 1000 juxta
574 930 681 984 liuenta
711 935 819 996 munet,
842 928 961 982 meliora
1015 926 1266 981 cultillumsicut
1288 940 1408 996 campus
1426 924 1547 979 floribus
1569 930 1703 991 ornatur,
1724 924 1765 978 ita
1786 940 1867 978 mun-

113 1035 203 1089 grana
217 1019 309 1089 eligit,
338 1019 478 1088 gemitum
504 1033 556 1088 pro
581 1023 666 1072 cantu
691 1017 793 1085 reddit,
820 1017 961 1088 gregatim
1016 1015 1069 1070 dus
1082 1031 1144 1069 mea
1160 1014 1261 1069 notitia
1275 1019 1303 1067 et
1317 1014 1373 1068 lide
1388 1014 1550 1067 decoratur.

112 1107 268 1174 volatalis
293 1123 322 1160 se
349 1107 475 1161 defendit
501 1107 594 1160 risum
623 1111 782 1175 recuperat.
805 1106 846 1158 lta
872 1103 960 1158 sancii
1053 1104 1164 1158 Venst
1191 1133 1225 1142 -
1240 1102 1428 1158 Sicutlitium.
1443 1100 1569 1155 Laudato
1594 1116 1635 1165 ss,
1661 1099 1764 1155 laudat
1784 1116 1865 1172 spon·

110 1195 315 1266 jrrrtalluenta
336 1195 473 1250 doetrinae
502 1195 631 1249 sedentes
651 1194 784 1248 meliores
807 1191 962 1246 sententies
1016 1207 1087 1256 sam,
1104 1190 1163 1245 ita:
1188 1191 1366 1247 Sicuiliitum
1393 1205 1452 1245 nun
1468 1194 1561 1261 potest
1583 1192 1674 1260 spinis
1698 1190 1866 1260 comparari,

114 1283 235 1354 eligunt,
251 1282 538 1338 bomineserristo
566 1281 675 1336 alienos
699 1280 831 1335 nutriunt
855 1280 922 1338 lieo.
938 1277 962 1332 si
1016 1279 1092 1333 inter
1106 1296 1178 1351 quas
1191 1295 1266 1351 srepe
1279 1278 1544 1334 exoriturzeudem
1556 1277 1643 1333 modo
1658 1280 1794 1348 proxima
1809 1293 1866 1334 mea

115 1387 186 1442 quas
212 1371 301 1426 bonas
324 1370 480 1425 sententias
503 1370 533 1423 in
557 1369 696 1424 haereticis
715 1368 876 1432 inveniunt,
905 1382 963 1420 nun
1017 1382 1104 1436 super
1130 1382 1230 1421 omnes
1252 1365 1327 1437 filias
1347 1367 1436 1422 tilium
1461 1371 1514 1420 est.
1543 1366 1620 1422 Sicut
1641 1366 1745 1421 latium.
1766 1367 1865 1420 'l'ure-

113 1463 291 1531 pervertunt,
308 1460 350 1513 ira
364 1458 553 1513 irrationabili
567 1464 674 1521 carent,
700 1457 798 1512 iulide
813 1455 963 1528 plagarum
1018 1455 1115 1526 quiem
1124 1455 1483 1526 quoeriseilaudestertali:
1497 1453 1546 1508 sed
1557 1455 1627 1508 scito
1640 1454 1712 1526 quia
1723 1455 1865 1510 candidior

115 1546 218 1600 Christi
233 1548 377 1617 retugium
393 1547 508 1613 babent,
530 1552 650 1618 gemunt
675 1545 873 1617 propeccatis.
1018 1542 1236 1599 tribulationum
1255 1543 1363 1597 aculeis
1386 1540 1528 1608 ellicieris,
1544 1546 1572 1596 et
1592 1544 1686 1613 major
1702 1551 1746 1596 est
1764 1542 1865 1597 irrrctus

149 1633 230 1688 Vana.
263 1636 305 1688 15.
330 1637 453 1689 —Ecce
477 1639 506 1688 tu
528 1635 641 1702 pulcher
654 1648 690 1700 es,
707 1633 802 1687 dilecte
817 1634 856 1686 mi
876 1637 900 1686 et
915 1631 961 1685 de·
1018 1631 1461 1703 praedicationisquomquietis.
1482 1631 1526 1686 Sic
1549 1633 1642 1687 amica
1668 1646 1740 1686 meu.
1762 1632 1865 1698 (Gara.)

115 1737 202 1776 corus.
231 1721 358 1775 Audiens
384 1739 489 1792 sponsa
512 1739 541 1776 se
584 1738 635 1791 per
660 1721 842 1776 dilectionem
864 1721 963 1790 aptensi
1020 1721 1052 1774 in
1069 1721 1189 1774 Ecclesia
1205 1735 1256 1774 uec
1269 1720 1337 1773 mali
1353 1719 1414 1774 sine
1442 1718 1534 1786 bonis,
1554 1719 1698 1774 necboni
1718 1720 1866 1774 siuemaiis

1019 1824 1080 1863 esse
1103 1813 1244 1879 possunt:
1275 1808 1368 1862 bonus
1392 1824 1450 1893 upa
1474 1808 1538 1873 luit,
1556 1808 1607 1879 qui
1632 1809 1727 1863 maios
1748 1809 1864 1862 tolerare

116 1809 265 1874 meruisse,
283 1815 313 1862 at
329 1809 363 1863 ab
383 1810 445 1880 ipso
464 1826 571 1880 sponso
597 1809 771 1878 laudaretur,
801 1825 905 1880 sponso
921 1807 965 1862 vi-

118 1913 179 1951 cem
197 1898 225 1950 in
243 1898 375 1951 laridibus
388 1897 507 1952 tribuit:
525 1915 581 1952 non
597 1899 673 1969 quud
689 1898 726 1963 ei,
757 1897 831 1969 quod
844 1914 903 1951 nou
918 1896 966 1951 ba·
1018 1912 1077 1952 non
1093 1899 1197 1966 putuit.
1222 1897 1411 1951 Adversaram
1426 1898 1569 1952 haeresum
1593 1895 1785 1967 dogmatibus
1812 1899 1867 1968 eius

116 1986 176 2052 bet,
192 2001 243 2039 sire
259 1986 403 2057 praeconio
415 1986 562 2056 largiatur,
592 1987 641 2041 sed
654 1988 818 2056 intelligens
833 1985 964 2040 decorem
1017 1984 1170 2055 integritas
1184 1991 1323 2057 tanquam
1334 1984 1423 2056 spinis
1438 1984 1588 2056 pungitur,
1613 1991 1648 2040 ut
1666 1991 1769 2040 contra
1781 1986 1866 2041 hostes

117 2074 189 2144 ejus,
207 2090 257 2143 per
271 2089 357 2145 quern
371 2080 400 2129 et
414 2074 476 2144 ipsa
502 2076 605 2130 decora
618 2075 693 2128 tacta
707 2079 758 2142 est,
775 2075 815 2129 ait
831 2090 838 2129 ε
855 2078 920 2130 Ecce
935 2078 963 2129 ta

114 2161 229 2231 prtlcirer
246 2177 285 2228 es,
314 2169 366 2217 etc.
396 2164 519 2218 Lectulus
543 2170 633 2218 noster
655 2163 781 2231 [termus.
804 2164 964 2235 Aliquando

117 2249 238 2303 Ecclesia
250 2251 332 2322 quasi
349 2251 379 2305 in
399 2251 502 2305 lectulo
528 2268 593 2305 cum
618 2268 724 2321 sponso
743 2251 875 2322 quiescit,
892 2256 964 2306 tem·

115 2352 185 2406 pore
200 2338 306 2392 scilicet
321 2339 408 2409 pacis,
424 2339 471 2393 ubi
490 2339 539 2394 bei
563 2338 805 2409 pulchritudinem
827 2340 965 2411 liquidius

115 2416 228 2495 aspicit,
255 2432 284 2480 et
317 2427 428 2497 prolem
453 2426 583 2480 iideiium
620 2427 690 2481 liure
714 2427 903 2495 redolentem,
930 2445 964 2482 ex

117 2530 192 2586 aqua
206 2515 352 2586 etSpiritu
367 2521 463 2570 sancto
473 2516 577 2586 gignit.
592 2515 754 2587 Aliquando
777 2532 842 2570 cum
857 2533 962 2587 sponso

116 2603 284 2673 insurgente
307 2604 464 2658 tentatione
485 2606 513 2657 iu
533 2605 594 2658 acie
608 2605 746 2658 consistit.
765 2604 823 2668 Vel,
840 2606 961 2672 lectulus,

116 2692 212 2761 pusilli
229 2691 337 2757 fideles,
358 2692 407 2763 qui
425 2693 481 2746 [leo
500 2697 567 2745 sunt
580 2693 662 2763 quies
676 2698 704 2746 et
722 2692 866 2764 magistris
894 2695 962 2758 suis,

116 2792 169 2847 per
192 2779 254 2845 boc,
279 2780 391 2845 saltem,
414 2780 490 2850 quod
520 2795 636 2850 peccare
669 2781 828 2834 mortaliter
850 2780 961 2849 nolunt,

116 2866 166 2938 qui
179 2866 284 2922 llorent
305 2867 395 2922 initiis
424 2868 564 2923 bonorum
589 2884 719 2940 operum,
736 2885 788 2940 per
801 2869 876 2940 quod
894 2869 964 2925 dant

1018 2090 1085 2128 suos
1114 2073 1235 2145 vigilans
1255 2079 1430 2140 exerceatur,
1451 2073 1541 2128 donec
1564 2073 1710 2142 eminens,
1735 2080 1865 2146 tanquam

1017 2160 1122 2229 liliam,
1137 2163 1167 2217 in
1191 2162 1283 2234 rapite
1303 2163 1400 2234 sponsi
1415 2161 1470 2231 sui,
1486 2162 1609 2216 madore
1629 2161 1696 2232 ipso
1711 2162 1864 2218 decoretur.

1054 2252 1133 2306 Vnus.
1158 2253 1184 2307 3.
1206 2252 1338 2308 -Sicut
1363 2252 1461 2318 mdes,
1490 2256 1544 2306 etc.
1572 2249 1688 2321 Sponsa
1706 2251 1826 2307 laudata
1843 2256 1866 2306 et

1017 2340 1149 2410 exemplo
1164 2338 1261 2411 sponsi
1282 2338 1317 2393 ad
1341 2339 1509 2410 patiendum
1535 2338 1699 2404 admonita,
1729 2341 1866 2413 reciproce

1018 2427 1102 2482 laude
1125 2444 1264 2499 sponsam
1291 2428 1406 2493 attollit,
1423 2427 1500 2500 quod
1522 2434 1600 2482 inter
1623 2426 1774 2484 benonim
1789 2424 1866 2502 opera

1018 2512 1225 2588 [singulariter]
1241 2514 1373 2571 similiter
1393 2523 1507 2570 sanctus
1530 2515 1668 2580 emineat,
1685 2521 1716 2572 et
1731 2534 1763 2572 se
1774 2534 1866 2590 passu-

1017 2620 1078 2659 ram
1092 2605 1236 2676 promittit
1259 2605 1336 2674 quod
1359 2607 1478 2677 patitur,
1500 2620 1535 2659 eo
1564 2603 1755 2676 presidente,
1772 2608 1869 2678 quiesi

1016 2694 1198 2765 refrigerium
1228 2700 1257 2749 et
1282 2694 1410 2749 relectio.
1434 2694 1509 2750 Sicut
1525 2694 1625 2749 melus.
1654 2694 1870 2766 Unguentumm

1016 2783 1244 2853 odor,quamvis
1273 2783 1396 2838 suaviter
1419 2782 1539 2850 redolet,
1571 2797 1633 2837 non
1662 2788 1869 2843 esttameuad

1016 2871 1160 2926 edendum
1174 2888 1268 2926 suave.
1280 2871 1384 2926 bialum
1404 2875 1500 2926 auum
1516 2869 1620 2942 optimi
1633 2873 1750 2941 saporis
1764 2880 1793 2929 et
1805 2876 1871 2931 odo·

116 2970 195 3024 spem
211 2955 329 3021 fructus,
345 2956 374 3011 id
400 2961 444 3010 est
468 2957 610 3026 majorum
629 2972 763 3027 operum.
778 2957 909 3022 erietam
933 2959 962 3012 in
979 2955 999 3010 C
1019 2959 1058 3013 ris
1081 2961 1137 3014 tale
1160 2964 1214 3026 est,
1233 2965 1265 3015 ut
1288 2960 1383 3015 lauces
1407 2958 1522 3015 dulcore
1541 2959 1676 3025 delectet,
1698 2968 1730 3016 et
1742 2964 1867 3034 spiritum

115 3055 219 3110 sponso
240 3043 328 3096 vitam
357 3058 442 3113 agere
468 3045 566 3097 rolens
592 3044 692 3114 quales
715 3043 818 3099 dumus
839 3044 907 3110 sint,
933 3046 963 3099 in

114 3129 219 3200 quibus
233 3147 298 3185 eum
314 3130 456 3202 suscipere
479 3132 546 3186 velit
567 3132 705 3187 insinuat.
737 3134 795 3187 Pax
822 3133 961 3200 Ecclesiae,

113 3217 266 3272 uirtutibus
279 3219 363 3273 iloret
375 3225 404 3274 et
424 3220 564 3290 spirituali
577 3221 657 3290 prole
674 3221 889 3291 multiplicatur.

151 3305 235 3360 Vens.
263 3310 305 3360 ru.
329 3335 361 3346 -
386 3309 472 3378 Tigna
493 3307 632 3362 &morum
656 3313 812 3363 nostrarum
839 3310 958 3366 cedrina.

114 3392 220 3446 Domus
245 3394 332 3447 varie
353 3409 404 3465 per
432 3395 572 3449 mundum
593 3395 628 3448 de
652 3395 785 3465 gentibus
810 3397 959 3467 Ecclesiae;

114 3480 212 3547 Tigna,
233 3494 298 3550 quae
309 3479 344 3535 ad
359 3480 551 3537 monitionem
570 3482 673 3537 domus
686 3484 777 3538 solent
798 3484 870 3551 lieri,
885 3504 961 3557 praa-

109 3566 260 3635 dicatores,
277 3585 401 3640 quorum
417 3571 505 3625 verbo
516 3576 545 3625 et
559 3572 689 3642 exemplo
705 3577 845 3627 structura
862 3574 958 3630 Eccle-

111 3653 171 3723 site,
187 3671 223 3710 ne
239 3662 363 3726 corruat,
388 3659 564 3716 continetur.
591 3661 758 3729 Laqueuria,
779 3677 844 3732 ques
863 3663 896 3718 ad
912 3663 959 3717 de·

1017 3048 1141 3103 mulceat
1155 3048 1300 3103 odoratus.
1334 3048 1389 3105 Sub
1401 3049 1507 3104 umbro.
1531 3047 1599 3103 ideo
1624 3046 1769 3106 dilectam
1781 3054 1867 3107 omni·

1018 3130 1070 3186 bus
1085 3149 1226 3205 propono,
1243 3136 1312 3206 quia
1326 3136 1358 3190 in
1381 3138 1442 3191 soln
1455 3136 1570 3208 pietatis
1585 3138 1651 3208 ejus
1679 3143 1865 3210 protectione,

1016 3221 1098 3292 cujus
1113 3223 1253 3279 desiderio
1275 3225 1422 3292 ardebam,
1441 3225 1626 3297 refrigerium
1641 3222 1863 3301 {tribulationum

1016 3326 1061 3366 me
1090 3312 1232 3369 invenisse
1257 3315 1411 3386 conspicio,
1440 3321 1469 3372 et
1498 3320 1706 3376 suavissimum
1730 3323 1861 3377 donorum

1015 3401 1077 3471 ejus
1092 3400 1216 3456 trucium
1240 3403 1343 3472 sentio,
1368 3421 1425 3477 qno
1450 3420 1495 3459 me
1515 3414 1657 3478 perpetuo
1682 3410 1860 3466 reficiendam

1013 3489 1136 3543 confido.
1160 3490 1375 3546 llesideraverat
1409 3497 1504 3548 eutem
1538 3496 1588 3550 sub
1610 3499 1726 3562 umbra,
1747 3499 1858 3554 auctoris

1013 3577 1155 3646 respirare
1171 3595 1236 3634 cum
1252 3595 1281 3634 se
1302 3581 1361 3634 sale
1387 3583 1622 3651 persecutionum
1638 3585 1787 3643 fuscatum
1799 3603 1855 3659 qae-

1013 3667 1140 3733 rebatur,
1152 3683 1216 3721 cam
1237 3667 1287 3723 Dei
1300 3668 1439 3724 auxilium
1462 3670 1622 3742 implorans
1637 3676 1806 3733 clamabat:
1820 3679 1853 3732 lr-

110 3756 206 3798 eorem
246 3744 349 3800 domus
386 3747 479 3801 solent
513 3746 587 3816 lieri,
630 3748 821 3819 simpliciores
856 3750 957 3806 famuli
1012 3753 1621 3825 dicomibiquemdtligttauimumea:ubi
1637 3767 1854 3834 permature

108 3831 222 3899 Christi,
238 3836 288 3905 qul
303 3835 390 3905 tignis
405 3836 552 3891 adbaerent
567 3843 594 3892 et
610 3842 816 3906 sustentantur,
836 3840 886 3911 qui
900 3857 956 3896 non
1011 3842 1246 3908 besirrmeridte3
1271 3860 1337 3899 cum
1355 3862 1413 3900 non
1440 3849 1532 3904 soirtm
1560 3865 1768 3920 pressurarum
1782 3855 1852 3910 taedio

107 3919 246 3987 doctrina,
261 3922 311 3977 sed
327 3922 479 3978 virtutibus
500 3931 613 3980 ornant.
639 3926 811 3996 cupressina.
836 3927 955 3998 Cypres—
1009 3929 1138 4002 fatigata,
1150 3932 1196 3986 sed
1220 3932 1416 3989 recordatione
1445 3935 1671 4007 pulchritudiuis
1702 3947 1734 3998 at
1757 3941 1851 3998 decons

106 4011 263 4065 susGrrece
283 4010 396 4077 dicitur,
421 4011 498 4082 quod
513 4018 598 4082 caput
620 4013 682 4082 ejus
703 4029 720 4066 a
739 4014 911 4069 rotunditate
926 4017 955 4069 in
1010 4019 1071 4089 ejus
1093 4021 1186 4074 illecta
1201 4021 1336 4077 dicebat:
1357 4024 1483 4079 Lectulus
1510 4028 1602 4080 nester
1624 4030 1764 4100 floridum
1785 4032 1850 4100 cuju

107 4112 227 4152 acumen
239 4097 359 4168 erigitur
374 4114 381 4152 τ
394 4100 507 4153 undeet
522 4108 601 4161 κῶνος
618 4100 722 4154 turben
738 4101 851 4169 dicitur,
869 4102 897 4156 id
913 4109 956 4157 est
1009 4106 1143 4162 desiderii
1158 4124 1187 4162 se
1207 4115 1371 4180 compotem
1395 4112 1498 4168 tactam
1514 4117 1652 4185 ostendit,
1671 4119 1790 4176 dicens:
1807 4119 1848 4176 Sel

107 4186 165 4240 altu
178 4187 348 4254 rotunditas,
373 4187 439 4242 binc
463 4193 492 4242 et
514 4189 623 4243 tructus
643 4204 808 4245 cumeanus
828 4190 932 4247 dicitur
946 4207 990 4294 :D
1009 4197 1116 4252 umbra.
1129 4198 1162 4252 Et
1175 4198 1334 4253 ructandum
1358 4201 1436 4272 quod
1451 4203 1584 4273 superius
1604 4209 1689 4276 ttpna
1712 4213 1848 4266 cedrtsuet

105 4273 193 4338 unde,
204 4274 338 4341 carattere
357 4277 488 4344 cypressi.
1009 4285 1152 4354 laquearia
1173 4291 1330 4355 cupressina
1357 4288 1542 4360 praedicabat,
1553 4308 1614 4348 non
1638 4301 1744 4353 tamen
1760 4299 1845 4354 boran

458 4363 571 4418 CAPUT
586 4363 622 4418 ll.
1008 4368 1063 4425 sibi
1088 4372 1292 4440 protectionem
1317 4374 1447 4430 suiticere
1477 4380 1653 4437 memorabit
1669 4398 1678 4450 ;
1697 4384 1749 4440 sed
1772 4385 1845 4440 solen

140 4450 220 4505 Vsus,
237 4453 261 4505 l.
278 4481 311 4490 -
327 4451 397 4518 Epo.
418 4453 477 4519 tias.
493 4450 564 4515 Quia
580 4452 728 4522 praesentis
742 4453 880 4524 temporis
894 4459 952 4509 stu-
1005 4458 1071 4512 ritae
1084 4459 1227 4526 arborem,
1252 4460 1282 4515 in
1301 4462 1383 4532 cujus
1404 4464 1506 4520 umbra
1533 4467 1711 4539 quiesceret,
1728 4478 1757 4529 et
1769 4473 1846 4529 tmeu

103 4541 133 4591 tu
149 4538 231 4594 labor
246 4539 337 4610 magis
355 4556 442 4611 quam
467 4540 581 4611 requies
605 4542 738 4596 convenit
753 4559 759 4597 :
775 4548 850 4598 recte
865 4559 950 4615 spon·
1005 4546 1333 4618 reticereturquaerebnt,
1345 4550 1414 4622 quia
1433 4555 1524 4608 saneti
1545 4560 1702 4629 exemplis,
1720 4561 1844 4624 doctunr,

102 4625 235 4680 semotio
250 4626 417 4682 delectatam
440 4628 473 4682 ad
494 4627 624 4682 labarum
649 4629 782 4683 exercitia
804 4636 949 4702 provocat.
1004 4639 1033 4688 et
1048 4634 1262 4702 intercessione,
1296 4637 1431 4710 suffragia
1452 4640 1565 4697 ierunt:
1591 4647 1647 4700 soli
1671 4653 1773 4706 umen
1794 4650 1843 4705 su·

101 4712 188 4778 Quasi
207 4714 336 4770 diceret:
361 4717 401 4770 Tu
436 4716 554 4786 quidem
586 4717 683 4771 volent
705 4718 949 4789 pulchritudinem
1003 4723 1092 4776 voturi
1111 4724 1205 4778 dicere
1227 4724 1376 4793 babemus,
1396 4731 1461 4784 Filii
1474 4737 1565 4788 autem
1590 4734 1737 4795 bominum
1759 4742 1844 4808 iapre

101 4808 181 4858 tuam
205 4804 276 4858 mibi
309 4804 567 4859 commendabilem
603 4805 730 4874 reddere,
755 4807 904 4862 delectaris
919 4809 949 4863 in
1003 4813 1114 4865 tectiore
1138 4815 1245 4867 alarum
1273 4820 1383 4870 tuarum
1398 4818 1547 4887 sperabunt
1562 4822 1649 4892 (Paul.
1671 4828 1767 4898 xxxv).
1793 4825 1843 4883 Seli

100 4891 198 4962 quiete
221 4893 335 4946 secretis
357 4892 460 4947 llorere
498 4891 667 4947 uirtutibus:
693 4894 742 4948 sed
773 4893 845 4949 scias
870 4896 948 4968 quod
1001 4905 1027 4955 et
1040 4902 1157 4969 fructus,
1171 4907 1224 4957 etc.
1242 4903 1303 4958 Non
1318 4904 1388 4960 dicit
1402 4906 1494 4972 sedeo,
1520 4909 1572 4965 sed
1594 4914 1667 4968 sedi.
1690 4914 1840 4990 ilnjusmodi

99 4995 152 5050 ego
163 4980 364 5036 alteriusmodi
374 4979 620 5051 pulchritudinem
634 4980 749 5052 requiro
756 4981 786 5036 in
800 4983 946 5051 presenti,
1000 4988 1146 5058 protectus
1160 4995 1228 5044 sunt
1243 4992 1442 5063 Ecclesiarum,
1466 5001 1497 5052 nt
1519 4996 1548 5052 in
1567 5001 1694 5059 exordio
1718 5005 1840 5061 desideret

98 5069 166 5139 quia
181 5085 244 5123 sum
264 5068 316 5124 ssus
339 5069 489 5135 virtutum,
506 5084 595 5139 aquo
619 5069 715 5125 omnis
733 5070 946 5143 tructuscampi
1000 5076 1144 5147 quispiam
1159 5079 1190 5133 in
1213 5079 1350 5136 virtutum
1366 5083 1468 5137 umbre
1491 5086 1651 5144 consedere
1681 5100 1717 5148 nt
1732 5094 1767 5150 ad
1788 5107 1837 5148 eun

94 5158 257 5227 egreditur;
272 5158 341 5229 qaia
361 5157 481 5212 odorem
498 5174 595 5212 meum
622 5158 672 5213 toti
700 5159 808 5214 mundo
829 5159 943 5216 innote-
999 5165 1094 5218 veniat
1112 5181 1215 5236 corpus
1241 5170 1313 5238 ejus,
1330 5186 1434 5242 exque
1450 5162 1701 5235 umbranascitur
1722 5183 1805 5238 :ideo
1818 5184 1836 5232 rt

93 5261 172 5300 scere
182 5247 277 5318 cupio,
295 5247 371 5317 quod
388 5263 447 5302 non
461 5252 557 5318 potest
571 5247 696 5318 impleri,
710 5249 766 5303 nisi
780 5248 944 5306 intermissa
998 5253 1130 5308 nativitas
1141 5255 1207 5310 Jesu
1223 5257 1258 5311 ab
1274 5257 1376 5313 umbra
1387 5260 1483 5331 coepit,
1499 5267 1526 5316 ei
1546 5264 1576 5318 in
1593 5265 1722 5326 veritate
1744 5271 1833 5327 linitur.

93 5331 199 5402 quiete,
228 5349 286 5404 qua
308 5335 468 5403 delectaris,
498 5334 533 5389 ad
568 5335 696 5391 cilicium
729 5337 942 5409 predicationis
998 5340 1077 5396 Sicut
1102 5342 1232 5399 dicitur:
1260 5347 1384 5414 Spiritus
1409 5355 1520 5406 sanctus
1556 5360 1738 5423 superveniet
1762 5364 1789 5416 ia
1810 5364 1831 5413 tr.
1877 5356 1882 5421 l

91 5419 258 5491 accingaris.
277 5423 305 5476 El
330 5424 419 5478 lilium
444 5424 609 5479 consisilium
633 5425 725 5495 magis
746 5442 834 5498 quarn
859 5442 942 5484 mon·
995 5431 1084 5485 uirtus
1095 5433 1236 5487 Alttsss'mi
1249 5435 1425 5493 obumbrabit
1447 5439 1500 5494 tibi
1522 5440 1602 5508 ibus.
1629 5446 1662 5513 a).
1685 5447 1734 5506 sic
1756 5454 1830 5523 poste

91 5508 174 5576 tium,
191 5507 430 5579 quiecleritatem
457 5527 529 5566 meae
558 5512 756 5580 humanitatis,
783 5517 826 5570 vel
843 5517 939 5588 splen·
995 5518 1030 5573 ad
1049 5519 1373 5580 nrelioraiittransitas.
