3892 6104
79 235 82 240 ¹
104 279 171 333 reas
672 278 800 335 atoma
817 275 1023 335 oaoraaam.
1047 305 1080 318 -
1103 276 1167 332 aro.
1189 275 1297 332 isara.
1788 271 1855 327 rasa

99 398 340 472 quiuquagesimo
357 415 424 453 varo
439 415 515 454 anuo
539 403 603 469 post
627 399 821 470 captivitatem
841 401 985 456 Roma-A
1005 416 1056 470 que
1074 400 1112 455 aet
1135 399 1212 471 quod
1238 397 1378 454 violenter
1406 414 1467 453 esse
1492 403 1624 453 exortum
1649 397 1735 452 etiam
1762 396 1855 452 stultis

99 503 215 542 norum.
233 486 372 542 Prohibiti
386 487 462 542 enim
478 492 545 541 suut
561 487 682 557 puhlicis
699 487 808 557 legibus
822 487 949 542 iudaeam
1005 494 1092 560 patet.

100 575 217 630 intrare.
1040 579 1199 632 Emmanuel
1231 577 1293 647 (lo.)
1319 575 1440 641 Quidam
1470 574 1573 631 isaiam
1602 574 1675 629 duos
1702 573 1776 630 tilios
1800 573 1853 629 ha·

431 646 545 701 CAPUT
566 645 621 700 VH·
1005 665 1219 733 bnissedicunt,
1235 669 1301 734 etc,
1317 662 1454 733 usquead
1479 668 1603 734 propter
1619 678 1706 734 quam
1732 661 1854 717 Verbum

137 751 223 806 Vens.
245 755 270 805 t.
294 779 329 792 -
360 755 391 807 Et
420 752 578 817 factumest
600 752 737 807 indictus
759 753 864 820 Aelana,
895 757 948 807 etc.
1005 769 1071 807 caro
1086 754 1258 808 factumest.

98 838 204 908 (lirani
228 839 297 903 Qum
317 840 660 912 scriptasuntusqnead
681 842 757 895 huuc
786 842 879 895 locum
897 841 950 896 sub
1040 843 1122 896 Vnus.
1143 845 1184 897 li.
1212 872 1246 883 -
1271 840 1425 911 Reprobare
1444 842 1555 896 malurn.
1583 840 1650 910 (lo.)
1672 839 1759 905 Quasi
1778 839 1852 894 dice-

100 930 168 984 Ozia
187 929 345 983 ettoathau
361 929 419 983 tilio
434 931 507 999 ejus,
536 930 595 983 risa
608 934 677 983 snut
693 947 699 983 z
722 935 883 1000 sequuntur
897 929 953 988 sub,
1004 935 1061 985 ret:
1074 931 1106 985 ln
1121 930 1225 1002 pannis
1243 930 1369 985 infantiae
1386 929 1494 1000 positus
1509 928 1625 984 habebit
1640 927 1708 982 boni
1724 927 1852 999 malique

98 1017 190 1071 achaz
206 1017 470 1088 regeimpiissimo,
487 1018 807 1090 quiahcodereliclus
826 1018 862 1073 ab
885 1018 945 1072 ini·
1004 1018 1213 1075 discretionem.
1257 1018 1304 1073 ilis
1340 1017 1435 1072 verbis
1473 1017 1647 1088 percipimus
1687 1015 1851 1081 Salvatoris,

102 1106 181 1159 micis
195 1111 387 1176 expugnatur.
1004 1107 1154 1162 infantiam
1168 1107 1295 1161 divinam
1315 1106 1344 1161 in
1367 1124 1400 1160 eo
1424 1121 1482 1160 uon
1512 1105 1648 1160 minuisse
1670 1103 1852 1175 sapientiam,

136 1195 239 1248 Aetas.
268 1195 323 1259 Qui
349 1195 567 1266 clausitjauuas
592 1195 693 1266 tempti
715 1200 743 1250 et
768 1193 873 1249 Baalim
898 1195 950 1249 ad·
1004 1198 1134 1266 quamvis
1164 1196 1297 1251 dicatur:
1326 1197 1397 1250 Puer
1432 1198 1521 1249 cautem
1547 1193 1702 1263 proficiebat
1723 1195 1802 1247 atate
1828 1196 1855 1246 et

99 1282 199 1348 oravit,
216 1281 308 1337 lilium
322 1298 407 1337 suum
434 1283 509 1337 idolo
520 1283 706 1349 consecravit,
732 1284 820 1338 altare
836 1297 950 1337 aeucrrm
1004 1288 1151 1355 sapientia,
1176 1291 1207 1340 ut
1228 1285 1332 1340 veritas
1359 1285 1478 1340 humani
1500 1284 1629 1354 corporis
1656 1282 1849 1354 probaretur:

98 1371 226 1433 abstulit,
242 1377 270 1424 et
287 1372 376 1425 altore
408 1371 552 1426 idolorum
573 1373 604 1425 in
626 1372 734 1443 templo
756 1371 862 1442 posuit.
883 1372 949 1426 ture
1005 1373 1124 1428 inlantia
1139 1373 1216 1428 enim
1229 1390 1286 1428 nou
1302 1373 1470 1445 praejudicat
1484 1372 1589 1427 divina
1604 1371 1763 1444 sapientiae.

99 1474 196 1529 ergoa
211 1460 332 1514 Domino
348 1460 502 1514 derelictus
526 1464 567 1514 est
585 1475 592 1514 ε
609 1463 643 1515 Et
658 1464 837 1515 sucurrerunt
851 1459 948 1514 adau-
1041 1463 1119 1516 Varus.
1142 1465 1181 1517 tu.
1198 1493 1231 1502 -
1247 1463 1464 1531 Deretinquelur,
1482 1467 1534 1516 etc.
1559 1463 1621 1531 (lo.)
1637 1460 1719 1531 quasi
1747 1459 1855 1516 diceret

101 1548 381 1617 suseumiairniottll
397 1550 462 1603 Pur.
481 1549 591 1616 rann).-
1005 1550 1091 1604 ’lerra
1114 1549 1203 1621 Syriae
1233 1556 1261 1605 et
1289 1550 1425 1605 Samariae
1454 1551 1489 1604 ab
1526 1549 1704 1605 invocatione
1728 1547 1854 1604 nominis

134 1634 275 1701 Ascendit,
301 1636 436 1691 secundo.
464 1636 559 1690 Primo
584 1635 661 1690 euim
690 1635 795 1707 Assyrii
823 1636 949 1691 detribu
1004 1642 1066 1707 egus
1082 1637 1249 1705 vastabitur,
1260 1642 1289 1691 et
1304 1637 1408 1692 domus
1420 1637 1522 1695 tudae
1553 1637 1664 1691 duobus
1686 1636 1803 1707 regibus
1818 1636 1854 1690 li·

97 1722 248 1791 tuda,etc.‚
276 1738 363 1794 usaue
389 1724 426 1779 ad
446 1724 511 1779 iacti
527 1728 596 1779 sunt
610 1723 694 1778 amici
718 1726 842 1779 Herodes
857 1731 886 1780 et
902 1725 948 1779 Pi·
1003 1725 1159 1780 iterabitur.

99 1811 212 1866 latusin
228 1813 363 1883 passione
378 1812 493 1869 Christi.
1039 1811 1123 1867 Vens.
1145 1815 1187 1868 ta.
1216 1814 1382 1868 -ddueom
1412 1812 1482 1882 (lo.)
1510 1812 1540 1867 ld
1570 1812 1773 1884 estAEgyptiis,
1800 1829 1852 1883 po-

133 1900 215 1954 Veas.
232 1904 258 1956 3.
284 1932 318 1940 -
340 1902 491 1957 Deretietus
515 1905 563 1956 est.
593 1900 722 1956 Airatre
746 1902 948 1964 suollabsace,
1004 1900 1073 1968 pulo
1100 1899 1209 1954 imbelli
1237 1904 1266 1954 et
1292 1898 1455 1954 idololatria
1493 1900 1629 1954 sordenti.
1661 1900 1794 1971 Legimus
1817 1901 1852 1954 ab

99 1988 150 2058 qui
164 1987 199 2043 ad
213 1991 344 2061 Assyrios
360 1990 522 2056 transierat,
541 1996 572 2045 ut
586 1991 702 2045 tradunt
716 1990 837 2044 hebraei.
1004 1987 1257 2057 AEgyptiistosiam
1269 1987 1393 2042 occisum
1406 1992 1434 2042 et
1448 1988 1588 2058 populum
1605 1989 1690 2042 lsrael
1716 1988 1851 2058 subjuga·

134 2079 218 2133 tasub
246 2081 320 2148 filius
340 2084 411 2136 tuus.
435 2079 500 2151 (lo.)
516 2079 570 2145 Qui
596 2079 802 2150 interpretatur
829 2079 951 2147 reliquus
1004 2079 1076 2140 tom,
1094 2077 1248 2130 uecmnlto
1269 2080 1474 2146 posttempore
1498 2076 1760 2132 Nabuchodonosor
1787 2092 1852 2130 neom

98 2181 183 2221 comes
202 2171 231 2221 et
254 2174 418 2234 canonieus,
441 2166 493 2239 qui
516 2167 642 2239 pupulus
670 2168 741 2222 tuda
768 2167 951 2222 demauibus
1003 2162 1208 2218 innumerabili
1236 2163 1361 2218 exercitu
1400 2163 1476 2235 cepit
1516 2166 1685 2232 Jerusalem,
1711 2165 1853 2236 tempium

99 2254 601 2326 duorumregomliberanduserat.
1003 2252 1161 2319 succendit,
1191 2256 1219 2307 et
1252 2252 1428 2306 habitatores
1451 2252 1582 2323 Assyrios
1621 2253 1651 2307 in
1678 2254 1777 2307 tndoea
1801 2268 1853 2324 po·

136 2345 236 2397 inuia.
264 2344 469 2411 lbillahsaces,
486 2349 584 2415 postea
611 2360 645 2398 ex
676 2346 817 2415 precepto
843 2342 950 2398 Senna-
1003 2340 1071 2396 suit.

99 2430 210 2499 charib,
228 2432 277 2485 liei
292 2433 433 2502 populum
448 2431 666 2502 blasphemavit.
1040 2429 1120 2485 Verre.
1134 2430 1178 2483 20.
1195 2457 1231 2471 -
1244 2430 1392 2485 Novacuta.
1417 2429 1480 2498 (ln.)
1501 2429 1559 2484 ltux
1590 2427 1769 2500 Assyriorum
1791 2428 1855 2500 (qni

137 2518 218 2573 Vens.
246 2520 272 2574 l.
299 2549 334 2559 -
356 2519 471 2574 Duabm
499 2520 605 2575 caudis.
632 2520 702 2574 Itum
744 2518 852 2588 cauda,
883 2523 949 2589 etc,
1004 2515 1519 2587 interemiacolumbaDeivocatur)
1543 2518 1573 2571 in
1597 2533 1630 2570 eo
1656 2523 1793 2588 tauquam
1821 2517 1853 2571 in

99 2605 235 2675 usquead
263 2607 408 2661 etductus
436 2622 502 2660 cum
530 2607 628 2661 decem
643 2607 774 2662 tribubus
794 2606 823 2660 in
838 2610 951 2661 montes
1004 2606 1143 2660 novacula
1159 2605 1362 2660 acutissimaet
1385 2605 1415 2659 in
1441 2605 1486 2659 his
1503 2603 1853 2675 quitranstlunren,sci·

99 2694 245 2748 bladorum
255 2698 285 2749 et
297 2695 458 2749 Persarum.
1004 2693 1072 2749 licet
1082 2695 1214 2765 Assyriis,
1229 2699 1306 2762 sunt,
1321 2694 1404 2749 radet
1429 2694 1566 2749 Dominus
1590 2693 1620 2747 iu
1648 2694 1748 2748 ludeo
1764 2698 1852 2765 ceput

136 2782 216 2837 Vaas.
244 2785 271 2840 5.
289 2783 459 2838 -naun,
497 2783 562 2855 (lo.)
598 2784 700 2839 Taboel
739 2784 833 2839 bourrs
878 2784 951 2838 Deus
1005 2789 1034 2838 et
1048 2783 1121 2853 pilos
1132 2784 1237 2854 pedum
1254 2783 1361 2838 scilicet
1388 2799 1506 2838 omnem
1529 2782 1727 2860 tortitudinem
1750 2799 1853 2854 regum

99 2872 182 2942 qnasi
198 2871 295 2925 dicat:
313 2871 354 2925 lbi
377 2887 517 2943 ponamus
534 2871 642 2927 idolum
660 2872 712 2926 Dei
740 2872 840 2936 nostri,
856 2873 899 2927 vel
914 2872 950 2926 ad
1006 2876 1034 2924 et
1048 2870 1223 2941 principum,
1239 2869 1478 2942 etsubjectorum.

97 2962 236 3028 litteram,
253 2961 656 3016 Eilinmhominissicvocat.
969 2970 990 3026 g
1045 2959 1124 3014 Vnus.
1147 2962 1191 3013 22.
1211 2988 1246 2999 -
1271 2959 1392 3017 comedet
1416 2959 1554 3028 buturum.
1590 2959 1783 3014 Delectabitur
1822 2959 1853 3014 in

135 3050 215 3104 Vuae.
240 3052 266 3104 8.
290 3079 325 3089 -
344 3049 442 3105 Adbuc
465 3051 620 3117 nonaginta,
642 3055 695 3104 etc.
720 3049 805 3114 Quasi
822 3049 950 3105 diceret:
1006 3050 1136 3120 passione
1148 3048 1252 3104 Christi
1266 3049 1309 3104 vel
1333 3066 1393 3104 sua.
1425 3051 1562 3121 Butyrum
1586 3051 1663 3104 enim
1695 3066 1728 3104 ex
1753 3050 1852 3105 multis

105 3137 222 3193 interim
244 3138 370 3194 contenti
400 3143 484 3192 erunt
511 3138 617 3192 tlnibus
652 3138 721 3204 suis,
752 3143 780 3192 et
816 3139 963 3193 Damasco·
1005 3136 1228 3193 confectionibus
1238 3137 1370 3193 elllcitur.

102 3226 394 3298 tauquamnetropoli
419 3226 507 3297 Syriae
535 3225 690 3297 imperabit
712 3225 821 3292 Rasim,
847 3231 876 3280 et
902 3242 951 3280 ra·
1040 3227 1128 3280 Vens.
1144 3228 1188 3281 25.
1206 3257 1240 3266 -
1258 3227 1294 3281 Et
1304 3241 1392 3281 omrres
1408 3230 1507 3282 montes
1534 3230 1624 3296 petitu
1649 3228 1759 3282 surculo
1787 3242 1851 3282 snr-

101 3313 314 3384 putciritatum
343 3314 476 3384 Ephraim
498 3314 624 3369 Samaria
648 3314 752 3383 erit,et
774 3315 804 3368 iu
829 3330 861 3369 ea
877 3314 950 3370 inte·
1003 3316 1118 3368 utentur.
1135 3314 1200 3385 (iu.)
1213 3314 1327 3370 Relictis
1347 3314 1556 3385 campestribus
1573 3319 1648 3369 metu
1666 3314 1792 3369 hostium
1816 3314 1852 3368 ad
1894 3383 1898 3388 .

101 3401 156 3455 rirn
169 3402 300 3473 regnabit
316 3402 394 3457 filius
409 3403 556 3458 homeliae.
1004 3407 1140 3456 montana
1165 3402 1333 3472 confugient
1362 3417 1464 3471 aspera
1498 3402 1641 3457 montium
1668 3419 1755 3457 mann
1784 3419 1851 3474 pro·

135 3491 285 3560 Senapinta
305 3494 424 3562 quinque
451 3493 567 3546 annin
595 3490 730 3546 vicesimo
764 3494 845 3546 sexto
874 3508 949 3548 anno
1003 3490 1065 3560 pria
1075 3490 1245 3556 excolentes,
1262 3490 1349 3545 vitam
1364 3489 1498 3544 miseram
1518 3491 1729 3545 sustentabunt.
1745 3491 1852 3545 catera

98 3579 181 3650 regni
202 3578 286 3647 Ozias,
312 3579 428 3651 quando
452 3580 529 3650 lepra
552 3595 704 3650 percussus
732 3585 785 3645 est,
815 3597 848 3635 cx
882 3585 950 3636 tunc
1003 3579 1258 3651 eruutiupascua.

96 3667 218 3721 loathau
231 3668 308 3721 lilius
323 3667 384 3739 ejus
404 3667 535 3737 regnavit
550 3673 661 3736 septem
685 3672 714 3722 et
729 3668 830 3739 viginti
854 3670 947 3736 annis,
1321 3650 1433 3706 CAPUT
1452 3650 1521 3704 vnl-

98 3755 289 3825 patreadhnc
312 3755 433 3810 virente.
463 3756 531 3810 Post
551 3760 674 3811 mortem
695 3756 757 3825 ejus
771 3756 855 3810 annis
883 3773 949 3812 sea·
1039 3755 1118 3811 Vens.
1152 3759 1270 3812 l.-Et
1294 3755 1369 3812 attuit
1389 3756 1521 3810 Dominus
1546 3755 1583 3809 ad
1602 3771 1665 3810 me:
1688 3757 1768 3830 Sume
1789 3756 1850 3810 titt.

100 3842 204 3910 decim,
233 3847 298 3914 post
325 3859 412 3914 quem
435 3845 527 3899 Achae
567 3846 630 3898 aliis
654 3843 805 3913 sexdecim,
851 3851 949 3917 postea
1003 3842 1850 3914 (lirun.)Primumprophetapraedicithehazlutura,etc,

99 3937 239 4002 regnante
276 3932 396 3987 Ezechia
430 3949 475 3987 sex
513 3933 606 3987 annis.
650 3930 796 4002 Ephraim,
833 3930 862 3986 id
895 3933 946 3996 est,
1000 3946 1085 4001 usque
1108 3932 1146 3986 ad
1167 3932 1243 3986 unde
1268 3947 1383 3986 rursum
1414 3936 1512 4002 partus
1540 3929 1688 4002 virginatis
1710 3929 1850 3985 describi-

100 4020 199 4075 decem
214 4021 305 4075 trihus
324 4020 354 4074 iu
370 4022 563 4091 captivitatem
587 4021 690 4086 ducta,
717 4023 864 4074 cessarunt
886 4034 947 4073 essa
1000 4023 1058 4074 tur.

98 4110 233 4180 popolus.
792 4137 795 4143 ·
1037 4109 1168 4164 Velociter
1188 4109 1287 4179 spolia.
1316 4109 1377 4178 (lo.)
1405 4110 1463 4163 lioc
1491 4123 1597 4162 nomeu
1646 4107 1738 4179 paneri,
1769 4106 1851 4178 quasi

135 4198 214 4252 Vnae.
233 4202 275 4253 tl.
303 4228 337 4238 -
354 4200 417 4254 Pate
431 4199 483 4254 tibi
511 4201 630 4267 signum.
658 4197 722 4268 (lo.)
748 4197 782 4251 Ut
798 4195 849 4269 qui
876 4213 944 4268 pro·
1000 4195 1183 4253 dicerettNe
1202 4197 1319 4270 patiaris
1343 4199 1419 4252 ultra
1433 4196 1579 4251 diabolum
1600 4200 1850 4267 regnare30tuou

97 4286 192 4358 phetae
208 4303 266 4341 nou
296 4286 426 4351 eredidit,
457 4287 570 4342 Domini
592 4285 762 4342 auctoritate
786 4289 942 4353 terreatur;
999 4285 1127 4356 angelos,
1143 4301 1202 4340 nou
1218 4287 1374 4358 Prophetas
1385 4285 1475 4353 mitte,
1489 4284 1538 4340 sed
1554 4285 1615 4356 ipse
1628 4285 1776 4340 descende.

95 4373 591 4445 quasidiceret:Dilticilevidetur
610 4374 661 4429 tibi
692 4373 943 4444 quodregoapo-
1037 4374 1117 4430 Vens.
1138 4377 1164 4429 2.
1186 4405 1220 4414 -
1244 4377 1349 4442 Uriam,
1369 4381 1423 4429 etc.
1451 4375 1514 4445 (lo.)
1536 4376 1626 4441 Urias,
1647 4375 1694 4429 lux
1719 4373 1849 4443 Domini;

95 4462 255 4518 tentissime
270 4463 347 4518 brevi
364 4464 512 4530 liniantur,
535 4468 564 4517 et
579 4470 610 4517 tu
630 4462 759 4517 libereris
778 4467 807 4517 et
821 4463 943 4533 populus
999 4461 1157 4529 Zacharias,
1178 4464 1318 4518 memoria
1344 4463 1478 4531 Domiui3
1503 4465 1662 4531 barachias,
1688 4462 1849 4520 benedictio

94 4556 173 4616 tuus,
187 4553 234 4607 sed
249 4556 315 4622 pete
329 4551 381 4606 tibi
392 4551 517 4622 signum.
1000 4550 1130 4617 Domini,
1148 4552 1193 4606 his
1212 4551 1332 4606 testibus
1348 4553 1481 4607 nativitas
1497 4553 1613 4608 Domini
1636 4553 1850 4624 comprobatur.

132 4643 194 4696 Pete
228 4642 280 4695 tibi
317 4643 434 4711 signum.
471 4640 581 4712 Moyses
620 4639 728 4710 aceepit
759 4637 874 4710 siguum
908 4639 942 4694 de
1000 4639 1079 4694 Unde
1096 4639 1210 4694 duobus
1223 4639 1340 4695 testibus
1364 4641 1499 4696 erratibus
1511 4641 1541 4695 in
1557 4642 1690 4696 Emmaus
1711 4638 1851 4710 iucipiens

95 4734 363 4798 terra,etc.,usque
390 4730 428 4784 od
450 4735 605 4800 utrumque
633 4733 757 4783 mortem
787 4728 900 4783 Domini
915 4731 944 4783 et
1000 4727 1126 4799 aiioyse
1151 4732 1180 4782 et
1206 4728 1363 4800 prophetis,
1392 4745 1457 4801 quoe
1472 4731 1507 4785 de
1527 4747 1557 4784 se
1580 4730 1653 4785 dicta
1677 4735 1770 4799 eraut,
1794 4729 1850 4786 dis·

95 4817 425 4889 ascensionemrespicit.
1000 4815 1100 4871 seruit.
1189 4807 1195 4813 ’

132 4905 191 4961 Nou
212 4910 318 4974 petum.
349 4907 411 4961 Nou
439 4905 599 4972 humiliter,
625 4904 674 4959 sed
704 4904 838 4976 superbe.
863 4904 943 4959 Multi
1035 4905 1115 4959 Vens.
1147 4908 1173 4959 3.
1195 4936 1228 4944 -
1254 4904 1303 4959 Ad
1322 4906 1524 4976 prophetissam
1539 4907 1601 4977 (lo.)
1632 4907 1673 4962 hd
1711 4906 1849 4979 Spiritum

94 4994 172 5049 euim
199 4994 335 5066 leguntur
361 4993 521 5049 altomiuo
543 4994 624 5065 signa
649 4992 783 5065 petivisse
812 4997 841 5047 et
864 5009 942 5048 acce·
1000 4999 1130 5048 sanctum
1157 5008 1239 5064 aquo
1252 4994 1344 5049 onmis
1359 4995 1520 5065 prophetia,
1544 5012 1610 5067 qum
1640 4998 1735 5052 Graece
1751 4994 1848 5051 neutri

92 5082 181 5153 pisse,
201 5082 250 5137 sed
265 5083 357 5138 achaz
372 5083 413 5138 ita
440 5083 599 5154 respondit,
623 5087 761 5154 tanquam
788 5081 942 5137 auctorita·
999 5081 1114 5154 generis
1134 5097 1269 5152 pneuma,
1297 5083 1433 5138 Hebraico
1467 5084 1600 5138 feminini
1620 5085 1728 5151 Roach,
1745 5083 1844 5140 Latine

91 5174 179 5224 tatem
209 5171 317 5226 habens
345 5187 353 5226 ι
382 5174 441 5228 Non
470 5171 585 5225 tentabis
602 5173 742 5226 Daminmn
755 5173 836 5225 Deum
863 5174 940 5226 tuum
999 5170 1277 5242 musculiuigeneris
1304 5175 1356 5238 est,
1378 5175 1407 5226 et
1429 5171 1492 5227 ideo
1515 5172 1635 5227 dirersis
1655 5173 1847 5244 positionibus

91 5257 491 5331 Vel,timuitquodinsigno
509 5260 802 5331 Deusglorillcaretur
822 5257 942 5314 etidola
1000 5261 1128 5326 sortitur,
1156 5259 1263 5315 nullius
1287 5264 1330 5314 est
1357 5261 1445 5315 enim.
1486 5261 1536 5316 Vel
1558 5260 1592 5316 ad
1632 5261 1750 5317 Mariam
1776 5278 1844 5333 pro·

91 5345 308 5404 vilificarentur.
999 5346 1157 5419 phetissam
1172 5346 1259 5404 luisse
1269 5363 1355 5403 nemo
1370 5348 1491 5404 dubitat.

130 5434 211 5490 Vaas.
243 5437 284 5491 ll.
323 5453 424 5492 -ece
452 5438 530 5503 virae
552 5438 692 5505 corrupiet.
716 5435 778 5503 (lon
809 5436 943 5492 liebraice
1034 5438 1114 5492 Vens.
1131 5438 1158 5492 4.
1175 5435 1551 5508 -Puertlo.)l‘raecipitur
1566 5436 1666 5509 itaque
1691 5438 1845 5511 lsias,etc.,

93 5523 177 5586 alma,
193 5524 290 5580 Latine
311 5541 427 5598 quoque
441 5525 514 5580 alma
541 5524 644 5580 dicitur
670 5531 776 5590 sancta,
803 5530 868 5591 etc,
892 5540 940 5580 us-
999 5541 1084 5596 usque
1095 5527 1132 5582 ad
1146 5527 1265 5582 domum
1281 5525 1367 5583 David
1384 5527 1445 5581 sola
1460 5525 1785 5598 invocationesalvaret.
