3892 6106
37 263 90 315 aas
228 306 230 310 .
599 260 729 317 cressa
750 259 948 317 oanrusau.
970 236 1004 301 -’
1026 261 1091 318 are.
1114 261 1151 317 ιιι
1170 262 1252 320 aaa.
1751 268 1803 322 sae

70 386 156 439 Vens.
177 387 220 438 ιιι.
246 415 281 423 -
308 384 419 452 Absque
441 385 604 453 prepositis.
628 383 775 454 Praepositi
799 387 933 439 autemA
953 389 1066 454 peracto
1086 384 1192 456 pascha
1215 387 1301 456 carpit
1324 385 1465 440 aedificare
1489 386 1607 442 domum
1636 389 1750 444 Domini
1777 397 1808 447 et

37 479 104 528 sunt
120 489 210 528 sacrae
226 472 382 543 Scriptura
402 472 562 526 conditores
584 488 708 544 quoram
733 472 896 542 magisterio
950 480 1130 531 consecratus
1146 476 1263 547 mystica
1276 475 1456 531 solemnitate
1469 478 1596 547 populus
1606 477 1684 533 misit
1698 494 1801 536 manus

38 563 194 618 erudimur
208 563 314 617 inscios
330 562 442 626 docere,
458 565 670 633 contemptores
686 561 840 632 corripere,
869 565 897 615 et
950 561 987 615 ad
1000 561 1152 633 mysticum
1168 577 1252 632 opos.

37 652 163 706 invicem
179 667 270 704 onera
287 655 385 705 nostra
398 655 522 722 portare.
986 650 1129 719 AEditlcare
1143 653 1230 720 eoepit.
1248 649 1311 720 (lu,
1323 635 1402 717 ibid.)
1420 650 1472 705 Ubi
1487 651 1663 708 aediflcatum
1677 654 1714 709 sit
1729 660 1802 710 tcm-

74 743 171 795 Trium
200 741 327 794 mitlium.
353 740 475 810 Propter
498 738 584 792 fidem
618 737 774 804 Trinitatis,
808 753 896 808 quam
950 739 1075 809 plumin
1092 738 1317 809 Paralipomenls
1334 739 1542 807 manifestatur,
1568 745 1633 808 etc„
1658 758 1742 814 usquc
1763 744 1801 799 ud

41 834 136 884 sancta
158 828 274 900 eloquia
302 827 474 899 pradicant.
503 826 586 890 Quod
613 826 643 880 in
668 826 895 897 Paralipomenis
950 827 999 881 sed
1015 827 1134 881 internae
1148 827 1236 898 pacis,
1248 842 1335 898 quam
1351 842 1416 882 cum
1431 829 1578 884 conditore
1593 846 1646 886 sno
1668 831 1799 899 haberet,

43 919 92 973 tria
125 917 219 972 millia
246 917 372 972 sexcenti
398 916 496 988 scripti
525 920 602 981 sunt,
629 914 665 970 ad
689 915 894 985 perlectionem
949 915 1247 985 composellectaest.
1366 915 1368 920 '

44 1023 140 1061 eorum
155 1006 282 1078 respicit.
298 1005 432 1061 senarius
448 1004 536 1070 enim,
552 1004 583 1058 in
607 1020 665 1075 quo
689 1003 790 1058 mundi
815 1019 894 1058 corn·
985 1004 1051 1069 Qua
1064 1009 1269 1073 preparaverat
1284 1004 1386 1073 Dauid,
1403 1010 1457 1059 etc.
1475 1007 1627 1062 Paraverat
1641 1006 1718 1064 enim
1745 1009 1799 1065 ua-

45 1096 133 1167 pletus
149 1101 191 1151 cst
205 1099 334 1161 ornatus,
360 1095 485 1165 perlecta
508 1093 650 1148 bonorum
677 1109 766 1165 opera
784 1092 893 1163 signill-
948 1090 995 1144 vid
1010 1091 1170 1160 psallendo,
1185 1096 1357 1162 paraverant
1371 1092 1420 1147 alii
1433 1093 1593 1164 {prophetae
1618 1096 1800 1153 vaticinando

46 1190 108 1240 cat:
138 1190 167 1238 et
196 1183 264 1256 quia
292 1187 389 1237 sancta
413 1181 560 1251 Scriptura
590 1197 656 1235 cum
683 1180 740 1235 lide
767 1181 895 1237 veritatis
949 1177 1043 1232 locum
1061 1178 1407 1235 Domin02rerosciticct
1432 1181 1591 1250 Salomoni,
1612 1183 1644 1238 in
1669 1201 1727 1256 quo
1746 1186 1798 1241 do-

48 1290 128 1345 opera
142 1273 264 1344 justitiae
284 1271 367 1326 docet
390 1269 533 1335 habenda,
558 1274 634 1324 recte
658 1269 805 1339 praepositi
823 1285 895 1341 ope-
950 1281 1029 1321 mum
1045 1267 1208 1333 aedilicaret,
1224 1267 1292 1339 quia
1305 1268 1567 1325 cordaauditorum
1587 1271 1643 1326 tide
1667 1273 1798 1329 institue-

51 1378 104 1417 ram
120 1360 224 1432 templi
236 1360 291 1415 tria
307 1359 397 1414 millia
416 1365 446 1414 et
459 1358 584 1412 sexcenti
603 1357 729 1413 luerunt.
949 1360 1026 1422 runt,
1041 1360 1189 1410 monentes
1204 1360 1236 1410 ut
1250 1356 1429 1412 incarnatum
1447 1358 1497 1413 Dei
1517 1359 1621 1416 Filium
1645 1362 1723 1417 fideli
1747 1365 1799 1419 de-

78 1452 160 1505 veas.
184 1455 226 1505 ιι.
248 1481 279 1489 -
307 1449 487 1517 Praecpttque
509 1462 558 1500 ren
581 1451 612 1499 ut
640 1446 771 1500 tollerent.
797 1444 893 1515 (Bana,
948 1444 1064 1499 votione
1092 1444 1278 1514 susciperent.
1303 1445 1403 1500 Unde:
1429 1447 1628 1504 Leuateoculos
1654 1455 1798 1507 oestroset

53 1540 118 1608 ibid.)
133 1539 177 1594 Ad
191 1537 392 1593 redificandum
404 1535 523 1590 domum
540 1532 654 1589 [lamini
664 1533 758 1604 primo
774 1532 851 1603 ligno
866 1537 896 1587 et
948 1533 1036 1587 uidete
1049 1535 1180 1601 reqioncs,
1198 1536 1263 1601 quia
1278 1533 1345 1587 alba
1357 1537 1421 1588 suat
1431 1535 1491 1603 jam
1505 1536 1543 1590 ad
1556 1552 1666 1592 messem
1682 1555 1689 1593 ε
1707 1545 1733 1593 et
1750 1545 1800 1610 qui

55 1627 150 1697 lapides
164 1627 200 1681 de
222 1630 320 1680 monte
342 1625 501 1690 creduntur,
527 1629 593 1690 etc,
622 1639 706 1694 usque
733 1621 770 1676 ad
794 1620 892 1676 unde:
948 1624 1034 1688 metit,
1051 1621 1195 1675 mercedem
1209 1623 1309 1690 occipit
1325 1638 1331 1675 :
1347 1626 1373 1675 et
1395 1629 1539 1690 oonprepot
1560 1628 1681 1692 fructum
1702 1631 1733 1682 in
1755 1634 1797 1683 ui·

54 1715 260 1787 Superadillcati
287 1730 368 1778 super
398 1712 608 1781 surrdameatum
651 1709 834 1781 apostolurum
868 1709 930 1786 etp
951 1714 1005 1764 tam
1031 1714 1170 1778 aternam,
1193 1716 1223 1764 ut
1247 1713 1295 1778 qui
1314 1712 1429 1766 seminat
1450 1713 1532 1766 simul
1551 1714 1670 1780 qaudeat
1698 1721 1724 1773 et
1749 1721 1799 1788 qui

52 1801 358 1874 popteraramfflptcs.
374 1800 414 1871 ιι).
949 1797 1125 1867 metit(Joaa.
1149 1797 1196 1867 vr).
1218 1797 1299 1860 Quod
1319 1797 1409 1853 dicit:
1437 1802 1538 1855 levate
1567 1803 1663 1858 oculos
1688 1809 1798 1861 vestros
1877 1861 1881 1867 ,

80 1892 195 1962 Lapides
210 1890 338 1959 prandes.
353 1891 466 1960 (Brea,
482 1888 563 1954 ibid,
580 1904 645 1959 cap.
663 1885 703 1956 ι.)
719 1885 768 1939 Vel
783 1882 893 1954 lapides
948 1891 977 1940 et
991 1884 1082 1940 videte
1098 1886 1190 1939 locum
1205 1885 1256 1956 qui
1271 1876 1389 1954 paratus
1402 1891 1444 1941 cst
1464 1888 1500 1943 ad
1523 1888 1722 1947 aedificandam
1744 1894 1797 1949 do·

48 1981 167 2048 pretiosi,
185 1978 471 2051 grandes,quadrati,
487 1976 574 2048 primi
597 1980 664 2030 saint
686 1966 827 2045 magistri,
843 1970 894 2043 qui
948 1988 1039 2038 mum,
1061 1976 1090 2027 et
1113 1971 1163 2044 qui
1183 1973 1306 2028 oedillcat
1332 1974 1471 2044 docendo,
1498 1979 1659 2033 mercedem
1684 1981 1797 2053 accipit,

46 2067 79 2121 ab
91 2068 151 2139 ipso
167 2066 290 2123 Domino
304 2066 420 2121 audiere
442 2065 559 2120 verbum
582 2063 692 2118 salutis.
714 2060 894 2133 superpositi
948 2065 977 2115 ct
994 2064 1150 2131 congregat
1172 2061 1281 2131 lapides
1305 2062 1444 2134 pretiosos
1465 2064 1495 2119 in
1521 2066 1607 2123 vitam
1634 2072 1795 2127 aeternam:

41 2167 108 2210 vcro
122 2156 240 2211 ordines
255 2155 381 2227 lapidum
398 2155 441 2208 rel
454 2154 600 2223 lignorum
624 2156 779 2223 sequentes
802 2165 894 2204 sacer·
949 2155 979 2205 nt
995 2155 1023 2205 ct
1035 2151 1085 2222 qui
1098 2155 1180 2222 parat
1196 2152 1291 2205 locum
1305 2152 1426 2208 aedificio
1439 2154 1525 2210 simul
1549 2160 1673 2228 gaudeat
1695 2166 1724 2217 et
1748 2164 1798 2234 qui

36 2239 122 2299 dotes
135 2246 179 2300 rel
197 2244 335 2306 doctores,
347 2259 472 2315 qnorum
488 2240 693 2312 predicatione
719 2237 821 2294 crescit
844 2238 893 2292 Ec·
949 2239 1080 2306 aedillcat,
1109 2239 1139 2295 id
1163 2245 1206 2293 est
1228 2240 1368 2311 propheta
1396 2249 1549 2299 venturum
1581 2248 1748 2316 predicens,
1770 2256 1799 2306 et

32 2329 125 2387 etesia
144 2337 172 2388 et
188 2337 309 2387 ornatur
323 2331 485 2387 virtutibus.
948 2328 1094 2398 apostolas
1108 2327 1266 2398 predicans
1279 2328 1432 2384 Dominum
1446 2332 1621 2402 venientem,
1640 2353 1697 2392 una
1710 2339 1797 2394 simul

82 2423 162 2490 (llas.
180 2437 216 2476 ex
233 2420 312 2492 aad.)
338 2419 420 2484 Quali
448 2423 543 2473 autem
568 2417 663 2473 colore
682 2417 798 2471 luerunt
821 2413 893 2485 lapi·
948 2416 1078 2484 mercede
1092 2415 1249 2487 potiantur.

26 2503 103 2577 des,
118 2516 185 2574 etc,
200 2525 285 2580 usque
300 2509 338 2563 ad
350 2523 476 2563 marmor
497 2506 651 2562 candidum
676 2520 709 2558 er
734 2519 791 2575 quo
824 2516 893 2556 con·
983 2505 1019 2559 la
1039 2504 1218 2572 turpitudine,
1242 2509 1295 2560 etc.
1317 2506 1476 2574 longitudo
1498 2509 1601 2564 domus
1624 2512 1796 2584 longanimi·

19 2600 146 2654 seruere
161 2600 321 2654 estdomus
341 2598 508 2664 electorum,
535 2595 678 2649 actionem
701 2590 839 2647 mundam
866 2593 894 2643 et
948 2597 1037 2647 tatem
1053 2592 1183 2647 Ecclesia
1197 2592 1348 2663 significat,
1374 2610 1431 2666 qua
1449 2596 1593 2666 patienter
1616 2599 1733 2657 adversa
1750 2607 1795 2658 to-

17 2688 245 2743 conscientiam
259 2689 295 2743 ab
321 2686 401 2742 omni
425 2702 486 2740 aevo
509 2682 705 2755 corruptionis
725 2680 892 2750 castigatam
948 2681 1028 2745 lerat,
1055 2682 1147 2736 donec
1167 2680 1203 2736 ed
1225 2681 1348 2752 patriam
1371 2683 1530 2753 perveniat.
1557 2685 1620 2739 llaec
1643 2690 1687 2740 est
1714 2701 1795 2741 sexa·

14 2770 201 2848 8ἰςιιιιιοιιις
219 2776 319 2830 unde:
346 2775 505 2831 Mandemus
533 2787 581 2828 aas
605 2772 639 2826 ab
662 2772 736 2827 omni
757 2770 891 2838 iaqumu·
946 2769 1027 2840 ginta
1043 2768 1216 2835 cubitorum,
1236 2768 1304 2841 quia
1328 2771 1458 2825 senarius
1480 2772 1685 2843 perfectionem
1704 2773 1795 2830 bono·

15 2869 135 2933 namra,
150 2869 202 2919 etc.
221 2864 263 2934 (tl
277 2865 337 2921 Gor.
353 2863 414 2932 ιιι).
947 2875 1011 2913 rum
1024 2875 1145 2929 operum
1160 2858 1320 2930 significat;
1337 2859 1405 2931 quia
1419 2859 1795 2935 debemusperlonganirni·

77 2957 105 3009 la
114 2953 324 3020 fundumentum
338 2952 438 3020 templi.
456 2952 542 3018 (Bana
566 2947 647 3019 ibid.)
664 2946 892 3002 Fundamentum
947 2950 1034 3001 tatem
1049 2945 1088 3000 ita
1101 2947 1218 3000 adversa
1233 2946 1366 3016 tolerare,
1383 2951 1415 3002 at
1429 2949 1566 3020 perbona
1576 2967 1664 3023 opera
1673 2951 1794 3024 promis·

15 3042 237 3108 estChristus,
253 3045 320 3107 etc,
335 3055 420 3110 usque
438 3039 476 3093 ad
490 3044 523 3093 ut
546 3038 663 3109 abjectis
684 3036 787 3102 verbis,
812 3032 893 3089 factis
945 3050 1005 3089 sam
1022 3034 1145 3105 patriam
1159 3050 1322 3090 mereamur
1335 3035 1453 3092 intrare.

14 3130 323 3202 cogitationibusque
339 3127 533 3199 supervacuis,
560 3127 596 3182 ad
621 3125 794 3199 portandum
817 3106 927 3179 ararisC
984 3124 1089 3192 Viginti
1108 3123 1221 3179 cubitus.
1246 3125 1364 3196 Propter
1387 3126 1533 3196 geminam
1567 3129 1713 3185 charitatis
1746 3130 1794 3186 di·

23 3213 177 3275 Ecclesia
192 3218 273 3290 digni
287 3219 369 3273 liant.
945 3212 1089 3276 stantiam,
1101 3227 1158 3284 qua
1171 3213 1262 3267 Deum
1278 3212 1424 3284 diligimus
1441 3221 1471 3270 et
1486 3217 1661 3288 proximum.

75 3311 159 3364 Vsus.
179 3310 222 3364 l8.
243 3338 278 3347 -
300 3309 384 3362 Porro
413 3306 502 3360 Gibtii
519 3308 747 3376 praeparauerant
768 3303 845 3370 liqna
866 3305 893 3357 et
980 3304 1012 3357 ln
1025 3301 1180 3356 altitudine.
1201 3300 1331 3357 latitudo
1353 3304 1523 3359 charitatem
1548 3306 1700 3378 significat,
1728 3324 1794 3380 quaa

23 3392 157 3468 lapideo.
175 3396 255 3468 (Rae.
272 3412 306 3451 ex
321 3396 398 3462 Bed,
417 3392 609 3465 stultiores
626 3397 669 3448 est
691 3390 791 3446 civitas
813 3390 893 3446 Phoe·
946 3389 1065 3445 dilatato
1078 3389 1144 3444 sinu
1157 3389 1261 3444 mentis
1276 3390 1383 3446 amicos
1397 3391 1429 3447 in
1453 3394 1520 3462 Deo,
1545 3400 1574 3450 et
1594 3395 1727 3452 inimicos
1751 3397 1793 3453 di·

28 3487 123 3553 nicis,
140 3487 208 3549 etc,
224 3499 309 3552 usque
335 3483 373 3537 ad
393 3498 446 3536 nec
469 3481 662 3536 sanctuarium
686 3477 819 3545 Domino,
843 3478 892 3533 sed
946 3480 1011 3551 ligit
1034 3484 1152 3551 propter
1172 3481 1262 3534 Deum
1290 3481 1381 3536 donec
1403 3483 1440 3538 ad
1464 3500 1564 3555 pacem
1586 3488 1730 3543 conversis
1751 3489 1795 3545 rel

31 3575 158 3630 ruinam
175 3573 231 3628 sibi
245 3571 376 3638 aedilicat,
393 3569 444 3643 qui
459 3570 559 3625 docere
571 3568 720 3641 praesumit
739 3566 816 3639 quod
832 3567 893 3636 ipse
946 3566 1076 3623 funditus
1091 3566 1245 3634 exstinctis,
1262 3582 1328 3623 cum
1343 3568 1408 3624 solis
1423 3569 1523 3626 amicis
1537 3573 1662 3643 gaudeat
1683 3573 1714 3630 in
1737 3576 1794 3632 llo·

36 3675 103 3720 non
117 3661 229 3719 didicit
949 3656 1038 3711 mino·

80 3753 126 3809 Ad
143 3749 337 3820 aedificandum
358 3748 475 3804 domum.
501 3747 563 3818 (ln,
590 3746 672 3816 ibid.)
698 3746 765 3800 Post
789 3743 893 3799 fanda·
984 3746 1080 3814 (Bene,
1095 3743 1174 3812 ibid.)
1191 3743 1364 3811 Notandum,
1380 3744 1449 3816 quia
1463 3745 1580 3819 triginta
1593 3749 1681 3805 cubiti
1697 3750 1796 3808 altitu·

47 3853 176 3896 mentam
189 3839 225 3894 de
239 3838 343 3893 talibus
362 3836 565 3908 compositam,
587 3835 752 3891 aedillcanda
779 3839 822 3889 est
844 3834 894 3889 do·
949 3830 1024 3887 dinis
1039 3846 1097 3884 non
1112 3846 1201 3901 usqae
1217 3830 1253 3885 ad
1268 3835 1374 3886 tectum
1389 3833 1501 3905 templi,
1515 3834 1563 3889 sed
1579 3851 1670 3908 usque
1686 3837 1722 3893 ad
1738 3855 1797 3895 coe·

51 3944 110 3985 mus
123 3927 293 4002 preparatis
307 3925 392 3998 lignis
407 3930 436 3980 et
448 3924 602 3996 lapidibus,
628 3928 656 3978 et
681 3922 780 3978 ordine
807 3922 896 3977 collo·
949 3919 1083 3976 naculum
1097 3918 1442 3990 interiuspertingebant.
1458 3923 1563 3992 Aperte
1576 3923 1653 3978 enim
1669 3925 1700 3980 in
1714 3927 1797 3983 Para·

53 4019 123 4086 catis,
137 4016 189 4088 qni
202 4015 238 4071 de
262 4030 313 4070 sao
338 4014 393 4069 sita
420 4014 464 4067 rel
490 4010 622 4067 abstracti
649 4015 725 4077 sunt,
745 4009 814 4081 quia
832 4012 898 4080 post
950 4007 1103 4080 lipomanis
1121 4005 1260 4078 scriptum
1274 4011 1317 4063 est
1331 4009 1409 4080 quod
1424 4009 1544 4066 altitudo
1560 4017 1677 4067 centurn
1692 4014 1798 4086 viginti

57 4106 140 4174 prima
154 4104 224 4160 fidei
247 4103 421 4170 rudimenta,
446 4105 510 4172 post
533 4100 634 4155 collata
658 4100 689 4154 in
712 4097 794 4154 nobie
816 4098 898 4169 juxta
951 4097 1114 4154 cubitorum
1136 4099 1207 4163 erat,
1231 4095 1266 4151 de
1288 4097 1369 4167 cujas
1384 4098 1426 4153 rei
1447 4100 1630 4156 sacramentis
1655 4102 1749 4173 aptius
1767 4103 1799 4159 in

60 4195 211 4267 exemplum
231 4192 397 4247 sublimium
421 4190 548 4245 virorum
571 4189 758 4245 fundamenta
780 4185 898 4240 humili·
952 4186 1082 4259 sequenti
1096 4184 1273 4253 tractabitur,
1290 4185 1387 4242 nbiad
1413 4187 1542 4243 medium
1566 4191 1745 4248 caenaculum
1771 4199 1799 4249 et

63 4282 125 4348 tatis,
138 4281 289 4338 addendus
303 4280 388 4336 estin
402 4280 494 4334 altum
509 4279 603 4349 paries
617 4277 758 4332 bonoram
767 4290 897 4347 operam,
952 4275 1069 4332 tertium
1084 4272 1214 4329 lectionis
1226 4274 1296 4329 ordo
1311 4276 1484 4346 pervenerit.

64 4375 85 4425 et
97 4371 177 4443 qnasi
191 4369 380 4442 superpositis
394 4369 449 4423 sibi
460 4367 582 4423 invicem
600 4366 748 4422 ordinibus
770 4363 900 4436 lapidum
990 4366 1115 4433 Priqiata
1133 4363 1245 4419 cubitos,
1270 4365 1391 4436 Propter
1411 4365 1498 4422 tidem
1518 4367 1674 4437 trinitatis,
1698 4370 1730 4425 in
1751 4387 1800 4426 cu·

65 4458 260 4527 proficiendum
276 4458 312 4513 de
325 4457 430 4511 virtute
445 4456 476 4510 in
489 4455 634 4509 virtatem.
913 4454 936 4511 l)
952 4455 1000 4526 jus
1013 4452 1123 4508 visione
1136 4456 1238 4508 cuncta
1253 4452 1394 4509 desideria
1413 4455 1475 4527 spat
1496 4462 1601 4515 nostra
1624 4457 1799 4529 suspendan-

392 4544 505 4599 CAPUT
519 4543 563 4598 Vl.
614 4584 624 4595 .
955 4549 1012 4599 tur.
1028 4539 1139 4612 Singuli
1153 4541 1267 4594 numeri
1279 4557 1331 4612 per
1353 4542 1451 4598 decem
1473 4545 1712 4617 multiplicantur.
1734 4547 1804 4618 quia

92 4635 170 4691 Pras.
187 4637 211 4689 l.
233 4663 268 4673 -
283 4633 557 4698 Factumestiqitur.
581 4628 661 4699 (Rea.
683 4644 716 4683 ex
741 4627 828 4698 bed„
849 4626 899 4681 lib.
954 4648 1006 4704 per
1031 4631 1117 4687 fldem
1147 4634 1177 4684 et
1200 4630 1357 4686 custodiam
1387 4631 1457 4704 legis
1484 4634 1622 4704 patientia
1652 4635 1804 4691 salubriter

68 4720 207 4794 urenpto
224 4722 335 4790 Salam,
351 4737 413 4792 cap.
431 4720 469 4790 5.)
487 4719 531 4774 Fit
545 4717 778 4774 commemoratio
802 4731 901 4787 egres·
956 4728 1103 4776 exercetur
1118 4735 1126 4774 ι
1140 4718 1262 4774 charitas
1277 4719 1397 4775 viriliter
1408 4722 1539 4791 ardescit,
1565 4728 1594 4778 et
1617 4739 1682 4794 spes
1713 4724 1802 4779 subli-

68 4809 140 4866 sionis
154 4810 191 4865 de
206 4810 338 4880 AEgypto,
352 4813 415 4872 etc..
432 4822 517 4877 usque
538 4806 575 4861 ad
596 4822 647 4860 nec
668 4805 814 4876 Scriptura
837 4819 901 4876 quae
956 4809 1042 4866 miter
1056 4808 1091 4864 ad
1106 4811 1214 4863 aterna
1226 4807 1346 4880 rapitur.

69 4901 175 4968 gratiam
192 4899 263 4955 Novi
275 4898 447 4953 Testamenti
461 4897 610 4951 intimaret
623 4896 655 4951 in
671 4895 776 4950 Veteri.
991 4901 1022 4954 la
1037 4897 1192 4953 altitudine.
1216 4897 1345 4954 Altitudo
1369 4896 1512 4969 significat
1535 4914 1616 4970 spem
1639 4900 1804 4957 retributio·

95 4994 172 5045 Anao
185 4994 295 5060 quarto.
311 4987 417 5052 Quarto
442 5000 517 5040 anno
537 4984 613 5056 regis
636 4984 796 5040 Salomonis
819 4982 904 5055 coepit
956 4988 1001 5044 nis
1016 4987 1130 5055 tutare,
1145 5003 1198 5057 pro
1214 5003 1271 5058 qua
1285 5002 1421 5058 prospera
1440 4989 1485 5040 vel
1505 4986 1622 5041 adversa
1636 4988 1806 5060 contemnit,

70 5075 191 5132 edificari
205 5076 309 5132 domus
324 5092 330 5130 :
348 5075 416 5147 quia
431 5081 496 5146 post
514 5074 657 5145 expletam
682 5072 788 5128 Christi
808 5072 901 5127 incar·
957 5078 1048 5134 donec
1061 5075 1155 5131 videat
1170 5077 1245 5131 bone
1259 5074 1374 5129 Domini
1388 5074 1418 5128 in
1432 5079 1509 5128 terra
1521 5074 1689 5131 viventium.

10 5206 12 5231 ,
70 5165 178 5220 ιιιιιοιιιε
193 5163 440 5236 dispensationem
460 5163 491 5216 in
507 5166 631 5235 quatuor
650 5160 808 5231 Evangeliis
831 5160 903 5215 scri·
993 5167 1074 5220 vans.
1092 5168 1118 5220 3.
1135 5196 1169 5205 —
1194 5166 1313 5219 Porticus
1336 5168 1405 5224 erat,
1435 5169 1488 5218 etc.
1515 5163 1555 5218 lle
1584 5164 1637 5219 hac
1664 5165 1696 5219 in
1720 5166 1806 5219 Para-

72 5256 144 5321 ptanr,
173 5254 261 5310 misso
281 5253 389 5324 Spiritu
412 5256 509 5307 sancto
533 5249 662 5306 Ecclesiae
686 5255 827 5305 structura
848 5265 904 5304 ιω·
957 5252 1108 5327 lipomanis
1123 5252 1163 5308 ita
1179 5252 1336 5323 scriptam:
1363 5252 1498 5307 Particum
1523 5266 1586 5306 uero
1606 5256 1669 5306 ante
1691 5254 1809 5320 frontem
1875 5322 1879 5329 Ι

10 5348 12 5353 ·
73 5341 112 5410 pit.
959 5358 1020 5414 quac
1035 5341 1195 5398 tendebatur
1213 5343 1243 5395 iu
1265 5341 1373 5408 tanqam
1393 5341 1480 5410 juata
1501 5356 1656 5396 massuram
1678 5342 1809 5398 latitudi-

98 5433 180 5488 ldense
195 5433 250 5487 Zia
265 5432 335 5501 [ipse
353 5434 392 5485 est
411 5430 534 5498 mensis.)
560 5428 654 5501 (Bana,
677 5428 799 5496 ibidem.)
822 5427 904 5494 Quod
957 5434 1001 5485 nis
1014 5432 1164 5487 cubitorum
1178 5428 1279 5498 uipiuti
1293 5426 1336 5498 (Il
1347 5428 1443 5485 Parat.
1468 5431 1517 5500 ιιι).
1544 5430 1626 5485 Patet
1649 5445 1717 5502 ergo
1738 5430 1808 5503 quia

75 5532 156 5578 nense
172 5521 307 5587 secundo,
321 5523 387 5587 cta,
402 5518 537 5590 usquead
553 5518 628 5573 unde
646 5522 725 5589 petet
746 5517 815 5589 quia
839 5533 904 5573 mox
960 5516 1086 5589 porticos
1101 5513 1156 5568 ista
1169 5513 1204 5569 ad
1219 5512 1390 5571 orientalem
1404 5517 1504 5590 templi
1522 5522 1635 5591 partem
1656 5517 1733 5575 tacta
1757 5525 1810 5575 est.

238 5593 377 5661 Parnon.
400 5591 508 5658 extu.
1562 5595 1604 5659 ιι
