3892 6106
150 258 201 315 tea
467 258 666 316 wateeuuu
686 259 810 316 stetui
830 261 930 318 FULD.
953 261 1034 319 ΙΙΟΝ.
1053 260 1130 319 ΟΡΡ.
1150 262 1239 319 PARS
1257 260 1277 318 Ι.
1298 290 1333 301 -·
1352 261 1579 321 innobentur.
1841 269 1893 322 ree

135 376 168 432 de
192 377 254 433 boe.
275 378 368 451 Hebr.)
390 382 514 435 Acerrue
534 379 634 452 lingua
653 379 782 447 Uebraen,
809 383 878 455 etc,
899 381 1018 449 nequet
1038 383 1089 453 qui
1104 383 1190 438 israel
1204 381 1301 453 ipsum
1313 382 1433 449 vocarit,
1451 382 1618 438 auctoritato
1633 383 1777 451 ducimur,
1802 398 1892 455 quam

137 464 175 519 ud
188 464 218 519 in
232 481 289 538 qua
302 465 453 524 habitabat
466 483 599 525 sermono
615 471 784 527 mutaverat.
1037 467 1192 538 cujuslibet
1201 468 1373 539 eloquentia
1387 467 1540 525 secularis.

172 554 264 624 (isio.)
290 557 412 625 austere.
442 556 520 612 lnter
538 556 648 627 fideiee,
668 560 727 611 tem
752 554 867 611 iudreoe
897 568 985 626 quani
1073 556 1154 612 Vens.
1186 557 1276 612 dodi.
1301 587 1336 599 -
1357 578 1371 606 ιι
1394 556 1564 628 vocavitque
1584 556 1681 623 iacob,
1696 577 1710 605 ιι
1734 561 1788 612 etc.
1815 556 1890 614 titud

137 642 266 713 gentiles,
296 646 439 701 tertiaeet
463 645 534 716 iapie
553 644 683 702 eminens
708 645 739 700 in
767 643 985 700 similitudinem
1037 659 1153 715 quoque
1166 645 1241 716 quod
1256 644 1396 717 sequitur,
1418 666 1432 694 ιι
1446 649 1474 700 et
1497 643 1644 700 benedixit
1662 660 1740 711 eum,
1762 644 1890 699 vocarit-

139 730 260 798 Cbrieti;
277 735 306 786 et
323 749 439 790 ecerrue
455 733 595 804 lapidum,
615 733 665 806 qui
685 738 728 790 est
749 731 903 789 multitudo
924 749 985 787 cre·
1038 732 1193 803 queiaoob
1215 749 1320 788 nomen
1342 733 1395 788 ioci
1417 733 1495 788 iUius
1517 732 1655 797 Phanuel,
1680 732 1788 802 dicens,
1799 753 1813 782 ιι
1833 736 1889 789 etc.

139 818 279 875 dentium.
1038 820 1070 874 ln
1100 820 1219 875 Hebraeo
1245 820 1351 876 dicitur
1374 843 1388 872 ιι
1403 821 1542 888 Phanuel,
1559 842 1573 870 ιι
1599 825 1630 876 ut
1650 820 1772 875 aciamus
1795 821 1890 891 ipsum

145 971 158 992 .
176 908 254 964 Vens.
283 909 373 966 53-54.
404 940 437 952 -
466 932 479 960 ιι
493 910 603 965 iuravit
629 910 755 978 Jacob»
784 914 842 966 etc.
873 912 927 965 Per
951 910 986 964 ti·
1038 923 1099 962 eeee
1122 909 1218 964 iocum
1247 913 1296 981 qui
1324 909 1354 964 in
1378 909 1487 965 certeris
1514 909 1669 980 Scripturae
1694 909 1891 965 voluminibus

142 1013 250 1052 rnorem
263 997 368 1052 seilicet
381 1013 438 1071 quo
463 999 581 1054 timebat
603 1000 704 1067 Deum,
729 1014 816 1072 quem
837 1014 986 1054 commen·
1040 995 1197 1052 secundum
1213 997 1357 1062 Hebraeos,
1374 1000 1495 1054 Phanuel
1510 997 1625 1070 iegitur.

140 1086 218 1139 davit
231 1101 328 1157 eupra,
344 1085 451 1143 dicens.
466 1107 480 1136 «
497 1088 529 1142 Et
542 1086 639 1155 timor,
655 1109 669 1136 ιι
683 1091 738 1143 etc.
1077 1084 1183 1155 (circ,
1196 1085 1246 1141 lib.
1259 1102 1285 1140 ιι
1301 1087 1409 1154 Merui,
1432 1103 1494 1159 cap.
1520 1087 1560 1152 d.)
1582 1085 1735 1155 Ouaeritur,
1747 1102 1813 1142 cum
1838 1079 1891 1145 Ve'·

175 1174 319 1230 Verere.
344 1205 378 1214 -
403 1197 417 1225 ιι
429 1175 524 1231 baben
548 1191 615 1231 vero
639 1176 674 1231 de
698 1179 787 1236 nocte,
815 1180 868 1229 ete.
880 1198 894 1223 ιι
916 1173 988 1239 Quia
1042 1173 1109 1228 ritae
1137 1173 1233 1229 dicat:
1261 1195 1275 1223 ιι
1293 1177 1381 1230 Νιιιιιο
1407 1174 1513 1230 videbit
1540 1175 1642 1229 taciem
1663 1191 1773 1243 meam;
1791 1197 1804 1224 ιι
1834 1177 1891 1232 Et:

140 1261 234 1317 luban
249 1267 277 1316 et
300 1261 386 1316 Jacob
412 1266 492 1318 trans
514 1262 634 1318 flurium
656 1268 853 1333 perrexeruut,
877 1261 988 1334 signiti-
1043 1282 1057 1310 «
1074 1260 1164 1315 Deum
1190 1277 1274 1317 neruo
1310 1262 1381 1317 vidit
1402 1278 1541 1334 uuquam,
1557 1284 1570 1311 ιι
1597 1262 1743 1334 quomodo
1770 1266 1893 1318 testatur

139 1366 204 1404 care
225 1353 319 1422 potest
336 1349 407 1406 duos
425 1352 548 1423 populos
577 1367 629 1422 per
648 1350 823 1423 baptismum
839 1351 875 1406 ad
895 1351 988 1407 Eccle·
1040 1349 1126 1405 Jacob
1142 1367 1148 1405 :
1167 1371 1181 1400 ιι
1197 1350 1259 1407 Vidi
1275 1351 1430 1405 Dominum
1453 1349 1524 1405 iacia
1547 1349 1582 1406 ad
1605 1349 1727 1406 taciem?
1747 1372 1760 1399 »
1787 1351 1894 1407 Hume-

139 1438 212 1494 aiam
227 1438 383 1494 venientes.
407 1439 463 1496 Sed
489 1440 574 1496 Jacob
599 1441 672 1496 ultre
696 1441 910 1512 progrediente,
937 1440 989 1495 ba·
1043 1453 1087 1493 na
1102 1439 1180 1494 enim
1195 1446 1305 1494 mentes
1319 1440 1401 1494 ocuio
1416 1438 1547 1493 interiori
1567 1444 1702 1512 purgato,
1721 1444 1786 1508 etc,
1806 1455 1894 1512 utque

141 1526 198 1582 ban
213 1543 343 1584 reversus
358 1532 409 1595 eet,
429 1528 497 1601 quia
519 1527 586 1584 iiiiie
606 1529 676 1583 lucie
700 1528 731 1584 in
749 1528 877 1600 profectu
896 1528 988 1583 virtu·
1042 1527 1080 1582 nd
1094 1527 1170 1582 uude
1184 1527 1196 1582 Ι
1211 1526 1266 1583 Cor·
1294 1544 1341 1583 ιιιιι
1361 1544 1369 1582 ι
1394 1551 1407 1577 ιι
1423 1529 1500 1583 Tune
1515 1544 1684 1600 cognoscam
1702 1528 1775 1585 sicut
1800 1535 1830 1584 et
1848 1547 1895 1584 co·

141 1623 203 1674 tum
218 1622 284 1688 post
298 1617 471 1690 baptismum
487 1617 659 1688 meantibus,
673 1617 790 1690 reprobi
805 1618 839 1674 de
855 1621 989 1690 percepta
1004 1658 1026 1714 B
1044 1617 1142 1688 guitus
1156 1632 1230 1671 aum.
1248 1638 1261 1665 ιι

141 1705 279 1778 dignitate
296 1709 359 1778 poet
372 1705 505 1762 Setenam
523 1706 552 1761 iu
567 1705 738 1779 apostasiam
750 1707 882 1762 redeunt.
1344 1705 1457 1761 CAPUT
1474 1707 1589 1761 ΙΙΙΙΙΙΙ.

337 1829 340 1833 J
1079 1794 1163 1849 Vane.
1183 1796 1240 1849 1-9.
1256 1823 1290 1834 ·-
1306 1813 1320 1841 ιι
1336 1792 1452 1848 Elevans
1468 1799 1565 1849 autem
1586 1794 1671 1850 iacob
1695 1795 1802 1849 ocoioe.
1825 1838 1832 1849 .
1855 1835 1862 1849 .
1884 1837 1890 1849 .

449 1846 562 1901 CAPUT
582 1847 683 1902 mn·
1044 1880 1197 1954 divisitque
1212 1881 1287 1936 iiiios
1303 1881 1358 1937 Liar
1374 1887 1403 1936 et
1431 1882 1548 1949 Rachel,
1567 1904 1581 1932 ιι
1606 1885 1660 1937 etc.
1683 1883 1789 1955 Aquita
1811 1882 1893 1938 dimi·

178 1971 258 2024 Vane.
274 1971 379 2024 2·d.-
395 1971 520 2024 «Caetra
540 1969 673 2026 Ueieunt
694 1969 796 2025 bac.»
824 1968 878 2026 Ubi
900 1973 991 2025 curba
1043 1971 1140 2033 dtuuit.
1171 1975 1204 2026 ut
1229 1985 1320 2026 unum
1345 1985 1468 2025 cuneum
1491 1969 1597 2024 feceret
1624 1968 1792 2025 anciilarum
1828 1987 1894 2026 cum

142 2056 235 2130 posita
253 2063 330 2124 eunt,
354 2056 386 2112 iu
409 2059 528 2114 Hebraeo
551 2060 709 2114 metuuntur
730 2068 848 2125 otium
870 2061 904 2112 ut
923 2057 991 2112 ecia·
1044 2058 1171 2132 parvulis
1185 2057 1253 2123 auis,
1270 2062 1298 2113 et
1312 2059 1434 2114 alterum
1455 2057 1612 2114 liberarum
1631 2075 1698 2114 cum
1721 2058 1788 2113 iiiiie
1814 2058 1893 2127 euie;

142 2162 218 2214 mue,
232 2145 256 2201 ei
271 2146 386 2219 quando
410 2146 631 2218 interpretatum
652 2147 683 2202 in
701 2147 757 2203 aiio
778 2146 840 2202 ioco
863 2146 991 2218 ponitur,
1045 2147 1210 2220 primaeque
1226 2146 1352 2204 mitteret
1366 2147 1493 2214 ancillae,
1517 2148 1656 2203 secundae
1680 2146 1808 2202 liberae:
1834 2146 1895 2218 ipse

143 2250 230 2307 quam
246 2234 340 2290 locum
364 2233 517 2307 significet.
543 2238 575 2292 Et
598 2235 716 2308 pulchre
741 2235 776 2290 ad
799 2235 915 2291 fratrem
936 2234 992 2309 inif
1045 2242 1111 2292 ante
1126 2252 1226 2291 omnes
1241 2236 1356 2291 fratrem
1373 2237 1544 2292 adoraturus
1557 2239 1728 2291 occurreret

145 2322 250 2379 micum
268 2323 371 2385 iturus,
393 2323 562 2396 angelorum
584 2324 785 2380 comitantium
809 2339 874 2380 eum
898 2322 992 2378 choris
1081 2326 1163 2381 Vnus.
1181 2327 1270 2380 ΙΙΙ-13.
1286 2345 1352 2374 -ιι
1372 2324 1417 2380 Sic
1438 2324 1516 2379 enim
1538 2323 1606 2389 ridi,
1622 2345 1636 2374 ιι
1663 2328 1714 2378 etc.
1737 2322 1832 2393 (Aue,
1862 2323 1893 2390 Q.

143 2411 293 2482 excipitur.
1044 2415 1075 2468 in
1089 2414 1154 2470 Gerr.
1166 2417 1236 2467 tom.
1253 2411 1311 2482 ΙΙΙ.)
1330 2412 1428 2468 Utrum
1452 2411 1582 2482 perantia
1602 2417 1630 2467 et
1653 2412 1815 2482 perturbati
1828 2411 1894 2466 ani-

179 2500 260 2556 Vaas.
276 2503 336 2556 7-9.
354 2530 389 2541 -
407 2499 541 2556 «Timuit
553 2501 649 2569 Jacob,
666 2524 680 2551 »
695 2506 748 2556 etc.
775 2502 866 2572 (Arc,
890 2501 991 2566 Queat.
1046 2518 1094 2556 mo
1108 2500 1204 2569 verba,
1224 2505 1289 2567 etc,
1305 2516 1389 2570 usque
1405 2500 1443 2554 ud
1466 2499 1515 2572 qui
1534 2501 1662 2556 Graecum
1686 2500 1784 2556 audire
1807 2505 1836 2556 et
1855 2501 1895 2555 iu-

144 2589 173 2642 iu
197 2585 276 2656 Gen.)
304 2587 399 2654 Quaeri
413 2591 507 2658 potest
526 2588 671 2660 quomodo
693 2588 778 2644 tidem
803 2587 903 2643 habuit
925 2603 993 2658 pro·
1046 2589 1174 2661 tetiigera
1189 2590 1291 2643 solent.

146 2675 253 2730 miessis
268 2675 326 2745 Uei,
343 2676 419 2749 quod
434 2677 488 2731 hoo
499 2675 581 2733 dixit.
594 2677 649 2734 Sed
663 2677 726 2732 fleri
740 2677 837 2750 potuit
859 2681 890 2730 ut
913 2690 992 2731 ever·
1081 2679 1167 2733 vaae.
1185 2678 1227 2732 ti.
1241 2706 1278 2719 -
1294 2698 1308 2725 ιι
1321 2679 1352 2732 Ut
1372 2693 1425 2748 ego
1448 2693 1561 2750 sequar,
1577 2699 1591 2726 ιι
1617 2683 1670 2733 etc.
1695 2677 1787 2749 (Aue.)
1812 2678 1894 2743 Quer-

144 2768 323 2820 teretcaetra
339 2766 402 2836 ejus
423 2765 505 2835 Uenu,
533 2771 560 2820 at
585 2769 653 2821 tunc
673 2771 738 2837 poet
764 2765 842 2821 iiiam
864 2764 992 2820 afflictio·
1046 2767 1120 2822 ritur
1147 2766 1171 2820 ei
1200 2766 1379 2821 mendacium
1409 2767 1490 2822 tratri
1513 2767 1688 2838 promiserit.
1714 2768 1771 2823 Uoc
1805 2766 1895 2829 anim.

145 2853 344 2918 nemadeeeet,
361 2859 390 2908 et
405 2870 491 2926 quam
513 2854 657 2926 promisit,
682 2854 824 2927 impleret.
847 2854 880 2910 Et
900 2853 995 2909 admo-
1047 2855 1120 2911 eicut
1145 2853 1290 2925 Scriptura
1315 2859 1421 2919 narrat,
1448 2869 1507 2908 non
1527 2854 1610 2921 iecit;
1634 2854 1683 2910 aed
1703 2870 1737 2910 eo
1770 2855 1897 2926 perrexit

144 2957 249 2996 namur
262 2941 317 2997 hoc
330 2943 472 3013 exemplo.
489 2946 520 2997 ut
530 2943 660 3016 quamvis
674 2943 823 2998 credamne
836 2941 868 2997 in
894 2941 1029 3007 Ueum,C
1047 2943 1149 2998 itinere
1165 2942 1242 3013 quod
1256 2939 1398 3011 dirigebat
1410 2942 1446 2996 ad
1459 2957 1535 2996 euos.
1560 2945 1602 2997 An
1626 2942 1699 2997 torte
1723 2942 1816 2996 veraci
1839 2942 1896 2996 ani-

28 3094 33 3103 Ι
143 3030 283 3085 iaciamus
298 3035 395 3085 tamen
406 3046 471 3102 quae
486 3031 618 3087 faciende
628 3031 756 3101 {suntin
776 3029 875 3084 eeiutie
896 3027 994 3100 praesi·
1048 3048 1094 3087 mo
1119 3029 1260 3102 promisit,
1291 3028 1340 3084 scd
1373 3029 1452 3084 aiiud
1490 3036 1589 3101 postea
1626 3030 1778 3101 cogitando
1821 3030 1894 3085 dcte·

145 3118 235 3175 dium,
264 3118 355 3174 Verba
380 3135 495 3191 quoque
517 3121 603 3176 iacob
623 3118 831 3175 consideranda
859 3123 935 3182 eunt,
952 3116 995 3172 di·
1047 3119 1112 3190 git?

145 3205 235 3261 centia
251 3221 257 3261 :
276 3227 290 3255 ιι
306 3207 480 3280 benepatria
500 3208 558 3262 mei
578 3207 732 3271 Abraham,
748 3229 762 3256 ιι
790 3211 854 3274 etc,
875 3206 944 3277 quia
964 3205 993 3260 in
1084 3206 1226 3264 «Socotb.
1257 3229 1271 3256 ιι
1284 3205 1423 3278 (Uictor.)
1458 3205 1510 3263 Ubi
1534 3222 1586 3261 noe
1609 3207 1786 3262 intemerata
1809 3206 1897 3262 trube·

146 3292 191 3350 hie
205 3293 298 3349 verbis
314 3294 483 3350 ethumane
498 3294 649 3350 intirmitae
663 3298 692 3348 et
714 3293 785 3349 iidoc
807 3293 922 3365 pietatis
945 3307 995 3364 ep·
1048 3310 1122 3362 mus,
1149 3294 1180 3349 in
1211 3294 1329 3350 Hebraeo
1353 3294 1460 3364 iegitur
1481 3295 1580 3350 Socott
1604 3305 1691 3356 niun.
1721 3295 1768 3350 Est
1800 3299 1896 3353 autern

27 3389 30 3395 ’
148 3388 238 3455 paret.
1048 3398 1137 3455 nsque
1161 3381 1247 3438 hodie
1271 3381 1368 3437 ciritae
1390 3386 1469 3437 trans
1487 3383 1641 3438 Jordanem
1666 3383 1719 3437 boc
1747 3384 1896 3451 vocabulo,

183 3470 261 3526 Vens.
281 3473 324 3526 ru.
351 3500 387 3512 -
403 3490 418 3520 ιι
428 3469 557 3526 Transiri
569 3470 734 3538 Iordanem,
750 3492 764 3520 ιι
794 3473 848 3525 etc.
875 3471 929 3525 Per
947 3467 994 3524 ba·
1048 3471 1078 3527 in
1093 3470 1367 3543 perteScytopoleos
1383 3471 1417 3525 de
1438 3487 1495 3543 que
1516 3471 1548 3525 in
1570 3470 1644 3526 libro
1672 3471 1810 3528 Lucerum
1829 3471 1898 3527 ecri-

147 3556 286 3628 ptiemum
305 3557 474 3629 conjunctus
489 3563 531 3613 aet
551 3558 645 3631 perier
665 3558 701 3614 de
726 3558 870 3630 gentibus,
894 3557 921 3612 ei
945 3555 994 3629 qui
1048 3559 1168 3633 primns.

148 3644 298 3701 ertudoeie
314 3661 320 3701 :
337 3646 491 3718 primitiva
506 3650 603 3703 umen
627 3646 757 3702 Ecclesia
779 3661 838 3701 uon
865 3645 944 3701 deest
962 3645 996 3701 ti·
1084 3648 1164 3702 Vnae.
1207 3649 1302 3703 18-ἳο.
1347 3667 1361 3694 ιι
1375 3644 1574 3718 Transiritque
1604 3645 1635 3701 in
1673 3646 1804 3716 Salem·
1844 3653 1896 3704 etc.

149 3733 396 3800 moriudreorum,
411 3735 490 3807 quod
504 3732 645 3807 significet
659 3736 740 3790 Esau.
782 3716 789 3731 ⁹
1050 3735 1190 3808 (Urraou.)
1205 3734 1329 3800 Qirreetic
1354 3734 1483 3789 oboritur
1504 3734 1649 3806 quomodo
1671 3735 1765 3791 satem
1793 3736 1898 3793 Sichen

184 3822 266 3879 veae.
296 3827 384 3880 ΙΙ-Ιθ.
416 3855 450 3864 -
467 3844 482 3874 ιι
503 3825 574 3880 Erue
595 3839 641 3879 mc
664 3822 699 3879 de
720 3838 818 3888 manu,
834 3844 848 3873 ιι
874 3826 927 3878 etc.
951 3821 996 3877 Sic
1048 3822 1409 3894 oiritaeeppeiietur,cum
1424 3822 1615 3892 Hierusalem,
1637 3823 1668 3878 in
1688 3840 1746 3895 que
1769 3821 1900 3896 regnarit

148 3916 213 3967 orat
242 3916 275 3967 ut
301 3927 381 3985 epem
410 3912 513 3968 timore
543 3911 718 3981 moderetur,
743 3916 772 3967 et
790 3912 922 3966 timorem
945 3925 995 3982 epe
1048 3910 1261 3967 Melchisedech.
1278 3910 1606 3967 Saiemantedictaeii.
1624 3915 1680 3967 Aut
1703 3911 1793 3982 igitur
1814 3913 1900 3967 cuiue

148 4001 322 4069 consoletur,
342 4001 506 4074 significent
529 4006 562 4057 ut
586 4001 653 4057 vitre
674 4003 778 4056 noetrae
804 4004 832 4056 et
855 3999 994 4056 domesti·
1050 4004 1169 4071 utraque
1184 3999 1252 4054 urbe
1269 3998 1393 4054 nominis
1408 4003 1461 4067 eet,
1488 3998 1568 4071 quod
1586 3999 1621 4054 de
1640 4000 1771 4071 pluribus
1792 4002 1900 4056 iudaeae

150 4105 249 4144 corum
268 4088 377 4145 ratione
399 4091 593 4159 consulamus,
617 4093 646 4146 at
667 4093 764 4145 tamen
786 4088 836 4145 Dei
857 4088 995 4145 auxilium
1048 4086 1118 4142 iocis
1132 4087 1305 4154 invenimus,
1324 4086 1446 4142 ntidem
1460 4088 1529 4143 urbe
1540 4092 1567 4142 et
1589 4088 1645 4143 loci
1667 4104 1772 4143 nomen
1791 4088 1820 4144 iu
1843 4088 1900 4144 aiia

148 4177 321 4232 invocemus.
1049 4175 1147 4230 atalia
1164 4175 1240 4232 tribu
1256 4175 1302 4230 eit.
1319 4178 1375 4230 dut
1401 4175 1456 4230 ieta
1481 4176 1587 4246 Salem,
1615 4192 1680 4249 quae
1708 4193 1761 4248 pro
1785 4176 1900 4234 Siebem

185 4266 265 4320 Vane.
292 4267 387 4321 tit-27.
411 4295 446 4307 —
472 4288 486 4315 ιι
502 4267 622 4323 Placabo
646 4265 741 4338 iilum,
756 4288 770 4317 ιι
796 4271 849 4322 eto.
873 4265 998 4321 Haecin·
1051 4280 1127 4319 nnnc
1151 4264 1347 4330 nominantur,
1375 4264 1503 4320 dicemus
1528 4263 1710 4336 interpretari
1730 4281 1900 4321 centummo-

150 4353 287 4424 terpoeite
304 4359 402 4408 eunte
422 4354 571 4426 scriptore.
596 4355 659 4410 Non
683 4360 726 4410 est
749 4355 826 4411 enim
847 4354 997 4425 prudentie
1051 4357 1202 4424 temetque
1215 4354 1364 4424 perfectum
1382 4369 1389 4406 :
1404 4357 1431 4409 ci
1452 4353 1532 4408 iilam
1556 4369 1622 4424 quer
1643 4357 1742 4425 postea
1766 4354 1900 4409 Uierusa·

151 4446 242 4497 artem
254 4458 336 4497 eoam
351 4441 496 4514 detegere,
511 4443 594 4499 etsie
618 4443 659 4499 eie
682 4459 747 4499 cum
771 4443 876 4515 quibua
902 4444 998 4514 egitur
1051 4439 1198 4495 iamdicta
1219 4443 1271 4504 est,
1299 4442 1452 4511 pociacum.
1479 4442 1637 4514 Utrumque
1657 4447 1772 4497 accentu
1799 4442 1898 4513 paulu·

151 4535 314 4603 suspectum
324 4546 353 4586 eo
367 4530 473 4587 iacere.
1051 4529 1112 4583 lum
1139 4527 1292 4596 declinato,
1316 4528 1369 4584 hoc
1394 4529 1562 4584 vocabulum
1586 4533 1676 4584 sonet.
1700 4529 1828 4585 Tradunt
1842 4530 1900 4585 He·

187 4620 298 4691 (Genu.
315 4621 386 4676 bern.
407 4622 450 4688 ii,
475 4622 506 4675 tn
526 4621 649 4690 Europ,
671 4624 743 4677 tom.
768 4621 810 4692 ΙΙ.)
822 4623 935 4690 diprttce
955 4622 997 4676 Je-
1051 4615 1211 4689 braeiquod
1226 4616 1320 4672 iemnr
1333 4617 1518 4672 claudicantis
1532 4617 1617 4673 Jacob
1631 4617 1670 4673 ibi
1686 4625 1817 4672 sanetum
1839 4618 1899 4673 eit:

151 4706 205 4762 cob
218 4723 283 4764 cnm
302 4708 338 4764 ad
353 4710 486 4779 parentes
499 4707 633 4780 proprios
656 4707 739 4774 redit,
764 4713 829 4777 etc,
851 4724 937 4780 utque
961 4706 1000 4764 nd
1051 4705 1173 4777 ideoque
1195 4705 1338 4761 civitatem
1365 4709 1455 4762 curati
1486 4711 1572 4778 atque
1593 4709 1709 4777 perfecti
1730 4707 1899 4763 vocabulum

79 4834 82 4838 ι
151 4798 184 4849 ut
196 4795 334 4851 saevitate
349 4795 451 4851 intima
466 4795 556 4850 Ueum
569 4795 829 4867 apprehendamus.
1052 4798 1245 4850 consecutum.

189 4903 203 4932 ιι
220 4883 253 4938 Et
277 4900 341 4940 eece
357 4884 409 4949 vir,
424 4905 439 4935 ιι
464 4889 517 4950 etc,
544 4884 619 4955 (lein.
643 4885 674 4939 ia
697 4884 774 4951 Geta,
800 4887 873 4940 tom.
898 4882 942 4954 V.)
966 4884 999 4938 Ιιι

152 4967 208 5025 boo
232 4970 428 5044 principaliter
455 4971 625 5028 recrementi
644 4971 786 5028 Dominici
806 4972 904 5045 imago
925 4972 998 5045 iigu·
1353 4933 1467 4991 CAPUT
1485 4934 1615 5040 ΜΝ,

151 5062 213 5113 rata
237 5063 288 5129 aet,
316 5065 381 5129 etc,
410 5076 495 5132 usque
522 5062 561 5117 ud
592 5076 629 5117 ne
655 5061 731 5116 nitra
765 5060 826 5132 jam
860 5076 999 5133 generare
1088 5059 1170 5114 Vnae.
1210 5061 1234 5112 t.
1260 5086 1295 5099 -
1320 5079 1333 5107 ιι
1360 5058 1479 5128 Egreaea
1506 5060 1550 5112 eet
1581 5059 1676 5112 autem
1706 5056 1788 5124 Dina,
1806 5079 1820 5106 ιι
1846 5061 1900 5114 etc.

154 5147 250 5223 poerit.
1052 5148 1147 5221 (Gneo.
1163 5145 1194 5202 in
1209 5147 1327 5213 Pastor„
1351 5161 1374 5200 o.
1407 5145 1463 5218 30.)
1494 5145 1577 5211 Dine,
1602 5150 1633 5200 ut
1656 5144 1791 5200 mutieres
1810 5152 1903 5201 extra·

188 5236 271 5292 Vnae.
288 5239 333 5302 28,
348 5240 394 5295 29.
409 5269 444 5279 -
465 5260 479 5289 ιι
495 5239 692 5312 Nequaquam,
712 5236 808 5310 inquit
828 5237 926 5306 Jacob,
952 5255 999 5311 ep·
1045 5226 1115 5309 'near
1130 5234 1257 5308 regionis
1271 5233 1541 5306 videetegreditur,
1571 5249 1635 5288 cum
1656 5249 1738 5288 meus
1761 5249 1817 5290 sua
1845 5239 1902 5291 etu-

156 5344 170 5372 ιι
182 5322 336 5394 peilabitur
355 5340 460 5380 nomen
475 5329 569 5395 tuum,
582 5326 643 5392 eod,
657 5347 672 5378 ιι
692 5329 744 5381 etc.
762 5325 889 5396 (Ηιιιιιοιι.
913 5327 943 5379 iu
966 5326 997 5393 Q.
1053 5325 1101 5380 dia
1123 5324 1284 5396 negligens,
1310 5323 1436 5379 actiones
1459 5322 1566 5379 alienae
1588 5338 1701 5389 ciurana,
1725 5325 1806 5377 extre
1824 5322 1901 5378 ordi·

156 5411 399 5483 Hebr.)iosephne
420 5412 450 5466 ia
473 5413 548 5469 libro
571 5414 665 5484 primo
684 5414 908 5487 Antiquitatum,
932 5418 998 5482 etc,
1053 5429 1120 5470 nem
1147 5412 1296 5486 proprium
1325 5417 1472 5484 evagatur.
1500 5411 1592 5477 Quem
1620 5411 1743 5477 sichem,
1766 5410 1902 5483 princepe

155 5501 291 5573 usquead
310 5519 361 5558 noe
385 5501 475 5574 magis
496 5500 663 5575 Scriptura,
691 5508 720 5558 et
742 5502 914 5576 angeliaci
937 5502 998 5572 Dei,
1053 5507 1148 5562 terrm.
1177 5502 1325 5576 opprimit,
1349 5491 1418 5576 quia
1432 5502 1576 5557 inventam
1602 5501 1630 5555 in
1654 5501 1729 5555 curia
1754 5501 1901 5555 exteriori-
