3892 6106
56 214 108 270 'tut
643 212 772 270 ctosss
789 214 996 274 Ollilthltit.
1020 248 1051 256 --
1073 217 1136 275 ΜΒ.
1158 218 1238 277 GEN.
1417 260 1420 265 -
1766 226 1821 285 101

57 338 91 392 de
104 335 244 391 omnibus
260 334 306 390 his
321 337 398 390 certe
413 333 548 407 mmtmia
558 333 774 405 exsculpuntur,
803 353 855 391 nee
869 337 913 392 in·
934 340 952 395 h
971 346 1092 410 gnatur;
1112 357 1177 413 quse
1192 345 1287 397 temen
1312 340 1343 397 in
1361 343 1513 414 Evangelio
1538 345 1688 417 poenitcuti
1712 346 1819 404 dimitti

58 424 236 489 venirentur,
254 424 310 479 nisi
326 423 407 497 prius
421 423 681 496 quaedemradiees
695 423 824 480 historie
834 426 912 497 jace·
968 428 1147 500 praecipitur.

57 518 180 579 matur,
194 528 247 567 nee
261 513 296 568 de
311 512 400 567 ramis
420 511 555 567 arborum
578 511 688 568 tructus
710 514 830 584 legeres,
857 513 913 569 nisi
1004 518 1148 585 (titanos.
1161 520 1240 588 epist.
1262 519 1299 573 od
1313 522 1432 585 Durum.)
1458 521 1547 576 Aiunt
1571 522 1607 578 ab
1621 523 1711 578 Adam
1726 541 1817 596 usque

58 608 276 656 truncosantca
291 601 459 673 plantasses.
968 604 1002 659 ed
1014 605 1157 660 Christum
1183 608 1382 677 generationes
1410 624 1470 663 esse
1499 611 1683 681 septuaginta
1706 619 1816 685 septem

92 691 178 745 Vens.
208 692 252 746 te.
284 720 320 731 —
344 708 358 742 a
387 689 441 754 Qui
468 689 576 761 accepit
602 688 800 758 dnesuxores,
823 709 837 742 s
857 698 912 748 etc.
968 695 1123 750 secuudum
1156 697 1269 752 Lucam.
1300 696 1376 751 Sicut
1401 714 1470 768 ergo
1488 698 1609 770 septima
1629 700 1816 770 generatione

59 780 199 846 tlsrn.,ut
224 785 330 849 supro.)
364 778 527 833 Notandum
543 779 619 849 quod
652 779 850 849 generationes
877 781 913 835 ab
967 788 1116 851 peccatum
1131 784 1200 839 Cain
1225 786 1350 839 solutum
1365 791 1427 840 est:
1445 806 1458 836 ι
1478 787 1539 841 Non
1570 788 1648 843 enim
1677 788 1817 858 judicabit

59 872 150 923 Adam
163 884 215 940 per
229 868 298 922 Cain
313 866 476 922 undenario
490 866 693 936 terminantur,
708 868 736 920 in
753 883 809 939 quo
825 873 910 922 trans
970 872 1099 926 licusbis
1115 872 1294 942 inidipsum,
1311 891 1324 926 s
1342 879 1370 926 et
1389 874 1439 945 qui
1462 876 1549 930 seurel
1575 877 1683 946 recepit
1710 877 1740 932 in
1760 877 1818 933 rite

58 956 173 1027 gressio
203 957 346 1027 signatur.
392 956 513 1011 Lamech
540 970 666 1026 namque
700 955 839 1026 septimus
871 961 914 1011 est
968 976 1101 1026 sua,non
1125 960 1240 1015 eosdem
1267 962 1408 1016 cruciatos
1433 963 1558 1032 patietur
1572 963 1602 1019 in
1619 972 1712 1022 morte
1743 982 1816 1037 qnos

58 1046 103 1100 eni
118 1051 180 1099 tres
199 1045 252 1100 titii
266 1050 362 1099 etuna
374 1044 431 1099 ntia
444 1043 599 1112 adduntur,
617 1049 648 1097 ut
668 1043 844 1098 undenarius
858 1045 912 1099 im·
968 1063 1068 1119 passius
1087 1053 1130 1103 est
1145 1049 1174 1102 in
1191 1049 1247 1102 tite
1259 1065 1310 1103 sua
1326 1066 1333 1104 :
1350 1051 1431 1105 itaet
1448 1052 1578 1118 Lamech,
1594 1051 1622 1106 id
1648 1057 1701 1120 cst,
1726 1053 1815 1108 totius

60 1135 186 1204 pleatur,
201 1148 355 1204 perquem
374 1137 521 1204 peccatum
536 1131 716 1203 signitlcatur
731 1149 737 1188 :
754 1148 822 1187 nam
845 1141 873 1187 ct
896 1149 914 1187 e
969 1136 1070 1190 mundi
1083 1143 1242 1207 peccatum,
1258 1136 1361 1192 Christi
1375 1138 1500 1192 solvetur
1512 1138 1648 1194 aduentu.
1669 1139 1820 1196 Referebat

61 1221 171 1276 lumina
181 1221 326 1276 clauditur
337 1221 497 1292 generatio,
513 1235 578 1293 qum
595 1221 711 1275 initium
738 1222 844 1290 peccati
860 1222 915 1276 luit
969 1223 1040 1279 mihi
1066 1226 1183 1295 quidam
1209 1227 1343 1280 liebraeus
1366 1227 1547 1298 septuaginta
1575 1233 1685 1298 septem
1708 1229 1819 1283 animos

61 1327 112 1381 per
128 1310 210 1382 qnod
225 1312 355 1381 uoluptas
373 1309 477 1376 carnis,
494 1325 559 1381 quse
570 1308 800 1380 resistitspiritui
833 1309 911 1364 Unde
968 1313 1059 1367 exisse
1075 1313 1109 1367 de
1125 1313 1253 1380 Lamech,
1272 1328 1336 1385 qum
1350 1314 1592 1370 omnesinteriore
1608 1315 1726 1371 diluuio.

62 1400 172 1455 Noema
206 1403 334 1465 recator,
356 1398 383 1453 id
411 1403 462 1460 est,
481 1399 615 1467 octuplus.
644 1398 674 1452 ln
702 1398 754 1452 bec
775 1398 912 1468 progenie
1007 1401 1085 1454 Vens.
1101 1402 1145 1455 25.
1162 1430 1196 1442 -
1221 1420 1234 1452 ι
1259 1402 1396 1472 Cognovit
1409 1418 1522 1473 quoque
1537 1403 1740 1471 adhuc‚»etc.
1765 1406 1819 1462 Per

61 1487 429 1559 lamechprimuscontra
444 1502 565 1557 morem,
586 1490 845 1553 contrenatoram,
862 1501 914 1557 per
969 1488 1045 1547 Seth.
1075 1489 1123 1560 qrri
1152 1488 1358 1560 interpretatur
1386 1494 1558 1559 resurrectio,
1598 1492 1728 1563 signatur
1762 1495 1819 1550 rita

61 1576 223 1648 bigamiam
240 1575 413 1632 adulteruim
425 1575 579 1631 commisit.
971 1577 1074 1633 Christi
1084 1594 1118 1633 ex
1139 1579 1282 1634 mortuis:
1308 1579 1384 1649 qood
1408 1579 1437 1632 in
1464 1579 1556 1634 verbis
1584 1581 1684 1635 matris
1708 1582 1817 1654 signill-

97 1667 180 1720 Vsas.
198 1668 244 1720 eo.
260 1694 296 1708 -
312 1685 326 1715 u
341 1664 502 1735 Genuitqoe
529 1663 591 1720 Ado
604 1664 695 1732 labet,
712 1682 725 1714 o
745 1668 797 1719 ete.
823 1663 913 1733 (lirae.
971 1671 1072 1720 cahu:
1091 1688 1102 1715 ι
1121 1667 1219 1722 Posuit
1233 1666 1305 1721 mibi
1321 1667 1457 1723 homirius
1471 1683 1570 1723 semen
1596 1669 1715 1736 atind,u
1736 1672 1818 1742 quasi

62 1757 89 1809 in
106 1757 207 1824 quast.
225 1753 321 1823 neor.)
339 1754 377 1808 lle
394 1752 518 1823 bigamia
542 1752 759 1807 nascituri-obet
781 1752 917 1807 babitans
971 1755 1177 1812 dicutlicctesia
1194 1755 1401 1821 :Quoeluctum
1422 1756 1527 1826 penult
1555 1756 1728 1823 demortuo,
1744 1774 1817 1829 gau·

63 1845 90 1900 in
104 1842 253 1912 tentoriis,
269 1858 334 1914 quae
359 1841 506 1896 mrstabilia
520 1840 737 1896 instabilitatem
763 1856 863 1896 eorum
879 1841 916 1895 tl·
972 1843 1025 1898 deo
1040 1844 1075 1898 de
1090 1843 1267 1898 resuscitato.

63 1932 247 2003 grarant,qui
275 1931 518 1986 circumferuntur
544 1930 624 1984 omui
653 1934 737 1984 rento
766 1931 914 1985 doctrines.
1008 1933 1086 1988 Vens.
1106 1931 1330 1995 tn-uQuem
1348 1931 1665 1999 vocavitEncs,oetc.,
1683 1933 1818 1989 Cnosiu-

65 2021 197 2075 Nascitnr
209 2026 239 2074 et
265 2019 365 2084 Tubel,
386 2018 438 2091 qui
452 2017 585 2073 inventor
604 2018 731 2086 musicae,
751 2024 816 2086 etc,
832 2032 917 2086 usquc
970 2025 1145 2091 terpretatur
1160 2022 1236 2075 bomo
1253 2038 1260 2076 :
1279 2043 1289 2068 ι
1311 2021 1361 2092 qui
1385 2022 1472 2092 eoepit
1491 2022 1624 2079 invocare
1642 2040 1747 2078 nomen
1765 2025 1818 2079 llo·

65 2109 98 2163 ud
109 2110 186 2163 sicut
200 2108 292 2173 lebet,
308 2107 399 2163 Tubel
415 2113 443 2161 et
455 2106 618 2163 Tubalcain.
972 2109 1075 2180 minius
1087 2110 1156 2182 quia
1170 2126 1222 2182 per
1244 2116 1367 2165 mortem
1401 2110 1516 2175 Christi,
1543 2128 1628 2183 qnam
1648 2111 1820 2184 significavit

97 2199 178 2252 t'ras.
195 2199 240 2251 it.
260 2226 294 2238 -
309 2217 323 2245 ι
341 2197 371 2250 Et
386 2212 489 2250 nomeu
502 2197 598 2251 fratris
611 2195 775 2267 ejuslubel.
792 2215 806 2248 s
822 2196 915 2267 (Rue.)
970 2198 1051 2263 hbet,
1076 2203 1105 2253 et
1124 2213 1175 2270 per
1197 2199 1444 2264 resurrectionem,
1468 2215 1555 2270 quam
1577 2200 1720 2272 significet
1739 2201 1817 2258 Seth.

64 2288 143 2342 liunc
159 2285 261 2341 scribit
283 2286 425 2356 tosepbus
441 2285 578 2339 musicam
597 2285 743 2356 scripsisse
762 2285 792 2339 in
807 2284 917 2338 duabus
971 2286 1004 2340 fit
1033 2287 1120 2341 bomo
1144 2287 1282 2342 confitens
1312 2287 1466 2343 Dominum
1493 2288 1683 2359 conditorem,
1700 2295 1729 2345 et
1753 2291 1819 2348 ritus

62 2375 219 2438 columnis,
243 2390 302 2428 una
325 2372 444 2444 lapidee,
471 2374 560 2429 attere
572 2373 707 2437 latericia,
730 2373 916 2445 quarumlel·
971 2376 1091 2446 perditae
1106 2382 1311 2447 reparatorem.

63 2471 196 2519 teranon
212 2462 418 2518 dissolveretur
432 2461 552 2524 diluvio,
578 2461 667 2517 attere
693 2477 758 2533 quus
783 2476 842 2516 uon
863 2462 918 2515 sol·
1008 2462 1147 2534 (tirason.)
1164 2481 1177 2516 e
1195 2464 1284 2530 Quem
1305 2464 1413 2519 uocauit
1439 2465 1523 2520 Eoos.
1545 2484 1559 2517 s
1584 2466 1658 2521 ileos
1679 2467 1820 2540 interpre-

63 2558 178 2608 veretur
201 2550 336 2606 incendio
353 2566 359 2606 :
376 2565 440 2622 quae
464 2551 522 2606 duo
543 2549 654 2621 judicie
681 2549 771 2604 Adam
797 2554 918 2604 ventura
972 2557 1049 2607 tatur
1063 2553 1150 2622 homo,
1161 2555 1238 2624 quie
1256 2553 1347 2624 'eoepit
1360 2555 1492 2608 invocare
1519 2569 1626 2610 nornen
1656 2556 1767 2612 Domini
1784 2575 1818 2613 :a

65 2641 250 2713 predixerat.
972 2641 1045 2695 sicut
1056 2642 1145 2696 adam
1164 2643 1240 2697 bomo
1261 2644 1474 2714 iuterpretatur,
1490 2643 1529 2696 ita
1543 2643 1630 2698 etiem
1651 2644 1725 2699 Enos
1737 2645 1820 2716 juxta

98 2732 183 2785 Vens.
201 2731 246 2783 el.
263 2757 331 2783 -...
354 2749 365 2778 ι
392 2725 558 2781 tubalcain.
575 2725 667 2797 (Rae)
691 2725 745 2791 oui
759 2726 918 2781 secuudum
974 2730 1138 2785 tlebraicam
1159 2731 1307 2785 veritatem
1318 2733 1405 2798 bomo,
1418 2731 1460 2784 vet
1478 2733 1537 2797 uir3
1553 2735 1583 2785 et
1597 2733 1726 2803 pulchre,
1749 2735 1819 2806 qnia

63 2819 224 2890 losephum
247 2833 292 2871 res
320 2816 434 2870 bellicas
458 2816 592 2879 exercuit,
620 2821 649 2870 et
670 2814 804 2869 decenter
824 2822 917 2869 artem
972 2818 1201 2875 bocrocabutnm
1217 2819 1328 2884 babuit,
1344 2819 1451 2874 dictum
1471 2824 1513 2874 est
1527 2819 1596 2891 quia
1622 2819 1738 2877 initium
1766 2823 1819 2879 tuit

65 2904 342 2972 tamaiumdernit3
359 2904 490 2976 quadam
512 2902 600 2959 etiam
615 2918 680 2976 quae
707 2903 742 2959 ed
767 2903 949 2960 oculotutnC
972 2914 1040 2964 tirno
1059 2907 1208 2963 invocandi
1223 2922 1330 2961 nomen
1351 2906 1489 2961 Domini:
1518 2907 1582 2962 ticet
1606 2909 1737 2980 plerique
1762 2911 1818 2965 lle·

64 2989 216 3069 pertinent
224 2994 492 3066 concupiscentiam,
512 2992 627 3047 invenit.
972 2996 1117 3052 broeorum
1135 2995 1313 3051 arbitrantur
1324 2994 1402 3066 quod
1420 2999 1490 3049 tirno
1513 2996 1639 3066 primum
1655 2996 1817 3055 innomine

100 3085 183 3139 Vns.
201 3085 250 3139 2³.
273 3111 308 3124 -
337 3103 348 3131 ι
381 3081 513 3154 Dixitque
541 3082 672 3149 Lamech,
698 3100 713 3133 s
738 3085 794 3136 ete.
827 3081 916 3153 (Rae.)
973 3084 1085 3141 llomini
1096 3090 1125 3140 ct
1139 3084 1169 3139 in
1184 3083 1371 3139 similitudine
1390 3084 1453 3156 ejus
1465 3083 1600 3139 lubricata
1615 3090 1683 3141 sunt
1694 3085 1780 3142 idota.

64 3174 154 3228 Ainrrt
170 3171 286 3228 iiebrrei
313 3171 434 3225 Lamech
457 3170 507 3225 din
530 3169 650 3225 virendo
677 3169 831 3240 caliginem
853 3185 918 3225 ocur·

65 3263 161 3316 torum
177 3259 343 3328 incurrisse,
359 3263 388 3313 et
402 3257 611 3312 adolescentem
627 3256 728 3311 ducem
739 3263 766 3313 et
776 3263 917 3312 rectorem
970 3289 973 3292 <
1314 3263 1426 3319 CAPUT
1443 3264 1474 3317 V.

64 3350 178 3404 itineris
206 3348 348 3403 babuisse.
381 3346 518 3401 Cxcrccus
539 3360 608 3416 ergo
623 3344 817 3411 venationem,
833 3346 918 3416 sagit·

65 3437 240 3494 tamdirexit
270 3451 328 3507 quo
352 3435 515 3489 adolescens
541 3434 688 3500 iudicarit,
705 3448 829 3506 casuque
846 3433 917 3490 Cain
1007 3425 1087 3482 Vens.
1107 3430 1132 3496 l,
1148 3428 1177 3481 t.
1193 3444 1253 3476 -e
1275 3425 1324 3480 llic
1339 3430 1381 3480 est
1395 3425 1468 3480 liber
1480 3424 1674 3497 generationis
1688 3425 1815 3486 idom.»

65 3526 257 3582 iuterirnteta
284 3525 418 3578 latentem
433 3521 589 3590 interiecit;
607 3522 705 3576 etboc
719 3521 851 3594 estquod
871 3521 916 3577 di·
971 3515 1011 3570 Ad
1027 3513 1243 3570 similitudinem
1265 3514 1316 3569 Dei
1329 3514 1420 3570 lactus
1433 3518 1486 3569 est.
1511 3513 1577 3581 Alii,
1600 3514 1636 3570 ad
1651 3515 1815 3573 similitudi·

63 3619 123 3671 eit:
141 3637 157 3664 a
172 3613 268 3670 Occidi
289 3613 383 3668 virum
410 3612 441 3667 in
465 3613 566 3667 rulnns
591 3626 697 3675 meum,
717 3631 728 3659 ι
752 3611 779 3665 id
796 3615 839 3666 est
852 3609 915 3665 vul.
971 3618 1037 3658 nem
1065 3603 1143 3658 Adae.
1157 3603 1206 3657 Est
1219 3601 1301 3675 qnasi
1328 3602 1509 3670 conclusion
1534 3602 1729 3674 superioribus
1750 3620 1815 3660 curu

65 3702 226 3776 „012un
240 3701 320 3756 junxi
343 3716 401 3755 non
417 3700 538 3756 bestiam
563 3700 612 3756 ,ed
638 3699 785 3755 hominem
809 3698 915 3767 accium
971 3691 1214 3762 recapitulatione.
1244 3712 1258 3741 α
1287 3691 1319 3746 ln
1347 3690 1394 3746 die
1416 3706 1473 3762 qua
1488 3691 1595 3746 creavit
1623 3692 1696 3747 lleus
1722 3692 1816 3748 bomi-

65 3793 144 3849 unde
156 3798 184 3846 et
201 3791 297 3846 furore
311 3804 445 3844 accensus
460 3788 564 3843 occidit
576 3788 795 3843 adolescentem.
971 3797 1047 3837 nem.
1067 3802 1077 3830 ι
1095 3781 1127 3835 ln
1146 3779 1192 3835 die
1207 3779 1314 3835 etenim
1343 3784 1454 3834 creatus
1478 3783 1532 3846 est,
1557 3778 1625 3850 quia
1641 3779 1671 3834 in
1689 3780 1817 3839 claritate

103 3882 187 3936 Vns.
215 3880 261 3935 23.
286 3908 355 3934 -...
380 3894 394 3929 e
421 3876 516 3934 Occidi
538 3876 645 3947 uirum,
671 3898 685 3927 o
715 3882 767 3932 etc,
794 3876 915 3947 (Saura.)
970 3871 1073 3926 dirime
1085 3867 1336 3941 contemplationis
1354 3866 1533 3922 constitutus.
1552 3889 1563 3916 ι
1582 3866 1623 3922 hd
1647 3866 1816 3925 similitudi·

68 3972 99 4027 ld
111 3968 262 4025 cstCein:
288 3967 344 4021 ein
358 3968 461 4020 volnus
474 3981 581 4032 mcum,
597 3983 611 4017 o
627 3965 757 4037 quiapro
779 3965 830 4020 illo
851 3964 914 4019 rrrt·
970 3976 1037 4015 nem
1057 3959 1117 4014 liei.
1136 3980 1147 4008 ι
1162 3957 1235 4022 Onia
1253 3957 1395 4012 rationem
1414 3956 1441 4010 ei
1453 3954 1541 4024 dedit,
1558 3971 1614 4026 qua
1630 3955 1815 4027 intelligendo

67 4059 202 4125 uerebor,
218 4057 246 4113 id
262 4060 314 4123 est,
331 4055 462 4120 occidam
481 4075 494 4102 u
520 4058 550 4109 et
568 4054 814 4115 adulescentulum
841 4054 870 4108 in
888 4053 917 4108 ti·
970 4051 1045 4106 bona
1063 4053 1092 4102 et
1121 4046 1196 4101 mele
1222 4045 1404 4111 discerneret,
1433 4042 1580 4099 intellectu
1603 4043 1745 4115 diligeret,
1771 4045 1816 4101 di·

66 4163 165 4202 rorem
179 4160 288 4210 meum,
304 4162 318 4195 s
334 4142 402 4216 quia
416 4158 468 4213 pro
479 4142 528 4197 ilto
538 4157 653 4213 qnoque
668 4141 836 4200 damnabor.
923 4180 925 4184 .
969 4133 1413 4197 lectaoblirioninontraderet,
1429 4131 1566 4187 etinhoo
1589 4130 1816 4190 Deisimilitudi·

100 4239 185 4292 Vens.
212 4235 257 4290 at.
286 4251 358 4284 -«
393 4231 563 4303 septuptum
591 4228 826 4296 ultiodabitur,s
860 4234 913 4287 etc.
935 4196 1037 4282 Dueru
1061 4226 1207 4280 retineret.
1238 4222 1292 4278 Sed
1316 4225 1468 4293 postquam
1506 4237 1557 4293 per
1587 4219 1815 4278 inobedientiam

65 4325 153 4396 (Aac)
172 4322 333 4390 Altcporice.
363 4320 513 4374 Peccatum
543 4316 665 4373 Lamech
684 4315 747 4388 (qui
773 4315 915 4390 interprc·
969 4316 1042 4372 hanc
1056 4312 1274 4369 similitudinem
1290 4308 1403 4378 deterit,
1433 4309 1673 4366 tactnsiterrenus
1688 4316 1815 4367 terrenos

65 4420 142 4469 tatur
157 4412 328 4470 humiliatus)
356 4406 499 4479 significat
518 4405 708 4476 dejectionem
733 4405 853 4461 humaui
867 4423 915 4476 ge·
968 4402 1123 4478 generarit.
1143 4401 1221 4461 Unde
1236 4398 1329 4472 qualis
1344 4404 1485 4467 terrenus,
1496 4399 1565 4454 tales
1580 4403 1610 4454 et
1624 4399 1738 4454 terreni.

65 4503 140 4559 neris
159 4499 238 4572 quod
251 4496 456 4570 praevaricante
479 4495 569 4549 Adam
595 4493 780 4560 corruit,nee
806 4510 858 4566 per
881 4495 915 4548 te
1003 4493 1174 4565 (crasson,
1201 4490 1317 4544 uomet
1349 4488 1566 4549 iuGcn..tom.
1588 4487 1646 4558 tt.)
1662 4487 1814 4544 Considera

64 4608 128 4662 garn
148 4590 194 4646 vet
209 4603 262 4660 per
289 4582 547 4655 circumcisionem,
567 4597 619 4638 nec
648 4598 701 4653 per
723 4599 804 4639 snam
824 4582 914 4653 justi·
968 4581 1114 4653 quomodo
1142 4578 1241 4634 iisdem
1258 4575 1350 4632 verbis
1364 4592 1432 4631 ursus
1446 4575 1533 4631 iurarit
1548 4576 1652 4648 qtribns
1666 4582 1695 4631 et
1718 4575 1811 4648 initio,

65 4683 134 4735 tiam
160 4692 280 4747 surgere
305 4671 407 4746 potnit,
426 4671 517 4728 donee
532 4675 597 4742 post
614 4670 795 4742 septuaginta
804 4675 914 4741 septem
968 4678 1001 4726 nt
1013 4670 1126 4726 doceret
1142 4683 1194 4722 nos
1208 4666 1284 4737 quod
1295 4664 1495 4735 generationes
1514 4663 1587 4728 illas,
1605 4665 1687 4736 quasi
1709 4681 1812 4738 repro·

64 4767 268 4841 generationes
283 4761 440 4817 secundum
456 4761 559 4816 Lucem
582 4759 710 4814 Christus
728 4758 759 4831 in
774 4759 914 4815 mundum
968 4760 1018 4815 bas
1033 4758 1130 4824 tactas,
1142 4772 1235 4827 neque
1250 4754 1389 4808 memoria
1405 4758 1469 4825 post
1483 4752 1537 4808 hac
1547 4752 1696 4824 dignetur;
1711 4755 1760 4810 sed
1778 4771 1812 4812 es

65 4858 195 4922 veniens,
211 4852 352 4908 effusione
372 4848 522 4920 sanguinis
536 4851 684 4921 peccatum
701 4846 818 4914 delerit;
840 4847 915 4901 unde
968 4848 1046 4916 Seth,
1063 4845 1113 4918 qui
1129 4861 1206 4900 nrsrrc
1229 4842 1284 4899 illis
1298 4846 1456 4908 natusest,
1474 4841 1670 4913 genealogiam
1690 4843 1811 4906 orditur.

64 4947 163 5004 math,
178 4959 268 5000 mn:
969 4942 1048 4992 ntex
1079 4932 1374 5004 hoodie-aequantem
1401 4930 1607 4985 Deusbumani
1631 4931 1745 5002 generis
1766 4948 1812 4990 re·
1848 4951 1850 4954 ⁴

97 5028 335 5092 «Nondicotibi
349 5027 464 5100 septies,
493 5025 543 5082 sed
569 5040 661 5097 usque
677 5023 841 5096 septuagies
867 5039 915 5078 se·
969 5024 1078 5080 tionem
1092 5021 1206 5088 babeat,
1228 5026 1257 5076 et
1281 5018 1425 5092 quomodo
1448 5017 1513 5074 illos
1540 5024 1685 5075 aversetur
1706 5021 1813 5093 quibus

66 5127 145 5199 ptics,
159 5146 171 5173 ι
185 5124 240 5179 boc
255 5123 309 5185 est,
323 5118 456 5173 Judaersm
480 5114 677 5187 recipiendum
699 5129 761 5168 esse
785 5116 850 5185 post
868 5127 914 5166 se·
969 5109 1153 5183 sanguinaria
1168 5125 1248 5164 meus
1263 5112 1315 5163 est.

66 5214 215 5285 pmaginta
231 5214 343 5280 septem
366 5204 515 5270 vindictas,
542 5203 566 5257 si
581 5201 744 5273 resipuerit,
759 5205 789 5256 et
811 5200 916 5257 Christi
1006 5203 1076 5256 Vens
1103 5201 1176 5256 nun.
1192 5227 1227 5240 -
1243 5219 1256 5246 a
1276 5195 1349 5251 Vixit
1372 5199 1469 5251 eutem
1492 5196 1593 5263 Adam,
1619 5202 1723 5268 oete..
1737 5200 1813 5271 (Hie-

66 5299 279 5374 indutgentiem
307 5293 465 5360 quesierit.
487 5290 672 5363 septenarius
700 5289 915 5346 universitatem
971 5307 1046 5351 aon..
1059 5291 1090 5344 in
1104 5287 1202 5355 Quasi.
1220 5284 1332 5355 Heba).
1348 5284 1500 5340 Sciendum
1515 5287 1592 5358 qood
1609 5303 1699 5360 usque
1712 5288 1748 5343 ed
1764 5288 1813 5345 di·

66 5392 206 5464 significat
219 5399 394 5460 :perquem
409 5382 495 5439 ducto
525 5379 685 5436 undenario
708 5379 740 5434 tlt
763 5383 914 5451 septuagc·
968 5379 1089 5442 lunium,
1106 5374 1196 5430 ubiin
1212 5373 1315 5429 nostris
1335 5372 1481 5429 codicibus
1503 5394 1518 5426 a
1544 5375 1763 5433 ducentorumo
1784 5382 1814 5434 et

68 5483 157 5538 narius
168 5477 324 5554 septimus,
340 5472 370 5530 in
392 5487 450 5544 quo
479 5468 644 5526 omnimoda
666 5466 854 5541 transgressio
874 5467 914 5523 si·
969 5465 1045 5538 qnod
1060 5462 1183 5520 excurrit
1197 5479 1339 5519 annorum
1354 5462 1487 5536 genuisse
1502 5465 1566 5538 quis
1581 5463 1694 5534 dicitnr,
1709 5464 1738 5521 in
1764 5466 1814 5523 lle·
