3892 6106
51 271 103 327 aar
174 274 183 287 ⁸
628 270 755 328 cacas
773 269 974 330 enarrante.
996 296 1030 314 -
1049 270 1113 328 uo.
1135 269 1247 328 savir.
1759 245 1814 332 ios

52 393 86 448 de
99 391 252 449 sacmficfis
264 396 294 448 et
310 391 490 449 ceremoniis
502 392 572 465 agit.
589 392 639 450 iiie
660 393 733 450 bene
747 396 811 465 post
830 392 940 451 Ero-t
993 393 1084 466 (Oaro.
1103 394 1196 452 lomtl.
1223 397 1248 462 t,
1271 395 1302 450 r‘a
1322 394 1420 470 berit.)
1446 393 1474 451 Si
1489 393 1648 453 secundum
1668 396 1812 470 quosdam

52 480 126 538 dum
138 482 280 554 ponitur:
306 481 337 536 in
363 481 489 538 eo‘enim
514 481 732 538 tabernaculum
747 482 908 551 ordinatur,
962 482 1049 538 etiem
1068 487 1230 538 nostrorum
1257 481 1417 554 simplicem
1445 482 1622 540 intellectum
1644 501 1811 559 sequamur,

52 570 84 626 in
104 571 164 626 hoc
181 587 216 626 ea
234 571 499 642 continenturque
513 570 651 628 Dominus
661 571 748 643 lioysi
764 572 799 628 de
814 571 908 628 taber·
962 575 992 627 et
1013 571 1121 646 absque
1143 572 1214 638 ulla,
1237 574 1270 626 ut
1290 569 1346 643 ipsi
1376 587 1427 626 uos
1446 571 1538 627 ridere
1562 575 1665 642 soient,
1693 575 1813 647 stropha

53 660 160 715 noculo
178 659 361 733 loquebatur,
377 659 589 715 ettabernacuii
607 660 799 716 caeremonia.
963 660 1042 716 verbi
1063 663 1092 716 et
1106 658 1251 733 allegoriae
1266 659 1364 716 nubilo
1384 675 1481 716 rocem
1496 661 1667 733 legislatoris
1687 663 1811 736 excipia-

88 748 123 804 Si
140 764 200 820 que
215 751 312 803 autem
327 751 437 820 quaerat
451 763 540 820 qnare
557 747 624 804 libri
644 747 715 820 legis
730 746 813 803 dirisi
830 752 907 815 sunt,
963 765 1037 819 mus,
1053 765 1122 823 ergo
1137 748 1341 806 ecclesiasticus
1357 748 1410 805 sub
1430 749 1486 806 lide
1514 750 1617 807 Christi
1644 750 1752 820 virens,
1781 756 1810 807 et

54 853 123 895 cnm
153 837 277 893 historia
301 840 431 908 tempore
457 835 579 892 indivisa
604 836 650 901 sit,
678 836 910 907 respondendum
962 836 993 894 in
1010 838 1104 893 medio
1130 837 1258 894 Ecclesiae
1272 837 1392 909 positus,
1408 837 1444 893 ad
1462 837 1680 894 sacriticandnm
1705 839 1811 895 vitulos

55 932 126 983 est:
148 930 183 982 ut
205 925 352 982 fastidium
371 925 478 980 scilicet
500 925 599 980 lectori
620 923 745 980 auferret
770 925 909 981 librorum
962 927 1006 983 rei
1027 942 1126 999 agnos,
1164 926 1199 981 ad
1223 925 1398 982 offerendam
1421 927 1545 983 similam
1578 943 1645 983 curn
1668 927 1752 983 thure
1781 932 1811 983 et

56 1015 177 1083 divisio,
194 1015 267 1070 sieut
285 1019 314 1070 et
327 1013 380 1069 riae
396 1012 489 1086 spatia
500 1013 602 1070 dividit
610 1013 713 1081 viator,
727 1016 758 1069 ut
773 1015 910 1088 tanquam
961 1017 1036 1084 oleo,
1063 1014 1152 1071 divini
1180 1015 1317 1088 praecepti
1352 1015 1519 1072 auctoritate
1540 1016 1720 1089 compellor:
1748 1016 1828 1088 ipse'

54 1104 169 1161 dirism
187 1102 439 1159 minuaturiabor.
962 1119 1032 1178 ergo
1058 1103 1205 1169 Dominus,
1232 1102 1293 1175 ipse
1320 1102 1440 1176 Spiritus
1473 1109 1587 1160 sanctus
1614 1104 1810 1178 deprecandus

82 1192 236 1268 *tlemus
268 1193 304 1248 ab
338 1190 441 1247 isichio
475 1190 736 1262 Hierosolymorum
766 1188 912 1263 episcopo,
963 1199 1015 1263 est,
1037 1197 1068 1249 ut
1088 1208 1204 1249 omnem
1219 1191 1353 1248 nebulam
1372 1192 1480 1264 peccati
1503 1209 1568 1266 qnae
1594 1193 1688 1249 risum
1715 1193 1811 1250 cordis

56 1281 109 1354 qui
125 1281 285 1336 Lerilicum
309 1280 376 1336 satis
397 1280 482 1351 piene
496 1279 634 1352 exposuit,
663 1281 754 1336 multo
783 1279 910 1351 collegit,
961 1281 1051 1338 nostri
1060 1281 1203 1348 obscurat,
1213 1278 1324 1336 auferre
1335 1280 1479 1352 dignetur,
1493 1285 1524 1337 ut
1534 1281 1715 1354 spiritualem
1728 1281 1810 1338 intel·

57 1374 87 1424 et
101 1368 139 1423 ah
154 1369 220 1424 aliis
246 1384 361 1441 quoque
389 1367 530 1437 Patribus,
547 1367 598 1440 qui
620 1368 682 1440 ejus
709 1367 820 1440 aliquas
843 1384 911 1423 sen·
962 1363 1112 1437 ligentiem
1125 1366 1302 1436 intueamur,
1318 1369 1579 1426 secundumillud:
1603 1371 1706 1426 Revela
1719 1372 1809 1427 oculos

57 1457 166 1514 tentius
182 1461 387 1530 exposuerunt,
409 1457 541 1529 quadam
557 1456 637 1529 operi
652 1472 704 1510 suo
720 1455 862 1529 apposuit,
882 1460 912 1511 et
963 1469 1033 1511 meos
1047 1460 1073 1511 et
1085 1455 1259 1513 considerabo
1275 1457 1428 1524 mirabilia,
1445 1461 1498 1512 etc.
1515 1459 1602 1530 (Psal.
1618 1458 1722 1527 carru).

59 1563 92 1602 er
122 1546 244 1602 confuso
267 1545 473 1601 sententiarum
493 1544 594 1601 ordine
622 1544 777 1616 quemdam
798 1544 910 1618 exposi-
999 1543 1085 1615 (isso.)
1101 1543 1198 1602 Omnis
1222 1544 1382 1601 hostiarum
1403 1544 1550 1601 diversitas
1570 1546 1675 1602 Christi
1688 1546 1812 1603 hostiam

59 1635 149 1692 tionis
173 1634 306 1691 ordinem
331 1635 489 1690 multorum
513 1634 662 1689 doctorum
689 1633 845 1690 sententies
869 1633 936 1688 ai··
966 1633 1178 1706 praefigurabat.
1207 1635 1296 1705 Unde,
1320 1638 1432 1691 sedate
1455 1634 1557 1703 oblata,
1581 1638 1695 1693 cessarit
1715 1635 1813 1692 umbra

61 1723 204 1779 tornando
217 1723 389 1794 composuit.
927 1686 948 1743 B
966 1721 992 1794 (i
1004 1723 1064 1781 Cor.
1089 1723 1145 1792 xv),
1169 1739 1270 1779 rerum
1294 1723 1466 1780 sacrificium
1486 1723 1544 1781 reri
1559 1727 1588 1779 et
1602 1723 1704 1781 aeterni
1718 1739 1810 1780 sacer·

95 1812 231 1885 (lascarus
244 1814 275 1867 a
291 1812 390 1882 ierit.)
406 1811 468 1866 Pru
483 1810 617 1867 omnibus
630 1826 743 1867 necesse
757 1814 801 1868 est
821 1811 911 1867 inter·
965 1810 1040 1867 dotis
1065 1810 1263 1884 praefigurans.
1289 1811 1357 1868 ideo
1386 1814 1483 1868 autem
1520 1812 1620 1869 hostiis
1644 1813 1813 1870 animalium

62 1901 258 1972 pretationem
268 1900 340 1972 legis
354 1899 388 1955 ad
402 1915 554 1973 anagogen
572 1898 660 1972 trahi,
679 1904 708 1956 et
732 1899 912 1973 spiritualem
965 1904 1083 1972 propter
1092 1899 1327 1956 emundationem
1340 1899 1450 1969 oblatis,
1459 1916 1517 1957 una
1525 1916 1592 1958 rere
1602 1900 1695 1957 hostia
1707 1900 1813 1958 Christi

61 1988 288 2061 intelligentiam
303 1988 336 2044 in
350 1987 447 2044 littera
471 1988 654 2060 perscrutari.
677 1987 734 2044 iioc
751 1988 829 2044 enim
854 2003 913 2043 non
965 1987 1197 2062 promittebatur,
1226 1988 1257 2044 in
1278 2004 1337 2060 qua
1360 1988 1443 2045 lieret
1471 1988 1601 2046 remissio
1628 1994 1810 2063 peccatorum

62 2075 309 2148 mntradicitiegi,
322 2076 445 2131 sedeam
459 2076 595 2132 defendit.
606 2076 790 2148 spiritualem
805 2075 913 2149 quippe
966 2080 1179 2135 contractorum
1197 2077 1332 2133 decemo
1346 2078 1540 2150 etsanguine,
1556 2077 1606 2152 qui
1623 2094 1747 2152 regnum
1762 2079 1813 2136 liei

64 2166 245 2221 intellectum
260 2164 414 2237 diligenter
430 2180 490 2221 esse
513 2165 720 2238 inquirendum
744 2165 830 2220 etiam
853 2163 913 2234 ipse
966 2182 1025 2222 non
1040 2165 1247 2238 possidebunt:
1271 2165 1341 2239 qnia
1363 2166 1523 2224 substantia
1544 2167 1813 2241 corporalisincoe·

64 2254 194 2311 Christus
209 2253 346 2321 ostendit,
362 2253 413 2326 qni
431 2252 462 2309 in
481 2253 625 2325 parabolis
649 2254 709 2310 suis
727 2253 834 2325 (Matris.
854 2252 913 2324 xllt)
966 2255 1067 2311 testem
1098 2254 1258 2311 mutabitur
1292 2255 1470 2328 qualitatem.
1507 2256 1635 2313 Christus
1661 2257 1693 2313 in
1725 2256 1814 2313 vitulo

64 2359 177 2416 agrum,
194 2343 336 2398 mundum
349 2359 357 2410 ;
370 2342 524 2415 agricolam
539 2343 730 2399 seminantem
748 2357 848 2398 semen
861 2342 913 2398 bo·
966 2348 1086 2418 propter
1095 2343 1229 2401 virtutem
1240 2345 1332 2401 crucis
1347 2345 1538 2414 offerebatur3
1553 2345 1584 2402 in
1594 2361 1682 2417 agno,
1696 2349 1816 2418 propter

67 2448 147 2500 num,
166 2432 279 2503 justos:
295 2431 414 2498 zizania,
439 2431 598 2502 malignos:
617 2446 773 2488 messsores
786 2446 913 2504 quoque,
966 2433 1177 2502 innocentiam:
1189 2434 1218 2490 in
1233 2433 1332 2504 ariete,
1343 2439 1463 2507 propter
1471 2434 1664 2508 principatum
1675 2451 1682 2501 ;
1694 2433 1815 2491 inhirco

66 2521 201 2592 angelos:
221 2523 249 2574 et
273 2518 424 2575 inimicum
448 2518 737 2590 superseminantem,
767 2518 913 2575 diabolum
967 2527 1086 2595 propter
1099 2523 1318 2580 similitudinem
1343 2523 1435 2579 carnis
1449 2523 1571 2595 peccati;
1596 2523 1627 2579 in
1652 2527 1765 2580 turture
1784 2527 1814 2579 et

66 2609 233 2683 appellarit.
255 2608 323 2674 Quis
337 2624 406 2682 ergo
420 2612 497 2665 vetat
514 2608 616 2666 bovem
628 2625 695 2666 eum
707 2609 758 2683 qui
780 2614 916 2682 operatur
967 2612 1109 2676 columba,
1122 2612 1190 2684 quia
1199 2614 1275 2669 Deus
1285 2617 1315 2669 et
1324 2612 1421 2669 homo.
1430 2612 1568 2669 liedialor
1577 2611 1656 2668 enim
1671 2611 1720 2669 ilei
1728 2615 1756 2668 et
1766 2611 1817 2668 ho·

63 2699 216 2772 justitiam,
233 2699 395 2771 appellare;
416 2699 489 2755 sicut
502 2701 601 2768 orem,
625 2699 800 2772 simplicem:
814 2703 844 2755 et
870 2699 915 2755 in·
968 2700 1081 2755 minum
1095 2699 1125 2754 in
1139 2701 1262 2756 duarum
1281 2699 1715 2774 subsanuarumzeonjuncriona
1729 2716 1816 2756 mon·

67 2793 230 2856 nocentem,
244 2787 427 2843 columbam:
450 2792 478 2843 et
491 2792 632 2844 turturem
662 2787 812 2844 sublimius
825 2803 915 2861 agen·
968 2788 1129 2855 atrabatum
1153 2787 1185 2844 in
1208 2788 1379 2860 similaginis
1400 2789 1614 2862 conspersione,
1637 2787 1816 2845 credentium

67 2883 106 2932 tes
127 2882 158 2933 et
173 2877 414 2948 contemplationi
428 2876 583 2933 recantes?
599 2876 734 2949 Nunquid
762 2892 820 2932 non
847 2878 915 2933 iize·
968 2893 1021 2950 per
1034 2891 1138 2949 aquarn
1153 2875 1288 2948 baptismi
1306 2877 1454 2934 collectam
1463 2893 1538 2933 essse
1553 2877 1716 2943 Ecclesiam,
1732 2877 1762 2933 id
1775 2880 1817 2933 est

66 2965 134 3022 ahiel
160 2965 342 3022 Hierusalem
360 2965 482 3020 leoenam
510 2965 604 3021 dixit:
633 2968 663 3021 et
688 2965 815 3021 catulum
839 2965 911 3037 ejus.
931 2981 951 3037 c
970 2981 1073 3038 corpus
1087 2965 1201 3034 Christi,
1224 2965 1439 3022 ostendebatur.
1468 2966 1524 3022 Nos
1550 2970 1646 3022 autern
1669 2966 1817 3021 moraliter

67 3055 217 3122 Eiisehim,
246 3053 298 3126 qui
324 3054 483 3109 duetnsest
505 3052 536 3109 in
562 3053 728 3126 AEgyptum,
755 3052 844 3109 alium
872 3070 916 3110 ca·
970 3053 1118 3111 offerimus
1133 3053 1265 3119 vitulum,
1282 3070 1348 3110 cum
1371 3052 1465 3111 carnis
1492 3053 1656 3128 superbiam
1677 3052 1815 3120 vicimus:

65 3145 157 3200 tolum
170 3142 303 3200 loachim
317 3143 348 3198 in
369 3142 542 3214 babylonem
561 3141 697 3197 ductum?
712 3141 826 3213 (Erech.
845 3145 915 3209 rra.)
969 3156 1088 3213 agnum,
1112 3155 1180 3196 cum
1195 3139 1406 3196 irrationabiles
1429 3145 1526 3196 motus
1544 3140 1730 3213 corrigimus:
1756 3140 1816 3197 hae·

66 3232 316 3302 ilonsoiunrquae
331 3228 702 3303 inparabolisdictasunt,
721 3229 772 3285 sed
803 3233 832 3285 et
849 3245 914 3303 quea
969 3229 1051 3300 dum,
1077 3243 1143 3284 cnm
1167 3227 1311 3284 lasciviam
1335 3244 1520 3302 superamus;
1543 3229 1717 3305 columbam,
1747 3229 1817 3287 dum

66 3318 392 3392 manudumlhistoriam
415 3322 490 3385 sunt,
520 3318 555 3374 ad
574 3317 770 3374 sublimiorem
785 3317 916 3374 ducenda
969 3316 1114 3389 simplices
1136 3333 1250 3387 sumus3
1266 3321 1419 3388 turturem,
1448 3318 1516 3375 dum
1542 3318 1612 3374 casti
1631 3335 1741 3387 sumus,
1772 3319 1816 3375 rei

68 3425 122 3465 esse
136 3408 320 3465 intellectum
343 3407 447 3463 Paulus
471 3405 606 3476 ostendit,
628 3406 749 3463 dicens:
777 3407 915 3479 Scriptum
969 3406 1038 3463 dum
1057 3406 1215 3462 castitatem
1228 3422 1393 3475 servamus,
1420 3420 1509 3480 panes
1526 3423 1653 3479 azymos,
1674 3423 1740 3463 curu
1757 3423 1817 3464 non

67 3499 248 3568 meamea
275 3496 418 3552 Abrabam
446 3496 543 3552 babuit
567 3495 635 3552 daos
661 3495 743 3565 filios,
763 3499 834 3564 etc.;
851 3498 916 3567 post
968 3494 1000 3551 in
1023 3494 1162 3551 fermento
1177 3495 1305 3563 malitiae,
1334 3494 1436 3552 sedin
1460 3495 1569 3569 azymis
1592 3495 1762 3553 sinceritatis
1789 3499 1818 3551 et

68 3602 127 3658 guse
141 3585 279 3642 addidit:
302 3589 368 3656 (lua
393 3589 458 3641 suat
472 3583 619 3640 secundam
639 3585 799 3654 allegoriam
817 3584 913 3640 duta:
969 3584 1096 3640 ramulis
1115 3585 1277 3656 epulamur.

67 3675 116 3731 lac
134 3677 210 3731 adm
224 3678 291 3731 suat
315 3674 369 3729 duo
385 3673 571 3742 Testamenta,
591 3677 645 3728 etc.
676 3670 749 3745 (Cat.
777 3673 827 3744 rr).
852 3672 916 3729 l'or·
1005 3671 1096 3743 (iias.)
1119 3672 1238 3744 Singula
1252 3671 1401 3741 sacrificia,
1416 3672 1475 3729 imo
1493 3670 1619 3745 singulas
1633 3689 1706 3747 pane
1730 3673 1817 3745 sylla-

68 3765 145 3819 tassis
159 3767 263 3819 autem
281 3762 367 3819 noxia
393 3763 448 3820 erit
466 3763 561 3818 littera
575 3761 697 3833 spoliata
710 3760 853 3833 spirituaii
869 3762 915 3818 in·
969 3759 1030 3825 bas,
1045 3765 1074 3817 et
1088 3765 1179 3818 restes
1205 3764 1313 3830 aaron,
1341 3765 1370 3817 et
1389 3765 1481 3817 totum
1502 3760 1657 3819 basilicum
1684 3761 1816 3818 ordinem

68 3852 238 3924 telligantia,
254 3856 284 3907 et
299 3850 385 3906 rariis
399 3848 668 3923 reprehensionibus
684 3849 817 3906 obnoxia.
836 3849 915 3907 Unde
968 3848 1094 3906 caelestia
1109 3848 1179 3905 dicit
1190 3848 1300 3922 spirare
1315 3851 1506 3904 sacramenta.

69 3956 114 4012 per
138 3940 321 3998 Ezechielem
348 3945 378 3995 et
404 3939 509 3996 bonam
537 3939 642 4011 legem,
668 3943 697 3995 et
724 3955 783 3995 non
809 3938 914 3995 honam
1005 3935 1143 4010 Origenes
1169 3950 1285 4008 quoque
1315 3934 1377 3991 eit:
1399 3933 1472 4000 Quia
1502 3932 1576 3989 sicut
1601 3933 1632 3990 in
1657 3935 1817 3992 novissimis

69 4030 207 4086 Dominus
226 4028 363 4100 appellat,
379 4028 497 4084 dicens:
530 4028 598 4084 reat
622 4030 660 4083 eis
687 4032 822 4098 praecepto
845 4043 914 4094 mea,
969 4022 1070 4081 diebus
1088 4022 1210 4079 Verbum
1226 4021 1276 4078 Dei
1290 4037 1325 4076 er
1339 4021 1426 4077 bieria
1447 4021 1558 4094 virgine
1581 4036 1667 4077 carne
1680 4024 1816 4080 restitum

67 4118 210 4189 :tradicio
234 4132 293 4172 mea
322 4117 428 4172 ostendi
440 4118 490 4185 ets,
510 4131 571 4188 qua
591 4117 680 4184 [aciat
698 4117 774 4172 ltomo
792 4121 819 4173 et
840 4118 915 4188 strat
968 4112 1106 4185 processit
1127 4111 1158 4167 in
1179 4110 1338 4179 mundum:
1354 4109 1435 4182 cujus
1457 4126 1523 4165 caro
1536 4110 1572 4167 ab
1586 4110 1816 4167 omnibusride-

56 4209 153 4275 ¹sireis.
177 4205 212 4261 iit
239 4202 309 4260 aiibi
324 4220 332 4259 ι
350 4204 432 4259 Dedit
446 4206 484 4260 ets
497 4203 630 4260 mundata
644 4219 698 4260 aaa
723 4204 803 4272 bona,
827 4204 913 4273 etja-
969 4200 1065 4265 batur,
1091 4199 1223 4257 divinitas
1255 4199 1355 4273 paucis
1384 4198 1481 4255 electis
1505 4199 1622 4271 cognita
1643 4199 1814 4272 tegebatur:

65 4295 139 4353 rora
153 4297 187 4350 ia
209 4293 309 4365 qulbus
330 4308 384 4348 aon
398 4295 502 4348 otoant.
524 4293 606 4348 Patet
629 4308 697 4366 ergo
712 4293 787 4348 bona
811 4307 872 4347 esse
887 4295 916 4347 et
935 4266 957 4322 Ι)
970 4288 1011 4346 sic
1030 4288 1149 4346 rerbum
1174 4287 1226 4345 liei
1248 4304 1302 4361 per
1315 4287 1468 4360 prophetes
1488 4286 1633 4360 protertur
1656 4287 1693 4344 ad
1722 4287 1816 4344 homi·

65 4399 121 4439 non
138 4384 219 4439 bona
231 4397 239 4449 ;
251 4385 280 4437 et
297 4381 329 4437 in
346 4381 450 4454 quibus
468 4381 566 4437 vivant
586 4386 615 4436 et
627 4381 657 4436 in
678 4381 782 4453 quibus
794 4397 856 4437 uon
878 4379 916 4436 ri·
967 4394 1030 4449 nes,
1042 4377 1083 4434 ihi
1110 4375 1213 4440 carnis.
1232 4377 1280 4433 hic
1293 4376 1397 4434 littere
1422 4376 1563 4433 velamine
1578 4380 1695 4433 tectum.
1713 4377 1819 4433 Littera

64 4477 150 4529 rant:
164 4471 216 4544 qui
232 4469 310 4526 enim
332 4469 455 4526 custodit
473 4474 602 4527 sanctum
616 4469 767 4542 Spiritum,
792 4469 862 4526 risit
884 4469 914 4525 in
967 4471 1105 4540 tanquam
1118 4482 1184 4523 caro
1200 4465 1357 4539 aspicitur:
1382 4464 1539 4538 spiritualis
1561 4481 1661 4522 sensus
1680 4469 1817 4539 unquam

64 4563 118 4629 eis;
143 4559 198 4632 qui
226 4563 323 4615 autem
354 4558 512 4614 secundum
538 4573 665 4628 carnem,
690 4558 823 4628 moritur,
846 4557 915 4632 qnia
970 4555 1105 4613 divinitas
1120 4554 1252 4611 sentitur.

63 4651 152 4706 ritem
179 4664 242 4704 nou
269 4647 415 4720 cognoscit
432 4646 462 4702 in
489 4646 539 4702 eis.
564 4647 673 4703 Deinde
692 4645 837 4718 legislator
856 4662 916 4703 non
1250 4642 1364 4700 CAPUT
1384 4643 1530 4699 Piliiitlli.

64 4753 192 4811 semper,
215 4736 266 4792 sed
293 4739 371 4792 certo
399 4741 531 4807 tempore
558 4733 649 4791 soluit
671 4733 808 4790 custodiri
844 4734 916 4807 legis
1004 4732 1086 4788 ilaus.
1103 4735 1126 4789 l.
1142 4761 1177 4774 -
1193 4733 1316 4802 Vocaoit,
1331 4736 1383 4789 etc.
1405 4733 1501 4802 liesca.
1522 4733 1553 4787 ia
1567 4730 1666 4802 iecit.)
1682 4731 1737 4786 Per
1751 4743 1819 4784 con·

64 4826 263 4900 superficiem,
278 4829 310 4880 ut
333 4823 503 4895 reprimeret
517 4823 619 4879 duram
634 4824 649 4879 J
653 4822 802 4878 udoeornm
826 4823 916 4879 cerri·
965 4819 1145 4893 junctionem
1156 4819 1304 4893 sequentia
1313 4819 1412 4892 jungit
1424 4819 1670 4892 praecedectibus3
1687 4817 1816 4883 initium,

66 4931 142 4982 cem:
161 4914 259 4970 unde:
284 4911 430 4984 scioquod
451 4913 569 4984 populm
587 4911 727 4967 istedrrae
741 4913 854 4967 ceruicis
879 4914 918 4968 sit
970 4908 1079 4964 scilieet
1106 4906 1174 4963 libri
1201 4906 1288 4979 hujus
1317 4922 1384 4963 cum
1407 4907 1465 4962 tine
1486 4905 1699 4979 precedentis:
1731 4905 1819 4961 unius

67 5001 169 5071 (deod.
197 4999 301 5071 xxxia),
340 4999 411 5056 Osee
430 5003 526 5055 autern
541 5004 624 5054 vocet
654 4997 767 5055 ludaeos
797 4996 917 5054 situlam
970 4997 1049 5053 enim
1073 5001 1102 5053 et
1125 4996 1254 5069 ejusdem
1277 4996 1336 5052 diei
1359 5012 1432 5067 opas
1454 4995 1485 5050 in
1507 5000 1630 5068 utroque
1645 4994 1816 5051 continetur·

69 5093 393 5159 mammarumque
421 5086 528 5142 scilicet
553 5087 634 5142 nulio
658 5086 745 5141 modo
771 5086 915 5142 domatur.
972 5085 1055 5142 Liber
1069 5101 1185 5158 quoque
1205 5083 1333 5152 Numeri,
1349 5084 1418 5156 qrria
1442 5084 1515 5140 nihil
1529 5083 1618 5141 hebet
1632 5084 1760 5141 medium
1773 5085 1818 5140 in·

69 5176 99 5234 tt
123 5177 217 5234 alibi:
246 5177 387 5247 Ephraim
416 5176 502 5231 situla
527 5175 607 5232 docta
635 5175 750 5244 diligere
777 5177 916 5244 trituram,
970 5178 1016 5231 ter
1033 5190 1063 5228 se
1080 5179 1107 5228 et
1130 5172 1297 5241 basilicum,
1312 5172 1405 5228 simile
1418 5173 1537 5229 sortitur
1555 5172 1749 5245 procamium:
1766 5173 1819 5229 hoc

72 5270 186 5322 ramere·
209 5281 292 5336 super
323 5263 556 5335 palchritudinem
584 5265 647 5322 colli
664 5264 723 5333 ejus
754 5262 840 5334 (Osee.
867 5265 916 5335 x);
971 5269 1014 5318 est
1029 5277 1036 5318 ε
1052 5263 1221 5331 Laertesque
1247 5265 1287 5316 est
1309 5262 1438 5317 Dominus
1463 5260 1631 5329 editorem
1658 5264 1689 5317 ta
1716 5262 1819 5318 derata

10 5364 21 5445 ζ
73 5353 181 5428 inquo
205 5351 372 5410 ohedientia
393 5352 581 5424 significatur.
602 5353 705 5423 logum
734 5349 813 5407 enim
845 5349 918 5422 legia
970 5351 1059 5420 Siraci,
1075 5355 1129 5406 etc.
1147 5348 1238 5421 (Nam.
1264 5350 1296 5420 ι).
1325 5347 1401 5405 Nihil
1420 5364 1489 5422 ergo
1503 5356 1569 5422 post
1592 5349 1741 5406 historiam
1769 5350 1819 5406 Le·

74 5442 214 5518 imposuit,
242 5446 276 5498 nt
293 5440 441 5498 humiliati
468 5441 592 5497 libenter
605 5439 783 5514 susciperent
813 5438 874 5494 iere
889 5441 918 5493 et
972 5437 1048 5496 ritici
1071 5440 1137 5493 ante
1163 5435 1313 5493 historiam
1338 5436 1455 5493 Numeri
1470 5438 1596 5510 populus
1621 5439 1699 5512 egit:
1724 5453 1820 5510 neque

77 5548 152 5589 snare
163 5535 272 5674 jugari}
286 5528 556 5669 Brangeigfflrittt.
572 5528 631 5600 ru).
971 5527 1050 5583 enim
1072 5527 1166 5584 locum
1180 5529 1349 5595 mutaverat,
1378 5525 1447 5598 quia
1462 5527 1585 5584 necdum
1600 5526 1820 5662 {agernacuium

270 5623 385 5670 enos.
435 5645 444 5669 a
509 5648 518 5669 .
554 5659 555 5665 ,
