3892 6106
144 267 212 324 tots
450 258 646 320 ttsttttttot
664 259 789 318 sttttsst
810 257 913 316 l‘Ull).
934 259 1017 318 ltou.
1036 259 1112 318 oet.
1133 259 1222 317 PARS
1240 259 1262 315 Ι.
1282 287 1317 299 -·
1335 257 1567 316 tunonootcs.
1842 258 1904 312 two

142 389 335 462 superillam
355 387 402 460 pie
426 387 503 441 vivit.
528 384 692 450 Quiautcm
712 383 742 438 in
766 382 1031 454 cogitationibustl
1080 384 1161 439 Vsus.
1186 386 1231 438 ut.
1250 412 1285 424 -
1307 383 1367 440 Nou
1388 382 1519 450 inueniet,
1546 384 1611 449 ete,
1644 380 1761 436 Fraude
1785 395 1905 450 namque

143 480 202 534 suis
216 478 343 545 contidit,
360 478 452 532 bonus
476 491 536 529 esse
557 474 675 545 nequit:
693 473 743 546 qui
769 473 846 528 euim
870 474 991 544 gratiam
1047 474 1186 545 acquisita
1200 472 1332 543 pecunia,
1349 477 1417 537 etc,
1431 486 1518 541 usque
1533 469 1694 543 aliquibus
1706 475 1829 525 aeternae
1844 471 1905 525 site

146 568 506 636 lteinoncuratquoerete,
535 563 566 617 in
595 563 813 634 prarauctione
843 561 988 632 perdurat.
1046 562 1244 617 claritasauro
1259 560 1412 633 pretiosior
1426 560 1542 616 emitur.

178 657 301 709 Vsus.4.
330 684 364 694 -
388 654 494 708 Mulier.
525 652 566 706 dd
583 652 717 717 litteram,
747 649 943 705 mulierbona
963 653 992 703 et

143 748 312 810 custa,etc.,
339 739 480 810 usquead
505 740 627 811 putredo
647 738 728 811 pravi
756 737 899 809 dogmatis
928 753 991 790 eur·
1347 701 1461 757 CAPUT
1492 700 1563 758 xm·

142 832 261 896 rtrrrrpit.
1082 827 1163 880 trus.
1194 829 1218 880 1.
1248 855 1282 867 -
1305 826 1392 881 Filius
1420 828 1538 895 sopitus.
1566 826 1692 880 Tantum
1713 823 1809 878 distat
1832 822 1899 878 inter

178 923 257 974 Vens.
288 923 313 974 ὅ.
335 948 369 958 -
393 920 573 984 Copitatioues
617 915 691 971 lusti
719 932 770 970 sua
812 915 895 980 lacta,
925 919 989 981 ete,
1044 914 1207 985 sapientem
1231 921 1259 969 et
1280 914 1412 982 stultum,
1442 920 1475 970 nt
1509 913 1556 969 bic
1583 911 1745 984 aliquando
1775 911 1895 982 proiectu

142 1023 227 1078 usque
246 1007 283 1061 ud
297 1006 379 1061 obliti
395 1007 506 1061 tiuroris
534 1005 659 1059 Domini.
1045 1002 1214 1056 eruditionis
1224 1003 1259 1057 ad
1275 1019 1352 1069 eum,
1364 1003 1415 1074 qui
1439 1019 1470 1057 se
1484 1003 1631 1072 docuerat,
1655 1001 1825 1056 docendum
1839 1015 1896 1070 per·

178 1097 297 1150 Vsum.
327 1125 362 1133 —
388 1096 466 1149 Verte
486 1096 593 1162 impios.
620 1093 706 1147 Multa
732 1091 865 1162 impietas
892 1091 922 1145 iu
936 1090 991 1144 diis
1045 1091 1238 1157 veniat:ille,
1254 1106 1301 1156 ne,
1318 1106 1383 1145 cum
1396 1092 1537 1163 arguitur,
1553 1091 1664 1146 audiat.

144 1184 285 1255 gentium,
299 1187 459 1250 etc.,usque
473 1181 511 1236 od
524 1182 572 1236 sed
586 1196 764 1251 quecunque
781 1179 910 1233 membra
924 1178 991 1232 binc
1081 1181 1169 1238 Vens.
1184 1184 1210 1236 1.
1234 1211 1268 1223 -
1300 1184 1365 1239 Vult
1389 1187 1415 1237 et
1433 1199 1487 1238 uon
1504 1183 1563 1237 outt
1575 1184 1666 1252 piper.
1682 1180 1758 1239 Vult
1783 1193 1895 1249 regnare
1920 1159 1928 1185 ⁸

142 1273 202 1328 illic
214 1272 466 1343 perveniuntque?
479 1268 641 1340 sperabant,
658 1269 762 1338 gaudia
777 1267 936 1322 inveniunt.
1044 1286 1110 1323 curu
1130 1270 1265 1337 Domino,
1278 1275 1343 1335 etc,
1360 1285 1447 1341 usque
1469 1270 1506 1324 ad
1527 1274 1556 1324 et
1583 1269 1667 1324 lesus
1681 1268 1764 1323 titius
1787 1265 1892 1322 Sirsclt:

180 1360 262 1413 Vens.
284 1359 368 1412 t0.-
387 1358 479 1423 Novit,
504 1356 534 1411 id
549 1359 591 1410 est
618 1355 793 1424 compatitur
822 1352 990 1407 hebetudini
1048 1356 1723 1428 Vaepeecutorttmamduabusuluinqredteuti.

143 1463 175 1502 ac
189 1445 338 1517 fragilitati
352 1444 549 1515 proximorum
574 1442 626 1497 sibi
653 1441 882 1496 commissorum.
1080 1449 1185 1502 Anima
1208 1453 1298 1502 autem
1322 1449 1494 1517 operantium
1515 1446 1594 1517 jussa
1620 1443 1775 1500 dominica
1800 1445 1891 1513 impiu-

181 1537 291 1590 l'isceru
318 1538 409 1589 autem
433 1535 579 1602 impiorum
599 1531 729 1595 crudelia,
760 1530 811 1601 qni
838 1545 895 1583 non
911 1545 989 1584 com-
1045 1535 1187 1604 quutitur,
1205 1535 1272 1604 quia
1294 1534 1420 1605 perfecta
1449 1548 1642 1603 supernorum
1667 1531 1825 1586 dulcedine
1839 1530 1894 1585 reli·

142 1622 292 1695 patiuntur
308 1620 427 1675 subditis
443 1636 450 1686 ;
466 1619 516 1674 sed
531 1619 603 1674 sicot
625 1619 762 1674 Dominus
787 1617 849 1673 ait:
888 1619 989 1673 Percu·
1007 1665 1026 1720 B
1045 1623 1155 1691 cietur;
1170 1624 1246 1678 uude
1261 1640 1268 1678 :
1284 1623 1361 1679 Sicut
1373 1622 1456 1692 adips
1468 1622 1548 1691 (Psol
1569 1626 1659 1688 xxvi),
1673 1625 1730 1674 etc.
1747 1635 1756 1686 3
1772 1619 1827 1686 rel,
1851 1618 1896 1689 qui

143 1713 215 1767 tiuut
226 1725 322 1781 pueros
337 1714 363 1763 et
388 1710 515 1775 nucittcs,
540 1708 690 1763 dicentes:
716 1709 820 1763 diorum
846 1709 989 1774 [11111110-
1045 1713 1101 1783 piis
1116 1728 1167 1784 pro
1184 1711 1307 1767 Domino
1321 1710 1468 1766 laboribus
1499 1710 1646 1777 insudant,
1668 1706 1895 1763 immarcescibili

144 1803 234 1856 miuus
248 1815 322 1854 meus
332 1800 432 1853 uenire.
1044 1816 1150 1855 corona
1160 1799 1354 1854 donabuntur.

180 1890 258 1942 Vsus.
275 1891 317 1941 tu.
342 1917 378 1926 -
405 1885 584 1940 besidertum.
616 1884 762 1940 Desiderat
791 1882 989 1954 impius,etc.,
1079 1888 1204 1944 venet.
1221 1918 1253 1930 -
1282 1889 1332 1943 Est
1356 1887 1536 1957 quassatum,
1560 1899 1714 1952 nonrere,
1742 1887 1777 1938 ut
1790 1882 1841 1954 qni
1853 1881 1893 1936 in·

143 1974 278 2045 usquead
297 1973 365 2028 dicit
379 1989 394 2028 e
408 1980 506 2028 contra
520 1973 555 2028 de
579 1973 671 2029 bonis.
1045 1977 1188 2032 duebatur
1197 1993 1326 2049 purpura
1339 1983 1369 2030 et
1381 1977 1466 2048 bysso
1480 1976 1557 2046 (Luc.
1569 1978 1626 2045 xvi)
1643 1974 1712 2041 3sed
1723 1973 1794 2044 quia
1810 1974 1893 2029 tteuu

193 2063 286 2119 Radia
300 2068 389 2117 cutem
400 2062 538 2131 justorum
549 2063 683 2130 proficiet,
704 2059 784 2130 fides,
795 2077 870 2133 spes,
897 2059 990 2116 chari·
1047 2082 1103 2120 non
1120 2065 1232 2132 babuit,
1248 2072 1314 2133 ete,
1329 2080 1415 2134 toque
1428 2064 1466 2119 ud
1484 2063 1552 2136 quia
1562 2079 1629 2118 rora
1652 2068 1813 2134 paupertas
1824 2066 1893 2132 agat,

144 2154 198 2220 tas,
214 2149 319 2221 quibus
330 2149 359 2203 in
372 2148 482 2204 Christo
498 2151 565 2201 sunt
587 2147 703 2201 radicati
719 2163 777 2202 non
803 2147 990 2216 sustollunt,
1045 2155 1187 2210 subditur.
1719 2144 1727 2153 “

143 2240 191 2296 sed
208 2242 367 2311 plusquam
382 2236 539 2308 sperantio
555 2236 651 2291 tuturo
663 2235 832 2309 percipient.
1089 2244 1167 2299 Vens.
1188 2247 1229 2299 tt.
1246 2271 1274 2286 -·
1305 2242 1479 2309 Substantia,
1508 2245 1561 2297 etc.
1577 2240 1632 2306 Qui
1661 2236 1767 2295 volunt
1800 2239 1895 2296 divites

181 2329 259 2382 Vnus,
277 2329 318 2381 16,
335 2355 369 2366 -
386 2328 496 2393 Fatuus,
519 2329 572 2379 etc.
598 2325 651 2390 Qui
676 2324 706 2378 in
729 2324 865 2394 praesenti
880 2324 992 2380 deside·
1046 2330 1293 2385 lieriinciduntin
1322 2331 1521 2395 tentationem,
1547 2333 1613 2395 etc,
1629 2342 1719 2397 usque
1745 2326 1784 2382 ud
1807 2327 1896 2382 ustilli-

143 2415 305 2482 rutulcisci,
321 2415 418 2470 fatuus
438 2418 495 2481 est;
512 2413 562 2485 qui
590 2418 685 2468 aulem
712 2428 766 2484 pro
792 2412 913 2468 Domino
925 2429 992 2468 con·
1046 2419 1131 2490 plicia
1170 2434 1304 2491 supernus
1335 2415 1520 2474 beatitudinis
1547 2431 1669 2471 munera
1694 2413 1848 2486 percipiet,
1866 2414 1897 2468 de

143 2505 259 2570 temnit,
273 2503 386 2573 sapiens
399 2508 451 2557 est.
1047 2522 1123 2577 quo:

179 2595 234 2660 Qui
257 2598 345 2647 autem
369 2591 548 2646 dissimulat:
575 2605 633 2644 non
656 2588 695 2643 sic
723 2590 785 2645 unilt
807 2590 993 2655 occuberint
1074 2597 1271 2650 111111.-
1297 2594 1365 2663 Spes
1387 2608 1447 2664 qua
1465 2591 1605 2661 differtur,
1634 2594 1689 2645 etc.
1716 2590 1792 2655 Quia
1814 2588 1897 2645 nimi-

144 2681 237 2740 duret.
254 2680 300 2735 sed
316 2680 435 2735 omnino
450 2681 579 2734 deleatur
594 2695 601 2745 ;
616 2679 750 2732 estenim
774 2685 876 2733 natura
897 2678 947 2734 irre
962 2685 993 2733 ut
1048 2699 1122 2745 rum,
1146 2689 1212 2747 etc,
1240 2682 1373 2753 usquead
1385 2683 1444 2753 ipse
1455 2687 1499 2736 ost
1527 2681 1605 2735 enim
1622 2679 1735 2747 tionum
1761 2682 1828 2735 otta
1845 2693 1898 2732 usa·

90 2816 95 2829 ,
141 2771 264 2842 prolata,
280 2769 370 2840 magis
385 2768 509 2834 ferveat,
523 2769 673 2833 occultata,
688 2767 861 2837 languescat.
1045 2772 1221 2841 plectentibus
1235 2785 1272 2825 se.

180 2860 260 2914 iaus.
292 2859 334 2912 18.
362 2888 395 2898 -
423 2858 530 2926 linqua
555 2860 645 2911 cutem
671 2859 836 2926 sapientium
865 2862 905 2912 est
917 2860 990 2912 saui-
1083 2861 1321 2926 lausto—Qui
1332 2859 1463 2914 detrabit.
1473 2857 1573 2921 Aliter,
1587 2861 1652 2925 etc,
1663 2854 1896 2926 usqueudonde:

143 2953 193 3012 tus,
211 2946 402 3017 etc.,quiaet
424 2945 509 3010 bona,
537 2961 602 3018 quae
628 2944 810 3015 promittunt,
839 2946 894 3016 ipsi
908 2947 991 3018 perti·
1007 2945 1027 3002 C
1046 2948 1077 3005 st
1090 2954 1292 3018 praeoccupatus
1304 2949 1390 3014 suerit
1403 2946 1634 3016 bomoinutiquo
1647 2944 1758 3011 delicto,
1774 2949 1832 3000 etc.

142 3036 243 3092 ciendo
258 3036 293 3090 ad
309 3035 383 3090 viam
396 3035 585 3106 perveniunt,
598 3040 627 3088 et
641 3033 714 3099 aliis,
739 3049 804 3105 qne
821 3039 988 3104 sequantur,
1080 3037 1160 3091 l'ars.
1188 3037 1229 3090 11.
1253 3065 1287 3075 -—
1300 3037 1356 3089 teu
1371 3037 1512 3105 sapientis.
1542 3035 1580 3089 Ex
1600 3049 1659 3106 quo
1693 3033 1785 3088 bomo
1800 3047 1897 3105 sspcrs

144 3125 351 3180 demonstrant.
1043 3125 1153 3196 incipit,
1192 3124 1285 3178 utitur
1314 3123 1368 3178 hac
1395 3124 1468 3194 lege,
1509 3128 1632 3178 mortem
1665 3121 1739 3177 vitet
1765 3125 1798 3176 et
1822 3122 1894 3177 riam

179 3216 265 3269 Vnus.
289 3216 330 3268 19.
346 3241 382 3255 -
394 3212 510 3267 Latium
523 3213 658 3278 ueritatis,
673 3215 727 3266 etc.
748 3210 830 3266 Fides
852 3208 992 3264 catholica
1043 3214 1182 3285 acquirat.
1632 3196 1635 3206 ’

143 3317 257 3372 semper
267 3299 448 3371 permanehit
461 3318 469 3366 ;
483 3299 533 3370 qui
543 3304 763 3370 autemrepente
774 3315 847 3354 nora
857 3298 991 3370 dogmata
1080 3303 1168 3356 Vsus.
1188 3303 1230 3355 16.
1258 3331 1291 3342 -
1315 3301 1381 3358 Cum
1404 3301 1524 3365 consitio,
1552 3298 1681 3355 maxime
1698 3297 1810 3367 divino,
1826 3298 1899 3372 quod

143 3388 253 3455 inserit,
271 3387 411 3442 mendacii
430 3387 561 3441 minister
576 3390 628 3440 est.
1044 3389 1126 3445 estin
1155 3388 1318 3460 Scripturis.
1344 3389 1450 3444 Fatuus
1477 3388 1555 3443 enim
1584 3392 1628 3443 est
1656 3389 1709 3458 qui
1740 3393 1826 3443 extra
1848 3388 1897 3442 boc

180 3476 265 3533 Vnus.
281 3477 467 3530 tt.-ltomo
488 3480 621 3531 uersutus.
651 3473 771 3545 Sapiens
786 3478 815 3528 et
840 3473 990 3544 prudens:
1045 3476 1199 3532 consilium
1224 3475 1302 3538 vivit.
1327 3475 1465 3551 quamvis
1499 3475 1672 3531 naturaliter
1700 3475 1834 3546 prudeus
1865 3474 1901 3530 ri·

143 3564 194 3635 qui
208 3561 364 3634 aliquando
380 3562 453 3616 celat
473 3560 633 3626 scientiam,
664 3561 708 3616 vel
724 3577 783 3615 non
798 3561 895 3616 valens
913 3560 992 3633 loqui
1046 3565 1157 3621 deutur.

144 3650 225 3723 quasi
240 3650 447 3722 spiritualibus,
469 3651 519 3705 sed
539 3648 813 3722 quasicarnalibus3
837 3649 993 3703 velnolous
1079 3655 1156 3709 Vsus.
1184 3655 1229 3708 20.
1259 3654 1365 3720 —Qui
1385 3667 1446 3709 cum
1462 3651 1643 3723 sapientibus.
1675 3651 1809 3717 Quilibet
1836 3653 1898 3708 sim·

143 3739 211 3794 dare
227 3744 358 3793 sanctum
388 3739 517 3806 canibus,
546 3739 591 3793 rel
619 3738 790 3810 margaritas
810 3742 993 3810 anteporcos
1045 3744 1111 3816 ptex
1126 3743 1321 3812 antrustione,
1342 3741 1393 3812 qui
1412 3757 1516 3797 arcena
1534 3740 1687 3813 sapientise
1708 3740 1900 3811 comprehen-

142 3827 351 3900 projicere,lvel
367 3827 489 3882 mittere.
1047 3830 1115 3885 dere
1130 3829 1240 3902 nequit,
1256 3830 1281 3885 si
1309 3835 1406 3885 tamen
1435 3830 1567 3902 exempla
1584 3829 1752 3900 sapientum
1780 3828 1899 3885 virendo

178 3917 230 3972 Cor
239 3918 426 3986 msipteutium
453 3920 593 3986 prouocat.
611 3915 663 3975 Vel
691 3916 807 3988 quando
822 3916 888 3988 plus
902 3930 990 3986 appe·
1045 3921 1180 3985 sectatur,
1195 3918 1260 3986 jure
1275 3917 1351 3972 inter
1366 3915 1509 3986 sapientes
1519 3915 1731 3970 numerabitur.

142 4007 209 4058 tunt
224 4020 424 4075 superaquam
438 4009 552 4075 oportet
580 4020 690 4077 sapere,
707 4010 735 4059 et
761 4005 791 4059 in
806 4002 992 4077 cogitationi·
1096 4005 1208 4060 Amicus
1219 4006 1373 4060 stultorum.
1389 4004 1444 4070 Qui
1464 4005 1575 4071 stultos,
1592 4018 1650 4057 non
1674 4004 1746 4075 quia
1770 4004 1899 4060 homines

144 4093 196 4147 bus
211 4092 414 4159 evanescendo,
429 4109 483 4162 pro
503 4092 643 4164 sapientia
668 4092 818 4147 stultitiam
847 4092 993 4148 habentet
1046 4098 1121 4157 sunt.
1148 4093 1197 4148 sed
1225 4100 1344 4164 propter
1371 4093 1536 4159 stultitiam,
1561 4092 1630 4165 qnia
1650 4091 1735 4148 mimi
1767 4089 1899 4161 suntrel

144 4180 494 4253 tenent3relaliis,quse
519 4186 668 4252 nequeunt
688 4197 800 4252 capere,
817 4179 1027 4280 ingerentes,D
1047 4182 1210 4251 histriones,
1225 4182 1268 4236 rel
1297 4182 1471 4254 hujusmodi,
1497 4198 1557 4237 non
1584 4187 1617 4237 ut
1643 4181 1824 4239 instruendo
1841 4197 1898 4238 cor·

129 4269 464 4340 ·quasiinfirmisoculis
492 4269 589 4322 lumen
616 4269 694 4336 solis,
722 4269 751 4323 id
776 4268 991 4340 estsepientiae,
1047 4271 1132 4341 rigat,
1162 4278 1249 4336 amat,
1282 4271 1330 4326 sed
1356 4275 1387 4324 ut
1411 4270 1544 4339 favendo,
1579 4270 1741 4326 deteriores
1771 4272 1896 4327 eiticiat:

143 4374 231 4429 quam
243 4357 348 4412 babere
366 4357 536 4412 videbantur
551 4356 694 4410 stiterunt.
1048 4359 1112 4414 licet
1139 4359 1253 4430 sapiens
1279 4359 1420 4427 rideatur,
1444 4359 1598 4413 stultorum
1621 4358 1814 4415 damnatione
1828 4366 1900 4416 tene·

180 4449 268 4504 Vsus.
288 4450 334 4502 tt.
364 4477 395 4490 -
423 4449 656 4515 Mouustortium.
682 4447 803 4503 Persccli
826 4444 992 4502 nonstilum
1046 4448 1134 4503 bitur.

143 4537 277 4591 tiliorum
294 4535 593 4606 bellasuperant,scd
618 4535 759 4590 etelectis
786 4535 993 4590 iratribusma·
1082 4537 1160 4590 Vens.
1181 4538 1225 4590 tt.
1255 4565 1291 4576 —
1314 4538 1403 4591 Bonus
1429 4535 1515 4602 tomo,
1544 4540 1609 4603 ete,
1640 4550 1719 4607 saepe
1751 4535 1825 4593 boni
1845 4536 1898 4592 siue

140 4625 204 4698 jure
218 4625 357 4680 virtutum
372 4624 465 4694 gratia
479 4624 689 4695 principantur.
1047 4625 1113 4678 tiliis
1129 4625 1245 4682 obeunt.
1267 4631 1333 4689 etc..
1361 4639 1447 4693 usque
1465 4623 1503 4678 ud
1518 4639 1641 4695 regnum
1673 4625 1726 4678 llsi
1744 4627 1847 4681 datum
1864 4631 1899 4679 est

193 4715 258 4781 Qua
287 4719 376 4768 autem
399 4715 522 4768 remisso.
552 4713 606 4778 Qut
635 4713 767 4768 dissoluti
801 4713 909 4777 animo,
926 4720 991 4773 etc..
1046 4713 1126 4785 genti
1137 4712 1250 4768 facienti
1265 4713 1388 4767 fructum
1405 4712 1476 4783 ejus.

145 4804 276 4873 usquead
289 4818 348 4857 non
361 4802 439 4856 enim
454 4802 490 4857 de
505 4801 611 4857 talibus
633 4801 845 4874 desperandum
862 4806 914 4871 cst,
927 4817 991 4856 cum
1092 4803 1173 4857 Vens.
1206 4805 1251 4856 23.
1280 4831 1315 4841 -
1338 4802 1418 4857 dlutti
1443 4801 1507 4854 citt.
1537 4799 1616 4854 tllius
1643 4801 1818 4867 translator,
1840 4806 1896 4864 ste,

145 4891 285 4963 adjungit,
299 4906 397 4946 muros·
407 4891 488 4960 justi,
504 4896 557 4944 etc.
1045 4905 1130 4959 usque
1144 4889 1181 4943 ud
1198 4889 1415 4961 utriqueantem
1432 4887 1529 4943 sensui
1541 4887 1709 4957 congruit,d
1726 4905 1787 4960 quc
1799 4889 1895 4944 subdit.

181 4980 265 5038 Vens.
289 4983 334 5035 25.
362 5007 397 5022 ·-
417 4981 515 5035 lloeror
542 4978 674 5039 incursie,
697 4984 763 5046 ete,
787 4977 855 5051 quia
878 4993 992 5032 necesse
1086 4981 1167 5033 Vsus.
1183 4979 1231 5034 ut.
1259 4978 1311 5044 Oui
1327 4980 1419 5047 parcit
1442 4975 1598 5044 oirpaottit
1621 4976 1715 5044 fllium
1743 4993 1834 5046 mum,
1850 4986 1893 5030 etc.

142 5073 229 5124 estut
243 5068 324 5140 prius
340 5072 515 5140 peccatorem
531 5082 636 5120 moeror
650 5067 826 5138 poenitentioe
840 5065 993 5121 salubriter
1047 5069 1116 5123 Nam
1133 5071 1161 5121 et
1170 5065 1263 5121 bonos
1277 5072 1358 5138 pater
1381 5064 1484 5134 filium,
1512 5070 1542 5119 et
1564 5063 1745 5135 discipulum
1771 5069 1896 5138 magister

144 5157 285 5222 humiliet,
300 5159 328 5212 et
342 5160 407 5229 post
421 5155 623 5226 perjudicium
637 5156 793 5210 sacerdotis
805 5155 879 5210 datae
894 5169 992 5209 recon-
1046 5155 1211 5223 cattiolious,
1240 5170 1277 5210 ne
1304 5154 1341 5209 ad
1378 5153 1563 5227 iniquitatem
1592 5151 1740 5223 dalleclat,
1769 5154 1895 5211 sollicitus

144 5244 295 5300 ciliationis
310 5261 405 5299 sermo
419 5244 543 5299 latificet
558 5243 599 5297 vel
612 5243 730 5299 reliciat.
1046 5242 1151 5299 erudit.

180 5334 234 5399 Qui
259 5335 375 5402 ueqtipit
415 5333 553 5398 domuum,
583 5335 636 5387 etc.
665 5332 695 5387 Si
723 5332 776 5387 hoc
802 5331 837 5386 ad
867 5331 992 5386 litteram
1383 5383 1498 5442 CAPUT
1518 5381 1576 5439 m

144 5420 292 5491 accipitur,
318 5426 384 5489 etc„
423 5420 567 5491 usquead
587 5420 632 5476 tel
655 5420 748 5493 ipsam
775 5436 891 5476 emnem
907 5419 993 5476 morli
1578 5424 1586 5440 ⁰

143 5505 261 5565 tradit?
1091 5505 1170 5564 Vens.
1189 5512 1214 5565 1.
1239 5536 1273 5550 -
1295 5510 1423 5581 sapietis,
1448 5513 1502 5564 etc.
1527 5510 1655 5564 Destruet
1687 5511 1766 5567 mala
1785 5506 1889 5567 virendo
