3892 6106
57 305 112 359 2⁰5
634 304 761 362 GLOSSA
779 305 980 363 onolntitll.
1001 334 1036 344 —
1057 304 1123 360 ΗΒ.
1144 303 1246 361 uxot).
1764 316 1816 372 206

57 432 141 499 putat
159 429 252 482 Deum
267 442 320 497 pro
333 426 500 482 hominibus
514 427 602 495 mori3
620 427 688 482 huic
698 443 768 499 ergo
796 427 953 500 quicun-ll
969 432 1145 498 praeceptum
1154 431 1197 481 est
1210 427 1246 482 de
1254 425 1407 483 dilectione
1418 429 1554 500 veritatis,
1566 431 1610 486 cui
1624 433 1768 488 contraria
1780 438 1828 491 est

59 515 393 588 qneadhoeseritvirere
409 531 466 570 nou
481 515 597 585 poterit.
968 515 1081 570 dilectio
1110 515 1280 587 iniquitatis,
1310 517 1447 588 Loquitur
1461 518 1574 584 veritas,
1603 522 1759 593 perstrepit
1772 539 1823 578 va-

95 604 203 674 (Oure.)
221 609 301 675 Aqua
323 604 453 658 fluminis
480 605 643 659 vertiturin
666 604 916 675 sauguinem,cui
969 603 1134 659 nitas.lluic
1149 604 1293 659 contraria
1320 609 1363 659 est
1403 606 1527 661 secunda
1550 608 1644 679 plaga,
1686 624 1824 667 ranarum

58 695 252 749 llehroeorum
264 709 370 764 pueros
384 693 561 748 tradiderant
587 693 740 761 necandos,
757 699 790 748 ut
817 700 915 749 aucto-
969 691 1154 760 abundantia,
1171 707 1293 763 quarum
1308 692 1465 763 loquacitas
1479 694 1635 750 vanitatem
1663 695 1820 766 signillcat.

57 784 135 837 ribus
150 782 270 836 sceleris
283 783 419 853 poculum
434 782 565 836 redderet
589 782 755 854 sanguinis:
787 787 915 837 etcruo·
969 780 1119 835 Amatores
1137 778 1491 852 veritatisnonaccipiuut
1519 798 1624 839 nomen
1645 783 1697 839 Dei
1727 784 1822 839 iuva·

58 886 116 924 rem
132 870 242 941 polluti
257 868 389 941 gurgitis,
404 885 490 941 quem
519 869 682 940 parricidali
712 870 789 926 caede
820 885 916 927 macu.
970 883 1049 935 narn,
1070 868 1175 939 quiea
1207 867 1325 923 veritate
1354 869 1384 923 in
1418 870 1639 926 vanitatemuon
1670 872 1820 929 recedunt.

56 960 200 1025 laverant,
217 960 345 1029 potando
361 958 509 1013 sentirent.
526 958 686 1029 Allegorice
701 975 817 1031 quoque
832 973 916 1029 aquae
969 956 1023 1021 Qui
1038 960 1134 1011 autem
1147 955 1260 1011 veritati
1274 957 1483 1026 contradicunt,
1510 963 1539 1014 et
1557 961 1681 1015 vanitate
1713 960 1825 1032 decepti

57 1047 174 1119 AEgypti
189 1047 312 1101 erratica
335 1051 365 1101 et
391 1046 499 1101 lubrice
520 1046 758 1119 philosophorum
784 1046 916 1118 dogmata
969 1044 1126 1116 decipiunt,
1155 1059 1232 1099 rane
1258 1045 1478 1110 sunt,'taediurn
1515 1046 1670 1103 inferentes
1695 1049 1825 1135 auribus,

57 1143 133 1204 sunt,
150 1152 228 1208 qnos
255 1136 392 1207 parvulos
417 1151 501 1190 seusu
517 1141 547 1190 et
572 1135 766 1206 intelligentia
796 1136 915 1206 decepe-
970 1148 1030 1187 nou
1044 1133 1140 1187 cibum
1174 1134 1328 1189 mentibus.
1354 1135 1427 1190 Audi
1459 1135 1592 1191 homines
1613 1136 1826 1194 rationabiliter

59 1238 124 1293 runt
139 1248 147 1287 ε
164 1233 259 1287 atnbi
280 1248 350 1288 crux
377 1232 481 1288 Christi
507 1233 605 1287 lumen
631 1231 757 1288 seriniis
781 1232 915 1300 ostendit,
970 1220 1121 1291 l⁰q⁰P¹¹¹⁰³
1145 1220 1215 1290 Pffll·
1246 1236 1332 1276 ”¹¹¹²
1354 1223 1413 1278 ΝΜ
1427 1229 1490 1278 W’li
1519 1223 1631 1295 l⁰i²¹0¹2
1656 1242 1742 1296 milli
1765 1244 1824 1283 5οΓ-

59 1323 134 1377 necis
149 1337 275 1376 suorum
300 1321 331 1376 in
358 1337 457 1393 peenas
484 1326 513 1376 et
539 1325 652 1377 reatum
679 1321 828 1393 sanguinis
854 1321 917 1376 exi·
971 1331 1059 1372 mones
1088 1333 1202 1387 quoram
1229 1333 1283 1373 non
1321 1319 1474 1375 audiantur
1514 1337 1589 1377 voces
1623 1338 1724 1379 enam.
1748 1326 1824 1382 Audi
1934 1330 1937 1334 ’

58 1415 176 1480 guntur.
200 1409 282 1464 Unde
297 1425 304 1463 :
322 1412 408 1464 omnis
430 1411 544 1476 sanquis
573 1411 623 1480 qai
645 1408 747 1478 effusus
774 1413 814 1464 est
836 1423 918 1478 snper
971 1421 1078 1460 ranas:
1098 1409 1176 1462 Vana
1194 1406 1276 1462 beati
1301 1412 1365 1463 runt
1391 1411 1578 1479 unnsquisque
1603 1411 1641 1467 ad
1666 1416 1823 1482 pronianum

58 1503 170 1565 terrosa,
183 1500 343 1567 requiretur
366 1514 384 1553 a
411 1501 585 1566 ueneratione
612 1498 662 1553 baa
689 1499 796 1568 (diutili.
827 1497 916 1569 xxur)·
972 1509 1060 1561 snam,
1077 1500 1130 1549 etc.

89 1588 631 1658 vsas.20,21.-Quaeoersaesiin
658 1589 831 1655 sanquinem,
861 1591 914 1641 etc.
1008 1584 1091 1637 Vsus.
1132 1586 1187 1637 7-o.
1231 1613 1269 1626 -
1299 1586 1427 1640 Fecerunt
1461 1592 1550 1643 autem
1595 1589 1720 1658 malefici,
1768 1597 1823 1648 etc.

59 1675 154 1745 (Rau.)
172 1676 305 1730 Primum
328 1680 506 1746 praeceptum
533 1675 568 1730 de
597 1675 717 1731 colendo
742 1691 801 1729 uuo
832 1675 952 1763 Deo:B
974 1671 1077 1742 (Aua,
1101 1678 1197 1744 qaaest.
1227 1673 1283 1744 23.)
1310 1673 1455 1740 Quaeritur
1478 1677 1613 1739 unde,·si
1636 1679 1698 1748 jam
1718 1679 1825 1752 ubique

60 1765 118 1817 Non
133 1767 225 1819 erunt
239 1764 293 1819 tibi
305 1763 347 1819 dii
361 1764 409 1818 alii
423 1768 530 1835 practer
543 1779 607 1818 me:
625 1764 719 1834 prima
735 1766 830 1834 plaga,
842 1780 917 1834 aqua
970 1761 1221 1824 factumerat.Sed
1248 1762 1350 1816 similis
1378 1764 1498 1834 quaestio
1527 1770 1578 1834 est,
1609 1766 1687 1821 uude
1720 1783 1825 1840 aquam

58 1853 382 1923 insanguineniversa.
412 1852 553 1924 Compara
581 1852 709 1922 primum
739 1858 916 1924 praeceptum
973 1845 1003 1902 in
1027 1851 1359 1921 sauguinemrertcrint,
1375 1852 1467 1923 siJ'am
1493 1856 1641 1925 totaaqua
1666 1856 1825 1928 AEgyptiin

60 1941 160 2011 primae
174 1942 292 2012 plagae:
311 1957 395 2011 aqua,
411 1942 445 1995 de
474 1957 531 2012 qna
559 1946 733 2012 generantur
758 1941 866 2008 omnia,
882 1941 918 1996 si·
970 1937 1140 2008 sanguinem
1155 1953 1236 1993 versa
1250 1938 1360 1993 iuerat?
1370 1938 1425 1994 Sed
1440 1940 1660 2012 intelligendum
1673 1948 1715 1998 est
1730 1945 1824 2015 regio·

59 2029 288 2100 gnificatunum
303 2031 526 2100 Deum,e1quo
555 2029 675 2098 omnia;
705 2030 830 2100 sanguis,
858 2046 916 2084 car·
971 2041 1037 2080 nem
1054 2025 1103 2080 ubi
1121 2024 1173 2080 tilii
1201 2026 1287 2080 lsrael
1316 2025 1494 2097 habitabant,
1523 2029 1628 2084 talibus
1654 2030 1747 2102 plagis
1767 2048 1825 2087 uon

60 2135 122 2174 uem
136 2120 307 2174 mortalem.
323 2122 405 2190 Aqua
424 2134 587 2189 ergoversa
610 2123 653 2172 est
677 2117 707 2172 in
735 2118 915 2189 sanguinem,
970 2113 1056 2170 luisse
1085 2130 1259 2185 percussam,
1298 2119 1327 2169 et
1361 2115 1428 2171 iude
1450 2122 1606 2187 potueruut
1632 2118 1824 2176 incantatores

60 2208 123 2277 qaia
153 2211 389 2262 commutaverunt
403 2208 520 2276 qloriam
555 2207 608 2260 Dei
641 2208 858 2278 incompabilis
887 2210 917 2262 in
970 2201 1086 2256 haurire
1099 2218 1214 2274 aquam,
1246 2218 1332 2274 quam
1348 2203 1379 2257 iu
1404 2204 1573 2275 sanquinem
1602 2213 1754 2277 verterent,
1778 2210 1822 2266 vel

60 2296 272 2351 similitudinem
286 2296 418 2363 imaqinis
445 2295 632 2364 corrnptibitis
660 2295 784 2361 bominis,
812 2301 842 2351 ct
856 2296 917 2351 haec
971 2306 1055 2345 ranas
1069 2291 1190 2346 educere
1213 2291 1249 2346 ad
1274 2291 1494 2347 ostentationem
1521 2295 1641 2367 magicus
1663 2299 1820 2368 potentiae3

61 2385 177 2456 quidem
191 2383 383 2438 commutatio
397 2382 571 2438 iitincorde
592 2383 759 2455 impiorum.
971 2395 1137 2451 quanquam
1169 2385 1326 2453 potuerunt
1365 2381 1462 2449 etiam,
1492 2388 1644 2456 postquam
1672 2385 1721 2441 illa
1751 2402 1824 2442 com·

88 2475 123 2528 ln
138 2474 317 2541 sanquinem,
331 2477 387 2527 etc.
407 2470 480 2537 Ouia
495 2471 545 2544 qui
561 2472 591 2527 in
606 2488 704 2527 rerum
714 2471 806 2527 causis
821 2486 918 2527 carna·
971 2483 1068 2539 pressa
1091 2473 1168 2537 sunt,
1195 2468 1312 2523 iacere:
1338 2469 1388 2524 sed
1412 2469 1558 2542 Scriptura
1584 2474 1727 2529 narrando
1753 2491 1820 2530 con·

62 2561 119 2616 liter
134 2561 279 2626 sentiunt,
295 2560 462 2633 hujusmodi
488 2560 718 2631 correptionibus
743 2565 914 2632 arguuntur,
969 2556 1065 2628 junxit
1078 2557 1156 2628 quod
1171 2561 1269 2627 postea
1280 2556 1344 2611 lieri
1358 2558 1459 2629 potnit.

64 2656 85 2706 ut
112 2666 151 2705 ex
179 2649 324 2721 qualitate
352 2663 504 2719 poenarum
532 2655 689 2719 agnoscant
721 2664 806 2704 suum
836 2665 916 2703 erro·
1007 2645 1087 2698 Vsus.
1115 2645 1226 2716 to-ll.)
1252 2675 1287 2685 -
1312 2645 1365 2711 Qui
1399 2647 1569 2717 respondit:
1593 2649 1670 2705 Cras.
1690 2651 1823 2722 (lacon.)

64 2756 128 2795 mm,
971 2734 1081 2788 Pharao
1096 2750 1161 2787 curn
1174 2733 1246 2789 scire
1261 2735 1347 2788 vellet
1371 2750 1407 2789 an
1437 2735 1525 2806 ldoysi
1552 2741 1581 2792 et
1602 2740 1698 2794 Aaron
1724 2755 1823 2812 preces

89 2830 175 2884 Vm.
193 2828 400 2894 izit-Et
421 2824 582 2880 induratam
610 2830 649 2880 est
678 2841 724 2880 cor
748 2827 913 2882 Pharaonis.
969 2820 1079 2892 aliquid
1094 2821 1170 2893 apud
1183 2823 1273 2876 Deum
1289 2823 1417 2877 ualerent
1431 2822 1506 2894 (illos
1527 2823 1604 2878 enim
1633 2841 1685 2896 per
1710 2831 1822 2882 noctem

65 2917 256 2987 iscamari.
272 2916 331 2984 22.)
360 2913 476 2968 Videtur
502 2917 655 2985 propterea
682 2929 731 2967 cor
758 2912 915 2968 Pharaonis
970 2909 1116 2980 quiescere
1146 2909 1346 2979 existimabat),
1373 2911 1427 2966 ait:
1462 2912 1539 2980 Cras,
1571 2917 1603 2967 ut
1630 2913 1752 2984 ipsemet
1786 2915 1821 2970 ad

66 3001 232 3056 induratum
260 3000 360 3066 fuisse,
386 3000 455 3071 quia
485 3000 678 3055 incantatores
714 2999 915 3071 AEgyptiorum
934 2994 954 3051 C
972 2998 1091 3053 flurium
1120 2998 1276 3069 proiectus,
1316 2998 1427 3055 videret
1460 3016 1497 3054 au
1537 3016 1617 3056 ranae
1654 3008 1810 3059 cessassent

64 3090 323 3147 similiaieceruut.
337 3087 392 3144 Sed
411 3089 561 3160 sequentia
588 3089 691 3143 docent
716 3092 823 3160 quanta
850 3088 916 3143 lue·
967 3087 1159 3152 Quamobrem
1191 3089 1275 3155 neus,
1289 3091 1321 3141 ut
1335 3087 1404 3143 ldosi
1423 3089 1597 3157 crederetur,
1626 3106 1683 3146 nou
1710 3096 1823 3148 tautum

64 3181 94 3235 rit
103 3181 155 3235 illa
181 3178 344 3240 obduratio,
370 3177 456 3232 etiam
485 3193 550 3232 cum
592 3177 784 3232 incantatores
806 3177 915 3233 defece·
968 3192 1001 3230 eo
1016 3175 1080 3246 ipso
1093 3179 1290 3248 temporequo
1312 3178 1403 3231 lloses
1428 3177 1626 3250 constituerat,
1652 3196 1736 3236 ranas
1762 3196 1823 3236 ces·

63 3273 136 3324 runt.
676 3263 699 3322 δ
967 3278 1029 3317 sare
1042 3261 1118 3330 fecit,
1134 3263 1182 3317 sed
1197 3267 1226 3319 et
1239 3279 1287 3318 eas
1302 3280 1367 3336 quae
1380 3262 1410 3319 in
1428 3270 1503 3320 terra
1513 3272 1595 3322 erant
1604 3267 1822 3341 interirejussit‚

93 3357 238 3423 triadi,
253 3358 298 3411 25.
314 3383 350 3398 -
375 3354 514 3410 Foderunt
542 3358 641 3422 autem,
670 3357 723 3409 etc.
750 3353 823 3419 Quia
846 3369 916 3424 gen·

63 3446 149 3501 tilitas
163 3447 284 3500 contusa
298 3443 334 3499 de
348 3443 537 3498 meditatione
551 3442 695 3498 secularis
713 3443 916 3513 philosophiae,

61 3551 122 3589 cum
138 3532 221 3588 videt
235 3531 308 3586 nihil
324 3531 410 3585 vitale
425 3546 477 3584 nec
491 3531 605 3585 salubre
619 3545 679 3585 esse
695 3530 724 3584 in
735 3530 794 3599 illa,
823 3528 918 3584 studet

61 3621 258 3693 brestigando
290 3620 514 3691 circumquaque
539 3631 672 3690 quaerens
711 3618 845 3673 haustum
871 3634 917 3673 sa-

60 3709 188 3781 pientiae,
200 3724 255 3764 nec
279 3708 398 3774 invenit,
429 3707 521 3763 donec
538 3707 687 3778 perveniat
710 3707 746 3764 ad
770 3723 836 3763 eum
851 3706 916 3778 qui·

967 3356 1000 3407 ut
1018 3368 1054 3406 ne
1068 3352 1183 3407 easdem
1199 3352 1317 3408 rediisse
1332 3353 1538 3411 existimarent.

1003 3441 1083 3495 Vsus.
1102 3443 1145 3495 15.
1164 3441 1368 3497 Vidensantem
1391 3443 1507 3511 Pharao,
1537 3448 1590 3498 etc.
1614 3444 1695 3515 (Aua.
1723 3448 1821 3514 oaesi.

968 3529 1024 3599 24.)
1037 3528 1088 3584 liic
1101 3533 1221 3600 apparet
1235 3546 1295 3583 non
1311 3529 1376 3585 ideo
1393 3535 1505 3585 tantum
1524 3532 1703 3588 Pharaonem
1731 3534 1822 3590 obdu·

968 3621 1065 3671 ratum
1079 3617 1156 3689 quod
1172 3616 1364 3673 incantatores
1381 3618 1486 3673 similia
1500 3619 1640 3691 iecerunt,
1656 3627 1721 3689 etc,
1739 3638 1824 3695 usqne

969 3705 1008 3760 ad
1021 3721 1080 3760 non
1094 3705 1166 3760 dixit
1181 3722 1312 3773 munera,
1327 3706 1370 3761 vel
1386 3707 1517 3777 praemia,
1531 3709 1579 3764 sed
1586 3709 1695 3781 judicia
1716 3715 1774 3766 tua.

60 3800 115 3853 ait:
131 3798 188 3864 oui
201 3797 273 3864 sitit,
288 3797 394 3863 veniat,
411 3796 447 3851 ad
460 3812 506 3850 me
521 3801 549 3851 et
562 3796 642 3852 bibat
657 3795 747 3867 (loon.
775 3797 842 3866 rii).
935 3833 938 3837 -
1006 3794 1088 3849 Vsus.
1106 3797 1148 3860 lo,
1183 3799 1224 3850 l'l.
1251 3825 1285 3834 —
1313 3796 1437 3850 Eatende
1464 3798 1580 3864 oirpam,
1618 3801 1671 3852 etc.
1699 3801 1822 3868 Mystico.

389 3928 502 3984 CAPUT
533 3927 595 3983 vm
969 3883 1060 3938 ldoses
1081 3883 1161 3954 virga
1187 3883 1329 3954 castigans
1356 3883 1513 3954 AEgyptum
1546 3885 1640 3956 legem
1671 3887 1822 3958 siguificat,

599 3970 606 3983 ’
970 3987 1035 4044 quie
1049 3972 1189 4026 mundum
1216 3971 1315 4026 decem
1339 3971 1432 4042 plagis
1459 3971 1660 4028 mandatorum
1684 3977 1816 4047 corripit.

96 4063 249 4117 imi-6.
274 4090 309 4100 —
331 4060 403 4115 Eece
431 4076 479 4130 eqo
502 4061 652 4131 peremtum
680 4073 769 4116 onnes
792 4064 918 4120 terminos
970 4061 1056 4132 Virga
1072 4075 1187 4131 qnoque
1202 4074 1355 4132 perquam
1369 4060 1506 4131 AEgyptus
1521 4061 1687 4133 corrigitur,
1709 4064 1820 4120 etPha·

61 4135 225 4216 merulis,
241 4152 295 4204 etc.
314 4149 437 4220 (Suara.)
453 4149 518 4204 Tria
546 4154 614 4204 suut
627 4164 734 4220 genera
757 4154 917 4206 ranarum:
971 4164 1021 4204 rao
1036 4153 1199 4219 superatur,
1216 4163 1285 4203 crux
1310 4148 1415 4204 Christi
1437 4153 1489 4217 est,
1505 4165 1557 4221 per
1585 4166 1673 4222 quam
1699 4153 1824 4209 mundus

61 4255 152 4295 unum
166 4238 322 4293 fluvialeet
334 4237 441 4305 vocale,
456 4238 580 4293 alterurn
597 4240 659 4310 ejus
687 4254 751 4310 qnae
770 4238 916 4295 calamitas
935 4276 957 4332 D
973 4235 1095 4291 vincitur
1109 4240 1137 4291 et
1151 4236 1281 4291 diabolus
1297 4238 1503 4308 superaturrel
1517 4237 1721 4312 triumphatur.
1740 4241 1825 4315 Virga

60 4329 175 4394 dicitur,
191 4327 228 4382 de
241 4341 299 4398 qua
313 4325 403 4381 fertur
425 4325 502 4398 qnod
531 4325 555 4380 si
581 4325 655 4380 iuos
675 4326 806 4382 labantis
838 4331 916 4382 canis
971 4324 1098 4396 projecta
1125 4325 1158 4379 iit
1179 4340 1306 4397 serpens,
1330 4325 1380 4397 qni
1415 4326 1584 4398 sapientiam
1612 4328 1762 4401 significat,
1780 4348 1825 4387 se·

62 4417 223 4489 projicitur,
238 4414 335 4470 statim
344 4414 514 4470 obmutescit
530 4434 538 4482 ;
552 4414 671 4470 tertium
694 4415 756 4488 ejus
778 4432 844 4489 qun
863 4432 916 4471 rn-
970 4413 1095 4468 cundum
1110 4413 1180 4468 illud
1204 4414 1300 4469 btatth.
1317 4430 1357 4469 x:
1386 4418 1478 4472 Estote
1506 4416 1651 4488 prudentes
1680 4421 1750 4474 sicui
1765 4435 1823 4476 scr·

63 4506 127 4561 beta
142 4504 295 4566 dicitur,eo
308 4503 427 4575 quodin
454 4503 590 4574 vepribus
617 4509 694 4575 agat.
968 4505 1071 4572 peritas,
1095 4507 1149 4557 etc.
1176 4501 1262 4574 Virga
1292 4507 1439 4574 serpentes
1479 4520 1629 4576 magorum
1665 4506 1821 4577 devoravit,

97 4593 203 4664 (Onia.)
219 4594 308 4647 Ranae
330 4590 494 4662 significant
520 4591 647 4647 carmina
674 4596 916 4665 poetarumque
970 4594 998 4645 et
1021 4605 1089 4644 crux
1115 4589 1232 4653 Christi,
1256 4591 1337 4663 cujus
1362 4592 1526 4663 praedicatio
1555 4594 1668 4650 videtur
1692 4596 1824 4666 stultitia,

63 4683 185 4737 inaniet
211 4681 311 4735 iuilata
337 4679 544 4749 modulatione,
565 4679 645 4735 velut
672 4696 810 4735 ranarum
838 4682 917 4736 sonis
970 4693 1085 4733 omnem
1113 4679 1282 4751 sapientiam
1312 4681 1413 4735 mundi
1440 4687 1565 4751 superat.
1591 4684 1693 4740 Unde:
1723 4687 1760 4740 lle
1785 4702 1827 4741 me

61 4771 245 4839 nannius,
261 4769 368 4825 mundo
395 4768 572 4838 deceptionis
598 4768 710 4824 fabulas
735 4769 914 4825 intulerunt:
969 4773 1039 4822 enim
1058 4768 1105 4823 illc
1117 4771 1229 4839 scripsit
1249 4769 1342 4840 (Joan.
1360 4770 1398 4842 v).
1420 4770 1504 4842 Virga
1523 4771 1672 4827 interram
1699 4774 1826 4846 projecte

62 4860 92 4915 ul
117 4859 193 4916 nibil
229 4858 308 4913 enim
336 4857 445 4913 animal
470 4857 540 4912 illud
564 4856 635 4911 utile
672 4861 724 4926 est,
754 4857 811 4912 nisi
839 4859 916 4930 quod
968 4860 1103 4911 versaest
1117 4856 1148 4910 in
1171 4862 1345 4928 serpentem,
1362 4858 1430 4930 quia
1456 4875 1521 4913 curu
1550 4860 1718 4931 mysterium
1735 4863 1827 4918 crucis

63 4964 162 5003 sonum
185 4946 266 5002 roais
293 4946 428 5018 improbis
467 4950 496 5001 et
533 4946 706 5018 importunis
744 4947 917 5003 clamoribus
970 4944 1005 4999 ad
1021 4944 1270 5001 iidemhomiuum
1285 4945 1373 5013 venit,
1390 4946 1558 5019 sapientiam
1580 4949 1680 5005 mundi
1706 4951 1824 5008 stultum

65 5037 163 5092 reddit
975 5032 1051 5087 iecit.

10 5022 20 5167 i
94 5122 558 5196 (Ran.lSecnndumpraeceptum
574 5139 581 5178 ε
597 5124 658 5182 Non
680 5125 796 5195 accipies
823 5139 918 5180 omnen
1007 5123 1264 5192 Etsintscinipbcs,
1284 5127 1336 5176 etc.
1371 5122 1475 5194 (Oura.)
1506 5123 1562 5178 lloc
1590 5123 1698 5181 animal
1720 5127 1826 5199 pennis

68 5214 112 5269 aa·
125 5216 211 5270 udin
224 5227 336 5268 amana.
354 5213 463 5267 Nomen
477 5212 527 5266 Dei
541 5212 646 5267 veritas
664 5216 730 5268 est:
754 5213 816 5284 ipse
840 5213 917 5269 enim
970 5209 1155 5281 suspenditur
1171 5226 1223 5281 per
1237 5225 1303 5265 aera
1313 5211 1447 5279 volitans,
1462 5211 1511 5266 sed
1527 5211 1566 5266 ita
1592 5215 1695 5270 subtile
1715 5221 1743 5272 et
1775 5217 1828 5273 mi·

15 5292 21 5381 ’ᾗ
67 5300 121 5356 ur:
141 5303 401 5371 qusnmaeritas.
419 5299 785 5372 Ouiloqniturveritatem,
809 5302 918 5358 deDeo
972 5299 1176 5367 nulum,oculi
1205 5298 1310 5366 risum,
1337 5299 1393 5354 uisi
1417 5305 1498 5356 acute
1517 5304 1670 5372 cernentis,
1699 5305 1827 5377 effugiat.

17 5394 30 5433 ³-
69 5388 207 5462 loquitur;
238 5391 288 5459 qni
304 5388 385 5444 enim
409 5390 531 5460 loquitur
558 5390 739 5459 mendacium,
767 5390 801 5446 de
818 5392 917 5447 suob-
972 5388 1083 5460 Corpus
1109 5392 1205 5443 tamen
1233 5403 1299 5442 cum
1328 5388 1473 5456 insederit,
1494 5391 1677 5448 acerbissimo
1702 5395 1828 5452 terebrat

71 5477 164 5542 quir.
190 5474 350 5530 Veritatem
374 5473 455 5530 euim
482 5474 563 5546 loqui
587 5478 629 5530 est
652 5474 859 5531 rationabiliter
871 5476 918 5531 lo·
972 5477 1100 5544 stimulo,
1115 5481 1148 5532 ut
1166 5491 1253 5548 quem
1281 5477 1426 5533 volentem
1451 5479 1547 5535 videre
1574 5482 1639 5554 quis
1667 5500 1723 5538 non
1742 5486 1827 5555 calet,

72 5563 132 5633 qui:
147 5563 309 5620 vanitatem
323 5560 407 5633 loqui
423 5565 550 5634 strepere
572 5567 624 5618 est.
657 5562 821 5619 Secundum
848 5579 917 5637 erge
972 5565 1076 5621 sentiat
1090 5565 1296 5622 stimulantem.
1313 5568 1372 5622 lloc
1384 5583 1453 5640 ergo
1472 5569 1579 5624 animal
1593 5570 1649 5625 arti
1672 5571 1827 5629 dialectica
