3892 6106
100 233 165 288 liat
412 225 608 282 lt'ulnl'ulul
626 222 747 278 stltsltl
770 223 867 277 tutu.
889 220 974 276 stou.
999 221 1074 276 0121‘.
1098 222 1183 276 PhltS
1204 221 1224 275 l.
1245 249 1278 257 -
1299 216 1527 273 Tltaoloulca.
1786 219 1840 270 ltu

95 352 149 422 fide
169 353 238 405 trinit
252 350 344 416 (Rom.
363 349 400 421 1);
428 349 522 404 unde:
545 345 669 416 Confido,
692 346 743 414 fili,
768 345 942 399 remittrmtur
957 346 981 400 Α
998 359 1055 416 quo
1066 342 1137 399 iacta
1152 346 1228 407 suut,
1245 342 1326 415 cujus
1337 339 1490 413 judicium,
1507 341 1557 413 qui
1576 338 1714 407 audierit,
1737 344 1765 395 et
1779 355 1843 410 pra·

97 441 272 510 tilipeccoto
294 445 342 493 tun
367 439 472 504 (llottls.
498 436 546 504 ix).
571 437 603 490 Et
626 434 711 490 alibi:
736 433 813 489 liidos
842 437 891 487 tun
919 438 944 488 te
996 432 1153 504 ceptaejus
1177 430 1477 496 iecerit‚salruserit:
1502 429 1583 502 cujus
1613 428 1786 483 mandatum
1800 435 1843 497 est,

95 531 201 585 solcum
215 531 281 596 fecit
292 527 389 599 (lirim,
402 527 437 595 x).
995 526 1027 577 ut
1039 521 1126 576 aliam
1155 520 1229 592 patri
1254 518 1416 592 temporali,
1433 524 1462 574 ct
1486 518 1570 574 matri
1593 517 1761 573 reverentia
1776 517 1844 573 exhi·

132 619 213 674 Vens.
232 620 257 671 o.
274 646 307 657 -
322 617 374 683 oui
396 617 495 670 timetis
510 615 661 673 Dominum,
675 616 781 683 sperrte
803 614 834 665 in
854 611 940 666 illum.
995 611 1117 679 beatur3
1134 610 1230 665 undo:
1256 609 1373 665 Horrore
1395 612 1504 679 putrem
1520 613 1596 662 tuum
1611 609 1706 673 (Decri.
1728 606 1770 675 rt,
1786 613 1844 674 etc,

95 705 161 761 Tria
185 705 365 760 commendat
390 702 557 757 timentibus
582 704 691 758 Deum:
722 700 847 767 credere,
875 715 942 771 spc-
996 700 1073 754 unde
1088 699 1232 772 sequitur:
1250 700 1303 770 Qui
1323 698 1438 753 honorat
1459 703 1565 768 patrem
1579 711 1672 752 suum.
1691 696 1745 752 Cui
1767 695 1845 751 licum

96 792 404 865 rare,ditigc1·e;quia
419 791 485 857 fide,
503 809 553 863 spe
567 796 595 846 ct
609 788 748 846 charitate
764 788 944 843 verecolitur
996 786 1307 850 honorenrconstituit.
1330 803 1390 843 nou
1418 785 1532 842 debete
1562 785 1630 841 tiliis
1660 784 1844 840 inhonorari:

96 882 180 947 Deus,
206 886 234 935 ct
258 880 293 935 cd
319 880 593 952 contemplationem
618 878 794 952 pervenitur,
810 893 875 949 quae
902 881 943 932 est
995 878 1064 951 quia
1080 879 1153 933 Deus
1173 876 1282 948 judicio
1299 892 1350 931 suo
1371 875 1502 947 exquiret
1525 875 1653 948 qualiter
1673 877 1845 947 praeceptum

94 968 242 1024 beatitudo
258 971 374 1025 aeterua.
995 984 1079 1023 scium
1096 971 1232 1021 serretur,

131 1058 211 1111 Vnus.
231 1060 272 1112 ll.
297 1088 332 1097 -
357 1059 499 1127 Respicite,
525 1053 944 1126 etc.(ltsa)ilicquoqootria
1032 1057 1113 1111 Vnus.
1130 1057 1156 1111 l.
1176 1085 1211 1097 -
1237 1054 1407 1123 Ouidiiipit.
1423 1053 1478 1120 Qui
1506 1053 1613 1109 scilicet
1629 1051 1773 1108 mandata
1795 1067 1845 1106 ser·

95 1146 171 1214 dicit,
195 1151 261 1214 etc,
290 1162 374 1214 usque
402 1147 439 1200 nd
466 1145 533 1217 quia
558 1146 721 1214 sucrificium
754 1147 805 1199 lieo
828 1144 943 1213 spiritns
997 1141 1566 1216 rat,elahstinetcpeccatis,cttamcu
1582 1158 1635 1214 pro
1658 1139 1848 1196 excessoribus

95 1235 291 1291 contribulatus
315 1235 396 1305 (Psoi.
420 1235 457 1306 a),
485 1238 538 1288 etc.
558 1234 599 1301 Et,
625 1235 709 1303 Prope
721 1237 760 1288 est
774 1235 843 1288 Deus
853 1233 941 1287 omni·
997 1251 1079 1290 oraro
1099 1251 1157 1289 non
1186 1232 1302 1302 desinit,
1328 1232 1396 1305 quia
1422 1232 1474 1288 scit
1488 1229 1711 1287 misericordem
1728 1229 1846 1303 judicem

95 1324 143 1379 hus
158 1323 347 1378 invocantibus
361 1338 388 1378 se
402 1326 431 1378 in
444 1325 558 1378 ueritate
570 1323 652 1387 (Psnl.
671 1320 769 1392 cxciv).
997 1323 1076 1379 omni
1091 1329 1219 1395 tempore
1234 1338 1333 1395 preces
1348 1321 1493 1378 exaudire.

130 1413 210 1467 Vnus.
230 1412 317 1467 te-
343 1414 389 1468 Va
417 1412 522 1481 duplici
534 1411 622 1477 corde,
648 1413 704 1464 otc.
729 1408 944 1479 Admonuit,ne
1033 1415 1113 1468 Vens.
1141 1416 1166 1468 o.
1191 1443 1226 1452 —
1249 1414 1370 1482 lnpiiis.
1402 1411 1542 1480 (Brulla
1571 1409 1670 1466 sobole
1683 1408 1729 1464 rel
1754 1408 1784 1464 in
1800 1408 1846 1463 dis

97 1501 160 1572 quis
185 1501 291 1572 duplici
315 1501 399 1555 corde
418 1500 564 1555 accederet
581 1498 615 1552 ad
633 1499 828 1566 De11m3uunc
848 1505 943 1553 autem
997 1502 1108 1573 ciputis,
1138 1506 1203 1568 etc,
1233 1499 1367 1568 usquead
1391 1500 1532 1554 honorare
1557 1503 1693 1571 parentes
1729 1498 1845 1570 primum

96 1589 174 1656 dicit,
194 1591 239 1646 Vse
264 1589 370 1659 duplici
386 1589 465 1644 corde
491 1593 515 1644 et
530 1589 611 1642 leihtis
641 1587 768 1642 scelestis.
789 1585 843 1651 Qui
867 1586 943 1640 euim
959 1626 979 1680 B
998 1591 1166 1645 mandatum
1180 1589 1262 1644 estin
1281 1587 1485 1660 promissione.

95 1692 182 1750 prava
198 1676 313 1748 cogitat,
330 1680 359 1730 et
373 1676 510 1747 loquitur,
526 1680 553 1729 et
565 1675 660 1745 pravis
679 1673 785 1728 insistit
798 1672 943 1744 operibus
1035 1682 1116 1734 Vsus.
1134 1681 1159 1734 6.
1175 1708 1208 1719 -
1223 1680 1256 1734 ln
1277 1693 1355 1748 opere
1374 1682 1399 1732 et
1425 1693 1553 1744 sermone,
1565 1691 1624 1730 uon
1641 1675 1672 1730 in
1696 1674 1784 1730 vulva
1800 1672 1844 1728 κῇ.

97 1761 797 1835 ssiflil’fflnilussfllsissffllssissutnltlfibii·Duabus
814 1763 867 1816 vt't‘t
888 1765 944 1816 itr-
998 1768 1064 1824 licet
1091 1768 1165 1822 unde
1196 1766 1366 1832 ostenditur,
1392 1772 1421 1821 et
1435 1764 1593 1837 spiritualis
1617 1769 1702 1835 pater
1731 1762 1843 1818 maxime

97 1869 156 1908 rom
168 1853 347 1921 ingredientis
365 1851 414 1923 qui
436 1851 502 1906 iacit
516 1851 600 1917 maia,
617 1855 645 1905 et
660 1855 756 1922 sperat
785 1851 943 1917 bona;vel,
998 1857 1102 1928 dignus
1127 1856 1253 1921 h0n0r0;
1280 1854 1356 1909 unda
1380 1853 1502 1910 Paulus:
1532 1855 1582 1910 Per
1609 1853 1844 1919 Eounoetiumeoo

97 1942 146 2014 qui
161 1941 253 1997 caruis
266 1944 389 1995 sectatur
401 1956 498 2011 opera,
512 1944 539 1994 et
555 1939 671 2011 spiritus
690 1938 944 1994 sanctificationem
997 1959 1043 1999 nos
1067 1945 1149 2012 penui
1175 1942 1200 2014 (l
1225 1943 1288 1999 Cor.
1317 1942 1368 2012 ir).
1388 1942 1421 1995 Et
1441 1939 1530 1995 alibi:
1560 1941 1615 2006 Qui
1642 1939 1709 1994 hene
1734 1944 1844 2010 inaruit

98 2046 127 2084 se
155 2031 311 2085 arbitratur
334 2028 512 2100 perficerein
529 2028 649 2095 timore;
666 2028 720 2093 rel,
743 2026 819 2100 quod
837 2026 886 2082 uei
902 2029 946 2081 est
997 2033 1158 2104 presbyteri,
1188 2024 1294 2102 displice*
1326 2030 1424 2085 nonore
1445 2029 1524 2096 dipm
1552 2029 1709 2084 habeantur
1735 2029 1844 2083 monime

96 2134 183 2190 opere
225 2118 348 2183 erliihet,
377 2122 405 2172 et
431 2117 507 2190 quod
543 2117 643 2172 mundi
683 2121 736 2185 est,
772 2114 945 2186 cogitatione
998 2124 1047 2193 qui
1061 2121 1190 2176 intonant
1204 2122 1233 2175 in
1248 2119 1373 2174 doctrino
1383 2122 1408 2173 et
1422 2118 1501 2173 oeric
1516 2118 1544 2189 (1
1561 2119 1629 2172 Tim.
1642 2118 1683 2187 r).

98 2209 210 2278 quierit.
222 2208 381 2263 'ialesrcro
398 2206 593 2260 inconstantes
613 2211 680 2260 sunt
698 2205 728 2259 iu
746 2204 880 2260 omuibus
893 2204 945 2259 viis
1033 2210 1115 2263 Vens.
1150 2211 1192 2262 ll.
1216 2205 1423 2261 -Benedictio
1449 2206 1550 2276 patris.
1583 2203 1750 2275 etc.(llaa.l
1769 2203 1845 2258 Bene·

96 2296 164 2364 suis,
193 2294 261 2367 qiua
281 2294 362 2349 iaciie
387 2294 416 2349 in
436 2294 562 2350 adversis
588 2299 743 2361 terrentur,
761 2297 789 2348 ct
799 2293 945 2365 prosperis
998 2299 1131 2355 dixerunt
1154 2295 1323 2368 patriarchae
1350 2294 1426 2363 tiliis,
1458 2300 1523 2363 ete,
1556 2309 1641 2364 nsque
1664 2291 1705 2347 ud
1723 2292 1846 2348 illusores

96 2383 277 2440 irretiuntur.
998 2386 1152 2442 saevissime
1168 2385 1357 2451 laniaverunt,

131 2474 212 2528 Vnus.
239 2474 281 2527 ts.
306 2501 341 2513 -
367 2472 515 2528 Dissolntis
543 2470 630 2540 corde,
657 2475 710 2525 etc,
737 2469 827 2542 (uin.)
845 2469 943 2526 Adhuc
1034 2476 1113 2531 Vsus.
1140 2478 1182 2530 ts.
1206 2504 1240 2514 -
1262 2473 1448 2542 Eleemosyna.
1475 2471 1587 2527 Scilicet
1613 2487 1679 2543 quae
1704 2474 1847 2542 peccalum

96 2562 178 2618 docet
201 2577 327 2617 errorem
345 2577 453 2630 carere,
471 2566 638 2631 etc.,nsque
661 2560 698 2615 cd
724 2560 779 2623 his.
810 2559 861 2630 qui
887 2577 944 2615 nou
998 2566 1082 2621 delet.
1100 2561 1287 2619 tinstiaenim
1317 2577 1381 2633 qua
1406 2576 1459 2632 pro
1481 2564 1608 2632 peccato,
1632 2563 1784 2631 peccatum
1804 2576 1847 2613 ro·

97 2651 280 2724 acquiescunt
304 2650 427 2719 veritati,
454 2650 576 2705 creduut
598 2654 694 2705 autem
720 2649 877 2722 iniquitati,
902 2648 945 2705 ira
999 2652 1155 2718 catur.0ui
1172 2656 1268 2707 autem
1292 2649 1469 2722 parentibus,
1491 2647 1534 2704 vel
1550 2649 1660 2703 coeteris
1675 2648 1848 2721 pauperihus

97 2746 126 2796 et
142 2740 312 2813 indignatio,
324 2745 378 2796 etc.
999 2742 1162 2808 miseretur,
1189 2740 1308 2812 justitiae
1342 2739 1495 2811 praemium
1532 2737 1652 2809 recipiet
1681 2753 1700 2791 e
1732 2736 1848 2808 peccatis

131 2829 216 2884 Vsus.
249 2832 292 2884 ll.
322 2831 513 2899 —lnspicere,
539 2833 593 2884 etc.
611 2829 690 2885 Licet
718 2828 944 2902 omnitempore
998 2832 1156 2886 absolutus.
1173 2829 1256 2884 Beati
1269 2828 1454 2884 misericordes
1469 2829 1598 2897 quonium
1609 2827 1723 2889 ldlottlc.
1740 2825 1779 2895 r),
1799 2831 1847 2880 etc.

96 2917 228 2988 inspiciet
256 2917 352 2972 omnia
377 2919 462 2986 Deus,
477 2921 546 2973 tunc
564 2921 661 2972 tamen
672 2917 813 2989 inspicere
828 2918 943 2990 dicitur,
961 2909 982 2964 C
1000 2920 1032 2975 Fu
1057 2919 1137 2975 alibi:
1168 2919 1320 2974 Fenerntur
1341 2919 1463 2984 Domino,
1483 2917 1532 2986 qui
1545 2916 1692 2970 miseretur
1705 2917 1846 2985 pauperis.

95 3022 160 3062 cum
174 3006 296 3078 probare
310 3007 355 3062 rel
367 3006 531 3078 improbare
546 3006 654 3078 aliquid
667 3006 853 3080 dignoscitur.
1000 3011 1094 3079 (Pron.
1113 3010 1179 3075 ιιι).
1208 3007 1279 3062 ilinc
1296 3005 1394 3061 Daniel
1415 3006 1450 3059 ad
1476 3003 1762 3059 Nabuchodonosor:
1783 3005 1851 3061 Con-

131 3096 212 3149 Vanr.
238 3097 280 3151 l8.
308 3125 341 3136 -
366 3095 421 3162 Qui
436 3098 529 3151 timent
557 3097 708 3163 Dominum,
735 3100 883 3151 nonerunt
900 3098 942 3152 iu·
998 3099 1092 3153 sitium
1114 3111 1211 3164 meum,
1231 3110 1246 3150 o
1263 3110 1323 3162 rea,
1349 3093 1457 3164 ptnceot
1483 3092 1551 3148 tihi:
1576 3096 1689 3162 peccato
1720 3095 1770 3147 tuo
1793 3092 1852 3146 elee-

93 3183 244 3252 credihilcs,
274 3189 326 3239 etc.
355 3183 527 3239 lllternundo
558 3184 592 3239 de
617 3200 713 3239 amore
742 3190 771 3239 et
791 3184 943 3240 dilectione
997 3187 1117 3255 mosunis
1158 3185 1270 3241 redime.
1305 3188 1330 3238 et
1367 3184 1526 3252 iniquitates
1559 3187 1620 3236 luas
1656 3181 1853 3237 misericordiis

96 3269 146 3325 Dei
161 3271 229 3343 agit,
257 3274 322 3341 quin
344 3274 424 3327 timor
448 3275 555 3328 Domini
580 3279 699 3341 sanctas,
726 3288 888 3344 pameneae
913 3277 943 3328 in
996 3292 1149 3349 pauperum
1172 3276 1252 3346 (Dan.
1275 3273 1322 3343 ivl.
1354 3272 1377 3327 si
1392 3271 1511 3327 forsitan
1534 3271 1664 3342 ignoscat
1680 3271 1758 3326 lteus
1784 3270 1852 3326 deli·

93 3361 218 3414 saeculum
242 3362 334 3415 saculi
365 3360 449 3429 (Psoi.
478 3364 564 3428 xviii),
583 3363 767 3432 etomnisqui
789 3361 893 3430 dilicit,
909 3378 943 3416 cn
998 3366 1049 3421 ctis
1078 3365 1144 3420 tuis.
1175 3363 1246 3418 llinc
1278 3361 1417 3417 Dominus
1443 3361 1496 3416 ait:
1517 3363 1583 3416 liuta
1602 3360 1811 3430 eleemosynam,
1831 3367 1854 3417 et

92 3447 144 3502 Deo
172 3452 253 3502 notus
276 3453 326 3515 est,
354 3453 379 3503 et
405 3451 539 3518 cognoscit
566 3450 650 3504 Deum
677 3449 942 3520 triennalem
997 3452 1278 3511 omnicmundasunt
1291 3450 1366 3505 vohis
1381 3448 1518 3519 (Lucas).

92 3549 158 3589 vero
173 3534 368 3601 timotheum,
386 3541 415 3591 et
433 3537 537 3609 diligit,
553 3541 582 3592 et
596 3537 864 3609 creditScripturis,
879 3555 943 3592 ser·
1033 3544 1113 3597 vaus.
1144 3539 1311 3596 lit-Fili
1331 3540 1361 3592 in
1382 3537 1595 3593 mansuetudine.
1619 3537 1812 3594 mansuetudo
1827 3542 1853 3594 et

91 3627 140 3678 rot
154 3624 299 3695 operando
326 3629 469 3697 precepto
495 3627 556 3696 Dei,
581 3630 609 3681 et
638 3642 750 3698 semper
778 3626 942 3682 meditando
998 3629 1288 3699 huniilitasgratiaru,
1306 3626 1573 3699 superbiaetturor
1588 3625 1852 3698 pariuntruinam;

92 3712 196 3784 quaerit
229 3730 294 3785 quae
322 3713 499 3787 heneplacito
526 3718 592 3769 sunt
617 3714 669 3783 illi,
695 3715 852 3787 replebitur
873 3732 941 3787 ergo
998 3721 1096 3776 unde:
1127 3721 1262 3775 Discitcn
1284 3717 1504 3787 mepninmitis
1527 3720 1629 3770 sumet
1645 3712 1852 3770 humiliator&

92 3799 233 3872 sapientia
257 3806 286 3858 et
299 3802 436 3858 cliaritate
464 3803 523 3858 liei.
549 3804 628 3858 Finis
641 3806 712 3859 enim
732 3806 861 3873 praecepti
877 3806 939 3859 cin·
998 3810 1106 3880 (Mattio.
1132 3809 1182 3876 xil,
1204 3811 1257 3861 etc.
1287 3806 1320 3862 ut
1334 3804 1422 3860 alihi:
1447 3804 1499 3871 Qui
1517 3817 1545 3859 se
1558 3804 1672 3864 enultut,
1689 3802 1851 3858 humiliati·

91 3891 171 3955 ritus,
188 3894 213 3944 et
228 3893 277 3961 qui
292 3890 384 3959 dilipit
391 3893 557 3962 proximum,
573 3892 656 3960 legem
667 3894 797 3962 implevit.
998 3901 1044 3952 tnr
1059 3895 1137 3966 (Luc.
1148 3897 1215 3965 xiv),
1228 3898 1281 3950 etc.

128 3978 211 4034 Vens.
230 3981 273 4034 20.
286 4010 319 4018 —
333 3980 388 4046 Qui
399 3982 492 4034 timent
505 3983 649 4036 Dominum
660 3980 867 4051 praeparabunt,
886 3985 939 4036 etc.
1033 3986 1115 4040 l'aus.
1140 3987 1184 4040 el.
1199 4014 1234 4024 -
1248 3984 1355 4050 Quanto
1368 3995 1483 4048 mannus
1498 3994 1536 4050 es,
1553 3983 1607 4034 etc.
1627 3977 1723 4050 (llas.)
1752 3979 1851 4035 Docuit

91 4065 167 4121 Felix
192 4067 299 4133 anima,
327 4084 391 4139 quoe
416 4069 544 4140 quotidie
575 4069 693 4123 mundat
720 4085 768 4124 cor
796 4085 881 4124 suum
911 4074 942 4124 ut
997 4075 1128 4146 superius
1152 4071 1414 4137 mansuetudinem,
1438 4073 1502 4138 etc,
1527 4066 1849 4138 usquendsuilicitho·

91 4154 227 4225 suscipiat
252 4155 441 4212 habitatorem
465 4158 567 4222 Deum,
587 4157 667 4229 cujus
684 4174 830 4228 possessor
861 4158 976 4251 nulloD
997 4163 1068 4218 mini
1093 4179 1127 4217 aa
1147 4162 1195 4234 pis
1208 4161 1344 4233 cogitare,
1368 4164 1397 4215 et
1409 4173 1496 4231 opere
1510 4157 1641 4229 impiere,
1658 4171 1726 4229 quse
1742 4173 1849 4230 praece·

91 4245 255 4315 egethouo,
281 4245 349 4316 quie
366 4246 495 4301 omnium
520 4247 661 4302 bonorum
686 4251 831 4301 auctorem
857 4246 888 4301 in
911 4263 940 4300 sc
994 4252 1038 4325 pit
1056 4253 1142 4307 Deus,

91 4332 186 4388 hahet.
217 4333 249 4388 Et
274 4333 342 4406 quia
369 4335 403 4390 ad
431 4335 656 4392 hocnecessaric
680 4340 723 4389 est
739 4336 941 4391 mandatorum
1030 4340 1113 4394 Vens.
1136 4339 1181 4393 st.
1197 4367 1233 4377 -
1259 4339 1291 4393 ln
1315 4337 1489 4407 superuacuis
1506 4334 1596 4397 retus.
1624 4336 1678 4390 etc.
1697 4335 1795 4406 (Rae.)
1820 4333 1849 4389 ld

90 4419 230 4490 custodia,
256 4426 285 4475 et
317 4421 384 4478 honi
412 4425 508 4495 operis
529 4423 677 4494 patientia,
696 4439 754 4495 qua
777 4423 942 4495 pervenitur
995 4434 1049 4497 est,
1074 4444 1109 4483 ue
1134 4425 1268 4481 scruteris
1284 4440 1469 4496 supervacue,
1483 4427 1547 4487 etc,
1571 4437 1658 4493 nsque
1683 4422 1723 4477 od
1751 4423 1849 4496 dispu-

90 4508 126 4563 ad
156 4509 332 4580 agnitionem
357 4512 493 4580 veritatis,
518 4513 660 4585 sequitur:
690 4515 743 4580 Oui
768 4517 862 4570 timent
887 4513 941 4569 Do·
995 4516 1129 4572 [antesin
1143 4531 1256 4570 errores
1273 4514 1416 4582 incidunt,
1431 4511 1623 4568 etareritate
1643 4510 1799 4568 recedunt.

90 4597 194 4652 minum
227 4598 382 4654 custodiunt
411 4602 542 4655 mandato
570 4601 655 4671 illius,
686 4607 741 4656 etc.
777 4603 873 4658 iustus
910 4601 941 4656 in
1030 4605 1109 4661 Vens.
1135 4606 1179 4660 27.
1196 4633 1230 4645 -
1257 4602 1436 4658 Gordurum.
1460 4600 1532 4666 Quia
1550 4597 1698 4655 secundum
1713 4599 1850 4657 duritiam

90 4684 193 4757 primis
207 4691 353 4741 accusator
367 4692 409 4740 est
424 4687 478 4741 sui.
494 4687 573 4742 Sicut
587 4690 664 4744 enim
689 4688 845 4744 humilitati
871 4705 942 4761 prae·
995 4700 1070 4751 tunm
1085 4694 1255 4749 thesaurizus
1267 4692 1319 4747 tihi
1327 4693 1398 4746 irum
1410 4692 1440 4744 in
1454 4687 1498 4744 die
1506 4687 1608 4759 judicii
1623 4685 1711 4758 (Rom.
1735 4691 1781 4757 ιι.)

93 4773 193 4839 mium,
208 4773 248 4827 sic
275 4774 417 4845 superbias
444 4776 737 4850 restatsupplicium3
764 4778 840 4832 unde
859 4777 941 4832 ioan·
1031 4783 1168 4837 Vensttl.
1195 4778 1482 4848 -Corinprediens,
1504 4775 1584 4841 Quod
1601 4791 1660 4830 nou
1689 4782 1851 4846 curatrice

92 4878 141 4916 ncs
156 4878 162 4915 ε
178 4861 212 4916 Si
227 4860 378 4918 dixerimus
406 4866 532 4933 quonium
559 4871 698 4936 peccatum
722 4882 775 4922 non
802 4866 940 4928 habemus.
995 4870 1090 4926 studet
1104 4869 1203 4934 vitare,
1219 4872 1247 4923 et
1257 4868 1333 4941 quod
1345 4883 1379 4922 ea
1394 4865 1498 4936 diligit,
1514 4880 1579 4936 quae
1590 4864 1702 4919 ducunt
1712 4865 1752 4920 ed
1767 4864 1852 4920 inter·

90 4953 148 5021 ipsi
160 4964 208 5005 nos
231 4951 382 5006 seducimus
395 4953 433 5018 (ll
443 4952 528 5007 Jonn.
546 4954 573 5022 il.
600 4953 654 5017 Qui
669 4969 734 5007 rere
749 4955 863 5026 sapiens
888 4960 939 5025 est,
994 4959 1080 5028 itum,
1111 4964 1142 5013 ut
1166 4958 1289 5019 hereses
1315 4960 1343 5010 ct
1370 4955 1498 5026 proteum
1513 4953 1672 5021 novitates;
1700 4954 1783 5009 unde
1807 4970 1849 5008 se·

91 5053 173 5092 verus
198 5038 317 5109 justitiae
332 5040 491 5109 cultorest,
519 5040 586 5113 quia
610 5041 749 5113 sapientia
771 5044 860 5099 dictat
881 5043 941 5116 jus
995 5046 1108 5119 quitur:
1122 5047 1179 5100 Gor
1192 5043 1347 5113 ingrediens
1360 5043 1430 5100 duos
1454 5044 1525 5111 cios,
1550 5057 1604 5097 nnc
1618 5040 1733 5097 habehit
1748 5057 1849 5099 succes·

91 5126 315 5182 titianormam.
995 5140 1116 5203 ansele.

429 5198 543 5254 CAPUT
571 5199 619 5254 lll.
1328 5203 1440 5258 CAPUT
1460 5202 1507 5259 lv.

130 5303 212 5357 Vens.
228 5308 255 5360 t.
282 5334 316 5346 -
338 5305 484 5360 „iudicium
510 5308 612 5377 patris.
642 5306 704 5375 liei,
729 5324 763 5364 eo
788 5313 940 5378 queomnis
1030 5312 1112 5366 Vens.
1152 5314 1176 5365 t.
1208 5284 1259 5351 -’
1278 5309 1350 5377 Fili,
1378 5309 1571 5377 eleemosynam
1611 5310 1759 5379 pauperis,
1797 5312 1846 5364 etc.

90 5391 245 5458 paternitas
267 5395 294 5446 in
319 5393 381 5447 colo
411 5399 437 5448 et
460 5395 490 5448 in
519 5398 604 5450 terrm
631 5393 704 5460 Quia
727 5411 761 5450 ex
793 5395 856 5467 ipsc
876 5401 942 5453 sunt
996 5400 1092 5473 (lina.)
1108 5398 1252 5464 Quantum
1267 5398 1448 5470 eleemosyna
1464 5397 1549 5468 valet,
1565 5402 1633 5469 etc,
1650 5394 1848 5471 uaqueudqui

93 5475 199 5530 omitia.
215 5477 270 5541 Qui
282 5479 376 5550 diligit
386 5497 429 5548 ea,
442 5497 507 5553 qma
522 5481 598 5554 iecit,
611 5487 640 5538 ct
653 5487 685 5539 ut
696 5482 727 5538 in
748 5499 781 5540 eo
796 5490 940 5550 maneant,
995 5503 1029 5542 ex
1044 5487 1130 5542 corde
1142 5486 1260 5560 corripit
1274 5484 1532 5554 consumationis.
