3892 6106
91 287 155 338 itit
407 274 604 330 wnttlulht
623 272 747 328 srlmsst
766 273 864 329 l'tltu
886 271 967 328 llult.
988 270 1064 328 Ol’P.
1085 269 1174 325 PARS
1192 269 1213 324 l.
1233 297 1268 308 -·
1286 266 1515 324 theonostus.
1781 266 1841 318 tiit

125 405 208 460 vans.
238 404 280 458 ιι.
302 430 338 444 -
360 400 481 468 Diligite,
509 400 574 464 etc,
599 399 623 451 et
647 395 781 449 habebitis
809 394 973 464 discipli-h
1317 446 1427 502 CAPUT
1448 445 1506 500 vm

89 510 163 549 rrum.
189 491 243 557 Oui
269 489 365 560 diligit
391 485 573 557 sapientiam,
607 487 701 539 serunt
742 482 772 537 in
810 482 939 538 moribus
1510 484 1517 499 ·

89 580 282 653 disciplinam.
305 579 366 633 Non
391 575 469 630 enim
496 576 575 628 amat
607 571 788 643 sapientiam,
815 571 939 642 quinon
1029 573 1106 628 Vens.
1125 574 1149 627 l.
1166 601 1199 610 -·
1214 571 1337 639 ,titinpit
1350 584 1368 623 o
1376 568 1443 639 fine,
1459 568 1491 624 ld
1506 571 1574 623 esta
1588 565 1737 639 principio
1750 564 1844 621 mnndi

90 675 183 726 servat
200 667 391 738 disciplinam.
414 663 493 719 Unde
511 680 517 718 :
532 663 563 719 Si
588 661 709 729 diligitis
732 660 940 730 conmendatio
994 676 1085 733 usque
1100 659 1135 715 ad
1151 659 1307 714 adventum
1321 656 1438 723 Christi,
1448 656 1572 712 mirifica
1584 671 1676 728 opera
1691 659 1722 710 et
1739 654 1845 710 sincera

90 757 441 826 rneoreruotettoon.11v).
995 748 1158 804 testimonia
1173 763 1224 819 per·
1240 748 1324 798 totns
1338 747 1553 801 Testamentum
1568 744 1685 798 fortiter
1700 742 1813 808 asserit,
1822 749 1847 797 et

127 847 207 901 Vane.
230 845 271 899 14.
287 871 323 884 -
347 841 580 910 Praeoccupotqur'
598 853 626 894 sc
643 838 843 907 concupiscunt.
873 836 941 892 Gra·
995 837 1030 893 ab
1040 835 1236 891 incarnatione
1255 835 1338 888 t'crhi
1367 832 1504 905 usquead
1520 833 1609 888 tlnem
1627 831 1734 887 mundi
1759 831 1847 886 suari·

92 934 169 990 tissa
195 933 328 987 offerens.
358 930 419 1001 lpse
444 927 522 983 cuim
545 933 588 982 est
613 929 670 992 oio,
697 929 809 992 ueritus,
832 930 858 980 et
881 927 942 980 uita
995 931 1082 982 tatem
1100 923 1244 996 Evangelii
1270 923 1395 996 exponit.
1414 923 1440 979 Α
1458 925 1595 993 itueergo
1612 919 1847 992 usqueodfiuen

91 1021 178 1092 (Joon.
195 1023 276 1090 ιιιιι
299 1017 457 1091 peripsam
479 1017 548 1085 itur,
570 1016 601 1070 iu
628 1014 723 1087 ipsum
743 1013 881 1081 tenditur,
904 1013 940 1068 ad
994 1017 1105 1082 fortiter
1112 1015 1256 1084 pertinuit,
1267 1012 1335 1084 qnia
1347 1011 1455 1083 ubique
1464 1011 1589 1083 perlecta
1600 1011 1662 1083 agit
1678 1010 1766 1066 :finis
1775 1009 1848 1065 enim

90 1112 187 1184 ipsum
202 1108 341 1182 pervenit.
995 1103 1199 1176 perfectionem
1215 1101 1367 1173 significat.

130 1199 208 1253 Vens.
234 1198 275 1252 th.
301 1226 334 1235 -
350 1195 521 1250 deridentem
545 1192 633 1260 iilum,
657 1197 710 1245 eto.
729 1191 848 1262 Semper
863 1204 942 1261 para·
1034 1193 1114 1247 Vens.
1131 1193 1157 1246 3.
1174 1220 1208 1230 -
1223 1191 1360 1259 Gtortficat
1386 1189 1602 1256 contubernium,
1619 1188 1647 1242 id
1664 1191 1717 1254 est,
1743 1203 1847 1258 reprae-

93 1291 152 1342 tam
167 1284 275 1340 scilicet
292 1282 435 1348 auxiliari,
452 1282 528 1337 unde
541 1297 549 1336 ι
564 1284 631 1338 Ecce
645 1295 707 1347 eruo
720 1285 761 1334 sto
782 1280 819 1334 od
832 1280 942 1344 ostium,
998 1285 1092 1337 acutat
1108 1282 1313 1348 generositatem
1332 1279 1417 1346 itlius,
1441 1277 1548 1333 scilicet
1568 1277 1674 1343 Patris,
1691 1276 1745 1348 qui
1764 1283 1809 1331 ost
1824 1276 1847 1331 ei

93 1379 119 1431 et
144 1375 235 1444 puteo,
264 1374 289 1428 si
304 1374 365 1440 quia
398 1373 535 1441 operuerit
562 1371 641 1436 mihi,
670 1369 786 1423 introito
814 1368 852 1422 od
883 1382 943 1421 eum
996 1374 1158 1425 coaternus
1172 1372 1201 1422 ct
1214 1366 1444 1439 coomnipotens,
1470 1366 1514 1421 vel
1529 1366 1682 1437 partinrde
1696 1365 1846 1436 temporali

92 1468 118 1518 et
137 1462 243 1517 coerrobo
273 1475 332 1515 cum
359 1459 416 1525 itte,
441 1463 467 1514 et
495 1462 552 1528 ipse
578 1473 680 1513 mecum
706 1456 802 1527 (Apoc.
830 1458 882 1523 ιιι).
911 1455 942 1509 ln
997 1458 1154 1525 nativitate,
1171 1456 1326 1526 partimdc
1350 1453 1648 1525 aeternapotestlegi.
1676 1454 1771 1508 llahct
1792 1470 1847 1509 con·

94 1550 231 1623 presenti
247 1547 419 1603 studendum
435 1552 477 1601 est
491 1545 652 1618 sapientiae,
666 1549 693 1599 et
708 1544 865 1601 secundum
878 1558 944 1597 nor·
999 1549 1152 1603 tenemium
1167 1549 1224 1604 Det,
1248 1545 1346 1611 ldest,
1372 1543 1594 1609 humanitatem,
1623 1542 1656 1596 in
1673 1541 1848 1614 qnahabitat

95 1652 173 1692 mam
192 1636 350 1707 disciplinis
365 1636 427 1703 ejus
441 1635 604 1690 vivendum·
999 1638 1084 1704 Deus,
1101 1636 1150 1708 qui
1161 1641 1205 1691 est
1216 1633 1355 1705 sapientia
1367 1632 1470 1688 Patris.
1488 1632 1538 1687 Vel
1551 1632 1691 1701 glorificat
1716 1632 1845 1696 pecorosi·

129 1727 211 1781 Vsus.
224 1729 268 1780 ιι.
282 1755 315 1764 -
325 1726 358 1778 st
372 1739 435 1793 ergo
446 1723 626 1778 detestamini.
639 1721 731 1794 (Rau.)
742 1723 834 1791 Reges
843 1721 943 1776 admo-
1000 1730 1081 1779 tatem
1097 1725 1182 1791 itlius,
1210 1723 1240 1778 id
1266 1727 1308 1777 est
1324 1721 1375 1777 Dei
1388 1719 1490 1790 Patris,
1504 1719 1535 1775 id
1551 1724 1593 1773 est
1606 1719 1740 1789 ejusdem
1756 1735 1846 1773 essen-

95 1817 154 1882 net,
170 1812 380 1884 etamsqoeau
389 1812 471 1882 regni
485 1811 607 1866 caelestis
617 1826 754 1866 coronam
764 1816 942 1883 assequetur.
999 1814 1046 1869 tiae
1061 1818 1105 1867 est
1128 1828 1193 1867 cum
1221 1812 1304 1867 Patre
1332 1810 1368 1865 ab
1396 1815 1504 1864 aeterno
1532 1806 1630 1880 genita
1658 1807 1690 1861 in
1718 1811 1844 1880 tempore

134 1905 215 1958 vaus.
244 1905 287 1956 ιδ.
313 1929 347 1941 -
373 1903 466 1970 Neque
498 1916 557 1954 cum
573 1899 680 1955 inuidia
695 1900 851 1955 tabescente.
868 1899 945 1955 lnri-
999 1903 1145 1958 demetra.

97 1991 144 2047 dia
159 2006 217 2045 non
240 1987 433 2044 communicat
455 1987 615 2060 sapientia,
643 1986 711 2059 quia
734 2002 785 2058 per
807 1987 945 2043 invidiam
1037 1991 1117 2046 Vens.
1137 1990 1164 2045 4.
1180 2017 1215 2029 -·
1230 1989 1346 2043 Bactria
1361 1988 1432 2041 enim
1458 1989 1498 2042 eat
1521 1985 1686 2056 disciptinae.
1706 1985 1747 2040 lle
1763 1983 1847 2056 pleni·

97 2079 205 2137 diaboti
215 2078 345 2133 introivit
358 2093 436 2133 mors
452 2077 483 2133 in
500 2078 651 2147 mundum,
666 2083 695 2134 ct
709 2094 761 2150 pcr
775 2079 945 2150 sapientiam
1000 2079 1101 2134 tudine
1116 2078 1178 2149 ejus
1193 2092 1295 2132 omnes
1323 2073 1505 2147 accepimus:
1522 2089 1574 2146 per
1600 2088 1691 2145 quem
1712 2073 1808 2144 gratia
1825 2077 1849 2128 et

100 2166 283 2225 liberaturah
299 2182 332 2222 ca
345 2182 436 2239 genus
447 2166 616 2221 humanum.
1001 2167 1106 2221 ueritas
1130 2167 1203 2221 iacta
1218 2168 1271 2232 est,
1299 2163 1327 2219 id
1342 2167 1385 2218 est
1412 2163 1545 2218 revelata.
1578 2163 1666 2217 Deum
1687 2177 1765 2216 nemo
1780 2161 1845 2217 uidit

134 2258 215 2312 vans.
239 2257 284 2310 tt.
311 2284 346 2296 -
370 2257 442 2321 Ergo
466 2257 590 2325 occipite.
618 2255 712 2325 (Rau.)
729 2256 883 2311 ostensura
905 2273 948 2311 sa·
1000 2271 1131 2324 unquam,
1160 2253 1208 2309 seu
1217 2255 1314 2319 Filius,
1334 2254 1383 2322 qui
1397 2256 1436 2306 est
1457 2253 1487 2306 tn
1500 2250 1565 2306 sinu
1576 2252 1683 2318 Putris,
1698 2252 1763 2320 ipse
1776 2266 1848 2305 error·

100 2344 219 2416 pientia,
241 2347 306 2412 etc,
336 2358 421 2413 usque
459 2343 497 2397 ud
523 2343 707 2413 perfectiores
723 2347 751 2398 et
774 2342 895 2398 sanativi
921 2347 950 2398 et
1002 2346 1163 2409 rouitttoan
1187 2349 1219 2411 t).

102 2434 202 2489 uitales
216 2431 433 2487 essedicuntur.
1038 2434 1119 2488 Vens.
1143 2437 1167 2486 7.
1193 2461 1228 2472 -
1252 2433 1286 2486 Et
1301 2430 1405 2486 totores
1430 2429 1523 2499 hujus.
1545 2427 1623 2483 Nihil
1637 2426 1719 2483 enim
1736 2427 1851 2483 desidio·

430 2572 450 2629 C
1004 2520 1115 2576 eumin
1138 2519 1272 2591 operibns
1291 2517 1362 2590 ejus.
1386 2518 1570 2588 Quaecunque
1593 2521 1664 2571 sunt
1685 2531 1769 2584 uera,
1784 2531 1852 2588 qure-

451 2573 542 2628 ΛΡΜ
562 2573 618 2627 VH·
1005 2626 1128 2682 cumque
1137 2608 1253 2680 pudica,
1266 2622 1445 2680 quaecunque
1452 2606 1541 2678 justa,
1553 2603 1624 2676 agit,
1632 2610 1663 2660 et
1670 2605 1790 2675 agenda
1803 2604 1856 2660 suis

138 2701 216 2754 Vens.
233 2701 277 2753 ιι.
290 2699 413 2754 -Nerno
430 2699 501 2752 esaim
517 2712 552 2751 eu
572 2697 691 2769 rapidus.
712 2697 810 2767 (llam)
823 2696 953 2753 Ostendit
1006 2697 1167 2755 committit.
1184 2698 1363 2754 sobrietatem
1383 2697 1493 2750 enimet
1507 2693 1857 2765 sopienticm.(llan.)0ui

102 2789 180 2860 quod
204 2787 298 2842 omnis
327 2787 424 2853 homo,
442 2791 507 2854 etc,
534 2801 617 2855 usque
640 2787 678 2841 od
703 2785 777 2841 sicut
812 2782 953 2858 perlectus
1006 2792 1171 2858 temperans
1184 2791 1236 2853 est,
1257 2788 1322 2853 etc,
1348 2799 1432 2854 usque
1451 2783 1489 2839 cd
1514 2787 1543 2838 et
1564 2781 1646 2838 dedit
1668 2781 1754 2838 illam
1778 2781 1858 2839 Jacob

104 2879 188 2942 Deus,
205 2875 285 2930 itaet
298 2874 442 2947 perfectus
456 2874 553 2940 homo,
570 2878 611 2928 est
625 2875 705 2930 iesus
725 2875 862 2930 Christus.
1008 2893 1097 2950 puero
1113 2891 1175 2930 suo.

139 2965 219 3020 vans.
241 2966 267 3020 9.
295 2991 331 3005 -
356 2964 590 3034 Neccornpornui,
607 2966 672 3030 etc,
702 2962 804 3018 Unde:
835 2964 988 3023 lurentaC
1043 2967 1122 3020 Vens.
1138 2967 1228 3020 ll.-
1256 2961 1443 3018 Admirohitis.
1460 2961 1561 3015 Partus
1581 2958 1711 3032 Virginis
1729 2960 1861 3015 omnibns

106 3068 163 3107 nna
175 3052 301 3124 pretiosa
322 3051 486 3122 margarita,
503 3051 601 3106 vendit
615 3051 722 3120 omnia,
736 3057 765 3107 ct
788 3052 858 3107 emit
879 3068 954 3107 eam.
1009 3048 1862 3124 luitadmiraudus,quiainresurrectionenrctruinammul·

107 3139 161 3206 Qui
185 3138 262 3194 enim
283 3140 427 3195 coelestem
452 3139 623 3210 sapientiam
661 3139 801 3194 veraciter
836 3139 955 3201 invenit,
1010 3147 1104 3197 tonum
1122 3140 1241 3204 exstitit,
1253 3139 1303 3211 qui
1317 3143 1372 3194 stat
1387 3139 1417 3193 in
1430 3138 1545 3210 signum
1571 3135 1763 3208 populorum,
1779 3154 1862 3209 super

106 3228 136 3283 id
163 3232 206 3282 est
234 3228 354 3282 verbum
392 3225 452 3295 Dei,
481 3226 600 3297 despicit
634 3226 731 3283 omnia
762 3227 958 3284 emolumenta
1010 3246 1097 3299 quiem
1110 3228 1300 3284 continebunt
1314 3242 1396 3298 reges
1411 3243 1443 3282 os
1468 3241 1564 3295 suum,
1581 3225 1678 3296 ipsum
1695 3232 1801 3297 gentes
1814 3227 1862 3282 de·

106 3314 345 3388 praesentisritae,
375 3313 601 3385 philosophiam,
632 3314 838 3386 eloquentiam,
867 3321 897 3371 et
914 3316 957 3371 di·
1011 3319 1214 3393 precabuntur.

107 3404 181 3458 vinae
195 3401 329 3457 theorice
344 3417 443 3456 vocare
458 3401 615 3457 contendit.
1046 3408 1126 3463 vans.
1157 3408 1199 3460 ιιι.
1215 3435 1250 3445 -
1269 3406 1378 3460 latrans
1406 3403 1569 3460 terdenum.
1596 3402 1694 3475 (flua.)
1709 3405 1777 3459 Post
1791 3421 1864 3477 pre·

146 3491 229 3545 Vens.
261 3493 302 3545 tl.
322 3517 357 3531 -
375 3491 521 3557 venerumt,
542 3494 595 3544 etc.
619 3488 722 3559 (unu.)
747 3491 803 3545 lloc
827 3495 960 3562 expertus
1012 3495 1192 3559 dicationem,
1208 3497 1272 3565 post
1285 3492 1380 3564 operis
1394 3490 1534 3560 lahorem,
1560 3490 1666 3562 quihus
1683 3491 1865 3548 auditoribus

111 3578 258 3643 Salomon,
274 3581 340 3644 etc,
355 3577 491 3648 usquead
505 3577 583 3633 unde
610 3582 640 3632 et
660 3578 715 3646 sol,
742 3578 810 3650 quia
837 3579 915 3634 solus
929 3579 960 3635 in
1013 3583 1104 3640 sancti
1115 3581 1247 3636 solatium
1262 3580 1394 3652 praebent
1409 3578 1443 3635 ad
1457 3594 1485 3633 se
1501 3578 1655 3635 redeuutes
1669 3578 1782 3636 divinar
1796 3596 1865 3635 con·

110 3667 156 3722 dio
171 3666 246 3721 inter
259 3672 334 3721 astra
346 3666 448 3732 luceat,
466 3666 505 3721 sic
516 3665 694 3721 nominatur·
1013 3670 1196 3743 temptationi
1211 3676 1321 3737 vacant,
1339 3668 1388 3724 uhi
1403 3683 1538 3740 supernae
1559 3667 1725 3724 dulcedinis
1740 3669 1864 3741 quietem

80 3738 85 3762 ⁸
148 3755 283 3810 Venslh.
300 3758 418 3826 -lpsrc
436 3757 578 3825 snpientia
605 3755 782 3824 ducatur.)
808 3758 882 3812 [leus
909 3759 961 3814 Pa·
1014 3759 1165 3816 inveniunt
1198 3759 1251 3826 (lo.
1281 3773 1315 3813 en
1339 3758 1428 3824 (iren.)
1452 3756 1621 3828 Corporales
1652 3756 1778 3826 delicioe,
1803 3764 1865 3823 etc..

111 3850 154 3898 tar
167 3843 307 3898 incarnati
324 3843 396 3911 Filii,
417 3844 464 3900 cui
492 3844 570 3900 dedit
590 3860 705 3900 omnem
731 3849 902 3916 potestatem
932 3847 962 3903 iu
1014 3847 1150 3918 usquead
1166 3848 1241 3901 unde
1257 3845 1344 3902 David
1362 3862 1368 3901 :
1383 3847 1495 3904 Gustcte
1508 3851 1533 3901 et
1547 3845 1636 3900 uidete
1650 3849 1785 3916 quoniam
1803 3862 1866 3903 suo·

111 3918 371 3988 coeloetinterra.
1015 3939 1055 3992 uis
1080 3935 1164 4007 (Psoi.
1193 3939 1297 4003 xxxin),
1327 3939 1380 3990 etc.
1409 3933 1512 4004 (Onm.)
1534 3933 1589 4000 uui
1622 3934 1719 4007 aperit
1747 3952 1782 3990 os
1809 3951 1867 3990 nan·

148 4022 227 4078 Vens.
252 4025 293 4075 lt.
318 4049 355 4062 -
377 4021 443 4091 Ipse
456 4024 529 4076 enim
553 4019 649 4091 (ileu.)
672 4021 710 4075 ne
725 4020 878 4077 Salomone
894 4022 964 4078 dicit
1017 4030 1089 4091 tum,
1105 4030 1171 4089 etc,
1188 4039 1272 4093 usque
1285 4021 1322 4077 od
1333 4022 1446 4094 justitia
1461 4027 1558 4078 antem
1573 4022 1868 4095 quoddistrihutorct

111 4109 265 4181 Scriptura,
291 4110 365 4164 Deus
391 4109 480 4176 dedit,
510 4114 574 4176 etc,
597 4124 681 4179 usque
704 4111 741 4165 od
765 4110 917 4181 ipscenim
932 4111 952 4166 it
1014 4112 1102 4183 judex
1116 4113 1284 4167 meritorum
1296 4112 1342 4167 sit.

112 4197 234 4252 luminat
248 4212 363 4251 omnem
380 4197 528 4253 hominem
548 4197 709 4252 venientem
733 4198 762 4253 in
777 4199 854 4253 hunc
877 4216 962 4254 mnn-
1054 4201 1134 4256 Vens.
1153 4203 1196 4255 to.
1221 4229 1255 4241 -
1286 4202 1355 4256 Puer
1376 4203 1476 4268 autern,
1492 4203 1558 4268 etc,
1575 4198 1669 4272 (Rus.)
1683 4200 1868 4257 Solomonia

113 4285 193 4349 dum,
218 4300 297 4353 quem
330 4287 378 4353 qui
407 4288 541 4355 sequitur,
566 4302 620 4341 raon
643 4286 766 4341 unibat-rt
795 4289 825 4341 in
849 4290 963 4344 turetris
982 4256 1141 4359 ”pueritia
1155 4288 1349 4360 postulaverat
1365 4304 1382 4342 a
1396 4287 1454 4342 lieo
1479 4287 1662 4359 sapientiam,
1691 4294 1721 4345 et
1751 4295 1786 4347 ut
1801 4296 1870 4346 recte

114 4373 201 4443 (Jocrr.
221 4374 236 4442 ιι
1013 4376 1156 4447 judicaret
1172 4376 1321 4448 populum,
1337 4379 1366 4430 et
1379 4374 1555 4431 discerneret
1569 4376 1771 4435 intentionum
1786 4385 1815 4436 et
1828 4396 1869 4435 nra

148 4462 231 4516 Vens.
248 4461 339 4515 thil.
352 4490 387 4501 -
402 4463 451 4517 Est
465 4464 536 4516 cuim
547 4465 576 4516 in
586 4462 636 4516 stra
650 4464 765 4532 spiritus
779 4465 964 4533 intelligentiae
1018 4466 1099 4519 lum:
1117 4463 1207 4519 iactus
1234 4469 1277 4518 est
1292 4480 1360 4534 ergo
1375 4463 1614 4536 sapientissimus,
1630 4469 1660 4519 et
1676 4466 1797 4523 ridetur
1810 4484 1866 4523 scr·

111 4552 231 4614 sanctus,
248 4554 301 4603 etc.
314 4549 407 4620 (Rau.)
422 4549 553 4605 Utlsaias
565 4550 698 4620 ostendit,
710 4551 890 4608 omniadona
904 4553 964 4626 Spi·
1017 4551 1087 4606 titus
1103 4551 1229 4605 animam
1258 4550 1375 4617 bonam,
1404 4550 1505 4606 hahuit
1527 4552 1709 4622 corrupiens
1734 4561 1767 4610 et
1791 4556 1868 4611 intel·

114 4634 186 4690 ritus
201 4635 329 4691 sanctiin
341 4636 522 4693 humanitate
535 4637 688 4694 salvatoris
706 4639 840 4707 existunt,
857 4641 888 4696 in
904 4659 962 4714 quo
1017 4639 1118 4710 ligans.
1133 4638 1187 4694 Sed
1200 4639 1343 4710 quomodo
1357 4639 1490 4695 convenit
1508 4639 1534 4694 ei
1555 4641 1630 4711 quod
1645 4641 1760 4698 dicitur
1777 4660 1785 4699 ι

113 4728 182 4779 sunt
193 4739 294 4780 omnes
307 4724 435 4781 thesauri
446 4725 594 4798 sapientiae
609 4729 637 4781 et
651 4726 775 4782 scientiae
793 4728 962 4800 absconditi,
1053 4728 1132 4783 Vens.
1149 4729 1194 4782 ιθ.
1209 4758 1244 4767 -
1261 4729 1329 4783 Veni
1342 4728 1380 4783 od
1401 4743 1498 4799 corpus
1525 4730 1779 4800 ιιιιοιιιᾳιιίιιαιωιι,
1810 4735 1867 4795 ue,

112 4815 142 4865 et
166 4811 317 4881 plenitudo
347 4812 517 4880 Divinitatis,
545 4813 763 4869 c'uinoudatur
779 4816 896 4885 spiritus
926 4818 960 4872 ad
1016 4832 1082 4871 cunr
1100 4815 1459 4887 mulieremalienigenom
1489 4816 1636 4883 amaverit,
1658 4821 1689 4873 et
1708 4818 1789 4876 idola
1803 4816 1865 4876 adi·

113 4914 289 4954 mensuram.
306 4901 369 4971 (lu.)
397 4901 519 4972 Spiritus
533 4902 583 4974 qui
598 4902 699 4975 implet
724 4904 831 4973 cornia,
849 4906 963 4961 mobilis
1017 4905 1164 4960 licaverit?
1175 4905 1294 4959 Videtur
1308 4920 1376 4976 ergo
1392 4904 1484 4976 magis
1508 4906 1662 4960 convenire
1678 4910 1795 4979 populo
1808 4925 1865 4963 san·

113 4986 199 5043 simut
219 4992 249 5042 et
272 4987 383 5042 stabilis
399 4987 512 5045 dicitur.
536 4991 620 5046 Homo
635 4989 712 5045 enim
730 4990 836 5063 ubique
851 4991 962 5045 discur-
1016 4996 1127 5045 ctorem
1143 4991 1193 5063 qui
1208 4991 1239 5046 in
1252 4990 1394 5063 baptismo
1410 4997 1594 5063 regeneratus
1613 4998 1668 5060 est,
1686 4999 1717 5049 et
1738 4995 1799 5050 tide
1813 4994 1864 5052 Sel·

115 5079 163 5145 rit,
177 5076 409 5148 ubiqucobviam
421 5078 510 5146 veuit,
527 5083 556 5133 et
570 5083 697 5151 repente,
726 5079 775 5135 ubi
801 5095 858 5135 non
871 5079 963 5134 credi·
1016 5079 1268 5151 votorisimhutus‚
1280 5080 1432 5152 pueritiam
1453 5080 1558 5134 indolis
1577 5096 1637 5135 sne
1651 5080 1752 5149 bonae,
1770 5085 1864 5140 etsirn·

113 5168 172 5231 tur,
198 5164 354 5220 invenitur.
389 5155 578 5237 Omnipotens
603 5183 671 5239 ergo
693 5167 827 5239 Spiritus,
856 5169 963 5240 ubique
1015 5167 1098 5240 plicis
1111 5168 1282 5223 innocentiae
1298 5169 1468 5240 perceperit,
1483 5172 1511 5222 et
1530 5168 1641 5224 cunctis
1660 5171 1770 5227 studiis
1781 5178 1864 5228 carre

112 5268 239 5323 praesens
254 5252 392 5322 signatur,
413 5252 535 5320 stabitis,
552 5253 638 5310 simul
653 5260 682 5311 et
709 5256 825 5311 mobilis
847 5256 960 5312 dicitur.
1015 5257 1088 5312 verit
1101 5257 1250 5328 pervenire
1266 5256 1300 5311 ad
1317 5257 1429 5311 culmen
1442 5257 1579 5311 virtutum
1596 5273 1603 5311 :
1621 5259 1700 5314 unde
1713 5263 1862 5334 sequitur:

112 5339 174 5405 (lu.)
191 5339 270 5394 Unde
292 5341 450 5412 :Sptendor
473 5343 567 5411 gloria
588 5348 613 5397 et
622 5343 718 5413 figura
730 5344 889 5400 substantiae
903 5345 962 5414 ejus
1015 5348 1123 5400 lituum
1141 5358 1224 5399 essem
1238 5346 1326 5412 magis
1350 5346 1443 5411 honus,
1473 5349 1525 5399 etc.
1557 5345 1643 5399 Pater
1670 5362 1733 5402 non
1761 5348 1863 5421 iudicat

112 5426 188 5495 (llud.
203 5427 234 5497 ι),
249 5441 352 5498 regens
369 5430 466 5484 omnia
480 5429 576 5497 verbo,
602 5436 668 5499 etc,
684 5447 768 5502 cuque
790 5433 828 5487 od
845 5432 875 5486 in
889 5437 962 5488 tem·
1016 5448 1203 5504 quemquam,
1222 5433 1272 5488 sed
1294 5449 1379 5488 omne
1391 5432 1533 5505 judicium
1560 5433 1641 5489 dedit
1667 5435 1753 5492 Filio.
1782 5439 1863 5508 liujuu

113 5528 183 5586 pore
199 5512 322 5569 Verbum
335 5532 400 5571 caro
416 5517 522 5573 factum
542 5522 597 5588 est,
624 5522 653 5573 ct
668 5519 808 5575 habitavit
821 5519 852 5576 in
866 5521 960 5578 nohis.
1017 5522 1146 5577 membre
1160 5521 1226 5577 iacti
1245 5527 1310 5577 sunt
1323 5520 1470 5578 imitentes
1478 5537 1555 5577 enm.
