3892 6106
139 220 192 275 803
453 212 652 269 wettrem!
672 210 797 266 suatur
817 209 916 264 Puto.
938 207 1018 264 lton.
1039 207 1115 264 OPP.
1137 205 1235 264 PARS.
1254 207 1276 262 1.
1297 236 1332 247 -
1350 205 1584 264 renotoelce.
1841 206 1891 262 804

141 341 259 413 quidem
273 356 336 407 nos,
351 343 417 405 etc,
434 353 519 406 usque
537 337 574 391 ad
586 336 635 390 sed
651 339 749 390 tamen
763 335 797 390 de
813 334 874 405 ejus
889 333 986 389 brevi·
1000 324 1032 390 A'
1042 334 1119 405 quod
1147 334 1281 389 dixerat«
1310 332 1443 404 caligavit
1467 333 1503 388 ed
1529 332 1767 405 indignationem
1799 334 1894 390 oculus

138 432 199 486 tate
212 445 242 484 se
256 428 429 484 consolatur.
1041 438 1132 478 meus.
1150 443 1164 475 s
1183 425 1248 478 «Et
1275 422 1411 477 innocens
1438 427 1538 478 contra
1564 422 1751 496 hypocritam
1780 427 1893 482 suseita-

110 500 118 512 ’
175 520 264 573 Vnus.
280 520 324 573 23.
338 549 373 557 -
388 538 399 566 ‹
416 517 483 571 Ecce
498 513 576 569 enim
598 513 699 568 breves
711 512 781 567 anni
796 514 955 568 transeunt.
971 531 985 561 s
1041 511 1129 568 bitur.
1148 511 1279 567 »Contra
1293 511 1472 582 hypocritam
1487 511 1642 567 suscitatur
1670 512 1815 571 innocens
1829 532 1895 588 per·

140 608 230 664 Omne
245 606 321 678 qnod
335 604 438 660 transit
455 604 540 658 breve
570 606 621 669 est,
645 601 675 656 in
698 602 797 656 mortis
822 606 919 656 autem
943 615 986 653 sc·
1043 601 1272 672 i1·ctus,quando
1296 601 1373 656 hisne
1386 616 1451 655 cnm
1464 616 1516 656 suo
1542 600 1615 656 ilore
1636 604 1809 673 contemnit,
1824 621 1896 659 eum·

140 698 208 753 mita
234 712 287 766 per
313 711 399 766 quem
420 710 477 749 non
499 693 682 761 revertimur,
711 691 904 756 ambulamus,
929 705 987 744 non
1042 706 1098 762 que
1117 689 1298 761 praedicando
1318 705 1382 760 quoe
1397 695 1563 758 rectasunt,
1595 690 1817 762 despiciendum
1836 710 1893 749 csse

141 785 216 859 quod
238 784 274 838 ad
289 783 374 838 vitam
390 782 565 853 resurgendo
581 797 638 836 non
655 781 842 849 reducamur;
855 780 902 835 sed
919 778 989 851 quie
1042 779 1153 834 caeteris
1168 779 1328 834 denuntiat.

140 874 174 929 ed
198 873 310 928 labores
332 871 419 942 liujus
441 870 506 925 ritte
534 869 675 938 mortalis,
694 869 738 924 rel
751 869 788 924 ed
811 867 988 941 acquirenda
1075 867 1156 920 tras.
1173 869 1198 921 9.
1216 896 1249 906 —
1262 890 1275 914 c
1289 866 1323 921 Et
1342 865 1454 922 tenebit
1463 866 1560 938 justus
1582 866 1660 923 riam
1683 884 1779 925 suam.
1800 869 1894 935 ·uuia

138 960 285 1018 laboribus
300 960 418 1033 praemia
431 959 536 1014 iterum
548 974 606 1013 non
617 958 756 1013 venimus.
1042 955 1221 1010 considerato
1236 955 1385 1026 hypocrita
1398 956 1467 1010 dum
1487 955 1570 1010 illurn
1586 972 1618 1011 ex
1643 972 1782 1028 perversa
1796 959 1894 1014 volun-

1042 1046 1101 1098 tate
1118 1043 1249 1099 obtinere
1264 1060 1298 1099 ea
1313 1060 1378 1116 que
1393 1044 1495 1100 mundi
1522 1050 1589 1100 snnt
1616 1046 1759 1117 intuetur,
1787 1047 1849 1120 ipse
1863 1047 1895 1103 ad

457 1101 569 1157 CAPUT
589 1102 670 1156 XVH·
1043 1147 1170 1187 amorem
1183 1133 1339 1189 coelestium
1355 1133 1501 1189 robustius
1515 1134 1677 1208 stringitur.
1692 1136 1806 1203 Sciens,
1832 1137 1897 1209 qnia

174 1230 255 1283 Vsus.
269 1231 294 1283 t.
305 1258 340 1267 -
355 1248 366 1276 ‹
383 1225 506 1297 Spiritus
528 1241 610 1280 meus
624 1223 829 1279 attenuabitur.
845 1244 858 1274 s
874 1223 988 1296 (Grac.)
1042 1221 1126 1277 bonis
1141 1222 1290 1279 desideriis
1310 1221 1431 1294 prumia
1454 1227 1563 1279 eterna
1586 1240 1647 1280 non
1672 1224 1821 1283 deerunt:
1832 1226 1896 1282 dnm

140 1320 311 1372 Attenuatur
333 1315 451 1386 spiritus
466 1315 622 1369 electorum
647 1313 751 1368 timore
774 1312 890 1384 iudicis,
916 1317 944 1367 et
965 1312 989 1366 si
1044 1315 1073 1365 et
1086 1311 1179 1381 pravis
1194 1317 1223 1366 et
1235 1310 1397 1383 duplicibus
1411 1312 1545 1368 cordibus
1559 1311 1638 1368 bona
1651 1315 1831 1386 temporalia
1842 1332 1896 1371 non

139 1422 210 1478 quas
233 1406 308 1461 inse
324 1405 453 1460 carnales
469 1403 658 1474 cogitationes
672 1401 832 1468 inveniunt,
847 1400 988 1472 poeniten·
1044 1405 1197 1470 negantur.
1215 1424 1226 1451 ι
1244 1401 1278 1455 Et
1292 1401 1407 1456 mundis
1417 1401 1640 1459 manibuseddet
1652 1403 1869 1460 fortitudinem.
1881 1429 1894 1452 ·

139 1493 186 1549 tiae
212 1492 315 1548 erdere
343 1497 526 1547 consumunt.
551 1490 674 1561 Spiritus
703 1494 799 1545 autem
823 1490 990 1560 iniquorum
1044 1488 1116 1554 Ouia
1140 1489 1239 1544 videns
1261 1505 1461 1562 perversorum
1488 1494 1632 1548 terrenam
1660 1493 1800 1565 gloriam,
1828 1499 1896 1561 etc,

138 1598 191 1654 per
219 1587 361 1636 tumorem
379 1580 508 1635 elationis
535 1579 689 1635 crassescit.
715 1602 725 1629 ι
753 1581 786 1634 Et
807 1578 899 1634 solum
916 1577 987 1633 mibi
1007 1630 1027 1685 B
1044 1578 1173 1646 usquead
1186 1594 1251 1650 quos
1263 1578 1317 1633 sibi
1326 1595 1392 1634 cum
1413 1579 1543 1651 reprobis
1566 1581 1736 1637 communia
1764 1598 1897 1638 essenon

140 1675 269 1741 superest
283 1670 459 1740 sepulerum.
481 1691 492 1717 ι
512 1670 587 1723 Pene
612 1672 758 1722 mortuum
772 1684 801 1723 se
814 1666 986 1735 considerat,
1044 1671 1173 1737 possunt.

142 1759 210 1832 quia
225 1758 397 1813 moriturum
412 1773 440 1810 se
455 1756 575 1812 minime
602 1756 717 1828 ignoret
744 1756 820 1811 unde
834 1755 964 1827 sequitur
980 1773 987 1812 :
1079 1756 1160 1810 Vsus.
1176 1757 1217 1811 ro.
1233 1786 1267 1798 -
1286 1778 1296 1806 ι
1318 1756 1410 1828 Igitur
1435 1772 1536 1812 omnes
1562 1773 1624 1813 vos.
1639 1781 1652 1806 υ
1677 1761 1840 1832 Postquam
1854 1776 1896 1816 ex·

175 1849 258 1903 Vsus.
274 1848 301 1902 2.
318 1867 381 1895 -«
406 1847 470 1902 Non
500 1846 623 1917 peccavi.
643 1868 653 1894 ι
671 1846 733 1901 Non
759 1846 903 1900 intentum
926 1862 990 1917 pec·
1043 1843 1163 1899 ter-iores
1177 1849 1329 1915 provectus
1343 1845 1496 1914 malorum,
1508 1846 1651 1902 bonorum
1665 1862 1737 1902 vero
1749 1847 1898 1903 interiores

140 1936 224 2003 cavit,
240 1935 346 1990 uthaec
360 1934 475 2005 ilagella
490 1938 657 1999 mereretur,
675 1934 742 2006 quia
764 1950 824 1989 non
849 1951 901 2005 pro
925 1951 988 1989 cor·
1043 1931 1149 2001 intulit,
1178 1934 1344 1988 exhortatur
1372 1935 1484 2000 electos,
1513 1939 1546 1990 ut
1576 1941 1801 2005 convertantur,
1827 1936 1899 1993 dese

140 2024 261 2095 rigenda
275 2024 368 2094 culpa,
380 2023 428 2077 sed
444 2038 497 2093 pro
512 2022 644 2094 augenda
663 2023 755 2094 gretia
769 2040 920 2094 percussus
936 2027 987 2078 est.
1043 2020 1132 2076 rendo
1147 2021 1231 2090 mele,
1247 2025 1276 2076 et
1286 2022 1413 2090 veniant,
1427 2022 1504 2078 bona
1514 2022 1659 2080 iaciendo.

141 2112 468 2184 Vel,caput,hocdicit
492 2111 617 2183 quisine
645 2111 738 2183 culpa,
755 2114 987 2186 poenamculpae,
1079 2109 1219 2166 Vnnstl.
1239 2133 1300 2160 -ι
1332 2111 1436 2166 Etnon
1464 2111 1495 2167 in
1516 2111 1610 2168 robis.
1630 2137 1644 2160 »
1671 2113 1897 2171 Conuersionen

141 2202 171 2258 id
186 2208 237 2269 est,
253 2200 473 2256 amaritudinem
486 2200 626 2271 passionis
641 2201 774 2272 suscepit.
1043 2213 1143 2253 eorum
1158 2198 1323 2253 desiderans
1341 2203 1467 2270 exoptat,
1495 2215 1531 2256 ne
1557 2199 1651 2255 ullum
1678 2200 1851 2274 sapientum
1872 2202 1896 2256 in

175 2292 259 2345 Vens,
278 2293 302 2345 3,
318 2319 352 2330 -
364 2309 377 2339 ι
391 2291 466 2344 Pone
480 2304 526 2343 me
532 2289 614 2360 juxta
628 2294 666 2344 te.
680 2310 691 2336 ι
705 2291 759 2344 Per
772 2289 986 2360 ascensionem
1043 2286 1085 2341 eis
1098 2286 1233 2355 inveniat,
1248 2304 1280 2343 ac
1291 2288 1314 2342 si
1329 2287 1406 2343 dicat
1416 2304 1423 2343 :
1435 2288 1520 2344 Stulti
1541 2304 1602 2343 esse
1617 2289 1699 2361 apud
1724 2306 1780 2347 ros
1795 2290 1895 2357 dircite

139 2384 206 2451 post
219 2379 286 2451 quia
299 2378 397 2434 Judua
418 2383 561 2432 commota
582 2382 624 2433 est
647 2377 677 2432 in
704 2377 867 2450 discipulos,
884 2380 987 2435 addit:
1043 2376 1115 2430 utin
1128 2376 1186 2431 Deo
1199 2393 1264 2431 vere
1278 2393 1338 2432 esse
1355 2377 1497 2449 sapientes
1510 2376 1637 2433 valeatis.

141 2465 296 2539 «Cujusvis
311 2482 421 2521 manus.
448 2488 458 2514 ι
481 2466 553 2532 Quia
571 2465 633 2537 jam
657 2466 762 2522 trustra
781 2473 871 2539 agunt
890 2475 989 2526 contra
1071 2463 1161 2518 «Dies
1181 2465 1239 2519 mei
1266 2465 1514 2520 transientem
1538 2465 1613 2532 Dies,
1631 2489 1645 2513 υ
1671 2467 1894 2539 prosperitates:

140 2572 217 2625 eum,
233 2556 283 2627 qui
297 2555 375 2611 sedet
386 2554 416 2610 in
430 2554 512 2610 coelo.
1046 2573 1056 2598 s
1074 2551 1269 2623 Cogitationes
1284 2556 1518 2626 contorquentes,
1536 2577 1550 2601 »
1580 2570 1681 2610 curam
1695 2559 1826 2611 terrenae
1838 2555 1894 2611 teli·

175 2647 256 2701 vens,
275 2645 298 2700 t,
315 2667 373 2693 -‹
401 2644 572 2699 Corsorum
597 2643 694 2715 longe.
726 2645 782 2701 »Si
797 2645 875 2701 enim
901 2646 988 2702 disci·
1042 2639 1136 2695 citatis
1150 2641 1235 2697 dicit:
1262 2658 1328 2714 qun
1356 2647 1464 2715 quanto
1487 2642 1601 2714 gravius
1620 2643 1729 2700 electos
1752 2648 1892 2718 premunt.

138 2733 225 2806 plinae
239 2732 397 2788 custodiam
421 2736 548 2798 nossent,
574 2747 756 2803 nequaquam
787 2732 987 2804 Redemptoris
1042 2733 1122 2784 tanto
1150 2729 1314 2786 subtiliusa
1337 2731 1435 2803 judice
1462 2731 1588 2787 rationes
1614 2732 1649 2788 de
1672 2732 1746 2804 ipsis
1775 2734 1895 2806 cogitant

140 2825 281 2893 praecepte
305 2823 531 2876 contemnerent.
566 2842 577 2869 ι
606 2820 762 2891 Propterea
792 2837 859 2888 non,
891 2841 902 2869 s
932 2824 986 2874 ete.
1042 2818 1155 2891 exquiri
1169 2818 1214 2874 he
1230 2820 1419 2893 cogitationes
1443 2820 1594 2892 cumipse
1616 2826 1737 2877 terrena
1767 2823 1895 2879 felicitate

141 2909 195 2975 Qui
223 2908 301 2963 enim
327 2923 378 2979 per
394 2906 576 2978 disciplinam
599 2907 719 2962 minime
741 2906 883 2962 custodire
898 2905 985 2959 ritem
1005 2906 1228 2978 edissipantur.

141 2996 263 3063 student,
289 3010 402 3065 semper
424 3010 477 3066 per
500 2993 642 3050 desideria
669 2994 699 3049 in
725 2993 791 3048 imis
803 2994 910 3065 jacent,
934 3009 988 3048 nec
1077 2997 1157 3052 Vsus.
1173 2999 1215 3053 tt.
1232 3027 1268 3037 —
1283 3021 1296 3043 ιι
1313 2997 1431 3052 Noctem
1441 3001 1589 3053 verterunt
1603 2997 1634 3053 in
1659 2997 1750 3054 diem.
1770 3020 1783 3050 ι
1813 2997 1893 3054 [tisu-

141 3091 267 3141 mentem
283 3084 318 3139 ed
333 3099 413 3155 spem
428 3083 550 3139 coelestis
564 3083 664 3154 patriae
679 3082 805 3154 erigunt.
1041 3089 1115 3156 petes
1130 3085 1317 3156 cogitationes
1334 3106 1345 3135 ι
1363 3089 1477 3142 noctem
1495 3085 1526 3141 in
1541 3086 1646 3142 diem»
1673 3091 1805 3155 vertunt,
1832 3086 1893 3159 quia

175 3175 294 3230 vensi.
311 3194 374 3221 -s
401 3172 530 3227 Praedam
556 3171 747 3243 pollicemur
770 3173 823 3224 etc.
844 3170 988 3241 Adcapnt
1037 3173 1124 3244 justis
1161 3190 1370 3246 nonnunquam
1388 3174 1513 3247 emplius
1541 3177 1635 3247 plecst
1665 3191 1701 3231 ex
1730 3174 1892 3232 adversitate

140 3262 293 3329 malcrum,
322 3260 471 3315 diabolum
494 3258 609 3325 scilicet,
640 3257 811 3313 sententiam
837 3258 985 3328 convertit,
1042 3261 1117 3317 mala
1135 3263 1257 3334 perpeti,
1284 3279 1417 3335 quamex
1439 3264 1627 3337 prosperitate
1647 3265 1892 3338 terrenaedispen·

139 3350 222 3421 cujus
238 3371 249 3398 ι
263 3347 332 3403 socii
349 3370 359 3396 ι
381 3352 450 3402 sunt
460 3351 598 3417 apostatae
607 3345 715 3419 angeli,
730 3344 780 3416 qui
790 3361 854 3399 cum
871 3361 904 3400 eo
914 3346 986 3400 ceci·
1041 3350 1160 3406 sationis
1176 3367 1243 3406 cura
1252 3351 1375 3423 fatigari.

140 3438 254 3493 derunt.
273 3459 284 3485 ι
303 3436 377 3504 Filii,
394 3457 404 3483 ι
423 3440 493 3491 sunt
508 3434 640 3489 homines
653 3433 790 3505 perversi,
813 3433 987 3505 quideejus
1079 3441 1143 3495 etit
1156 3455 1272 3499 rursum
1285 3445 1351 3511 post
1367 3441 1536 3497 tenebras..
1558 3441 1653 3512 (ibid.)
1684 3442 1746 3499 Lux
1773 3445 1890 3516 postte-

138 3542 227 3598 preve
240 3524 425 3597 persuasione
436 3525 467 3579 in
481 3522 600 3578 malitiae
614 3521 784 3593 operatione
800 3526 985 3592 generantur.
1041 3527 1144 3583 nebris
1159 3533 1299 3600 speratur,
1315 3532 1379 3597 etc„
1395 3544 1481 3599 usque
1505 3529 1543 3585 ud
1570 3530 1763 3602 etjostorum
1788 3531 1891 3587 animas

141 3638 152 3665 a
165 3615 293 3670 Praedam
301 3613 390 3685 igitur
404 3612 487 3667 sociis
496 3611 658 3682 pollicetur,
675 3609 766 3682 »quia
780 3609 915 3682 malignis
928 3609 986 3681 spi·
1041 3617 1070 3672 in
1081 3622 1219 3689 perpetua
1228 3619 1289 3690 jem
1303 3618 1369 3673 sede
1383 3619 1544 3675 collocaret.

137 3703 240 3760 ritibus
255 3702 364 3758 animas
374 3717 531 3772 pravorum
545 3699 690 3771 promittit
711 3699 742 3755 in
754 3698 812 3754 tlne
824 3700 985 3771 rapiendas.
1077 3707 1158 3763 Vens.
1177 3710 1219 3763 lt.
1235 3738 1271 3748 -
1286 3731 1300 3755 «
1315 3707 1344 3763 Si
1359 3708 1532 3764 sustinuero.
1550 3707 1692 3764 »Priores
1718 3708 1812 3765 sancti
1832 3723 1890 3764 sm-

177 3816 188 3843 «
218 3792 298 3849 Oculi
326 3791 452 3846 tiliorum
475 3791 538 3862 ejus
576 3789 720 3846 deficient.
753 3810 763 3837 r
795 3789 888 3860 (idid.)
916 3789 989 3855 Ouia
1041 3793 1134 3849 tinere
1149 3796 1265 3850 adversa
1291 3800 1436 3867 poterent,
1466 3800 1532 3867 etc,
1561 3811 1647 3868 usque
1668 3796 1707 3852 od
1726 3797 1760 3855 in
1781 3797 1890 3853 interno

138 3881 314 3937 intentiones
327 3880 490 3948 hominum,
513 3884 578 3946 ete,
593 3878 730 3949 usquead
757 3878 836 3951 quod
862 3878 987 3948 doleant,
1043 3882 1097 3939 sibi
1111 3884 1242 3956 requiem
1258 3901 1444 3957 preparasse.

138 3969 269 4025 sinstlne
280 3967 439 4040 patiuntur.
1079 3973 1160 4029 Vens.
1178 3977 1221 4029 tt.
1236 4004 1270 4014 -
1284 3996 1297 4025 ι
1313 3974 1462 4030 Pntredini
1486 3972 1556 4031 dixi.
1574 3995 1585 4024 ι
1614 3973 1815 4044 Putredinem,
1846 3990 1893 4048 pa·

174 4059 263 4113 Vsus.
291 4059 316 4114 6.
334 4087 368 4096 -
399 4055 528 4110 «Posuit
550 4070 636 4110 me.»
669 4052 768 4111 Omnis
796 4052 846 4125 qui
874 4053 988 4126 tlagetlo
1042 4065 1117 4118 trem
1131 4063 1208 4130 dicit,
1222 4067 1289 4131 etc,
1319 4079 1403 4135 usque
1422 4064 1461 4120 od
1483 4069 1516 4121 ut
1535 4065 1618 4137 qussi
1636 4064 1816 4137 quibusdam
1834 4081 1891 4121 rer·

138 4147 310 4218 percutitur,
330 4150 396 4214 etc,
424 4143 558 4213 usquead
575 4159 695 4215 eamque
710 4158 825 4215 poenem
841 4159 892 4198 suo
910 4147 990 4216 optat
1043 4151 1138 4206 nribus
1164 4151 1204 4206 sic
1232 4151 1369 4224 inquietis
1396 4152 1618 4226 cogitationibus
1646 4153 1679 4210 in
1706 4159 1811 4212 mente
1831 4153 1892 4210 fati·

139 4233 300 4289 adversario
314 4232 536 4305 quemevenisse
546 4231 686 4302 conspicit
691 4231 781 4301 J'usto.
1006 4261 1029 4317 D
1044 4255 1155 4311 gemat,

175 4324 255 4378 Vens.
270 4327 296 4377 7.
313 4343 375 4372 —‹
404 4321 543 4392 Caligevit
557 4320 593 4375 ab
613 4320 819 4391 indignatione.
838 4343 849 4370 ι
870 4321 912 4377 Ab
940 4321 985 4377 in·
1091 4330 1174 4385 Vns,
1204 4332 1246 4386 15,
1276 4353 1340 4378 -«
1374 4330 1428 4386 Ubi
1454 4335 1498 4386 est
1524 4346 1577 4403 ego
1605 4346 1684 4387 nunc
1719 4332 1893 4404 prrestotatio

139 4411 307 4483 dignatione
320 4412 420 4466 ocrrlus
439 4411 552 4481 caligat,
567 4410 682 4482 quando
697 4409 751 4480 ipsi
766 4410 816 4482 qui
844 4411 874 4465 in
896 4412 987 4467 Eccle-
1043 4432 1115 4473 mea.
1127 4437 1142 4468 s
1159 4417 1334 4473 Praestolatio
1349 4418 1504 4489 justorum,
1533 4417 1683 4488 Christns3
1698 4435 1789 4491 quem
1806 4436 1893 4494 quan·

138 4501 181 4556 sie
193 4502 293 4556 lumen
319 4499 446 4555 veritatis
475 4498 591 4566 habent,
614 4514 762 4570 perversos
784 4504 884 4554 contre
899 4500 984 4555 inno·
1039 4505 1133 4576 doque
1148 4510 1461 4573 venturumnoverant,
1477 4506 1524 4561 sed
1540 4506 1638 4562 venire
1659 4507 1746 4564 citius
1776 4525 1890 4584 quiere·

138 4590 399 4660 centespraevalere
415 4587 596 4659 conspiciunt
612 4604 619 4643 :
636 4586 753 4659 quiade
767 4587 872 4644 occulti
884 4587 987 4660 judicii
1040 4595 1127 4651 hant:
1157 4596 1232 4650 undo
1260 4595 1307 4650 hic
1340 4595 1465 4665 additur,
1499 4611 1594 4651 nunc:
1616 4618 1630 4643 c
1659 4596 1694 4652 Et
1727 4598 1893 4670 pauentium

139 4677 330 4734 admiratione
354 4677 506 4732 turbantur
529 4676 583 4732 Sed
607 4691 673 4731 cnm
688 4675 760 4747 justi
787 4677 822 4732 ed
851 4677 987 4749 indigna·
1040 4701 1134 4740 meam
1151 4684 1216 4756 quis
1230 4684 1419 4740 considerat?
1434 4708 1447 4732 s
1465 4684 1639 4742 Patientiam
1659 4687 1809 4759 justorum
1823 4690 1894 4745 Μ,

139 4768 250 4823 tionem
261 4767 397 4839 caligant,
419 4765 527 4821 intlrmi
536 4767 709 4837 plerumque
728 4781 819 4836 usque
833 4767 871 4821 ad
885 4767 987 4822 intlde·
1040 4773 1219 4841 consideran
1240 4772 1290 4828 sed
1314 4773 1397 4846 quasi
1423 4789 1482 4828 non
1507 4774 1689 4831 considerare
1718 4776 1837 4846 dicitur,
1861 4777 1895 4833 ad

139 4857 250 4912 litatem
269 4859 417 4922 corruunt,
433 4854 509 4909 unde
523 4853 674 4926 seqnitur:
705 4876 715 4903 ι
733 4855 766 4909 Et
778 4855 908 4910 membra
922 4872 989 4912 mes
1040 4867 1140 4918 votum
1156 4861 1290 4917 desiderii
1311 4862 1406 4917 minus
1429 4861 1513 4918 citius
1531 4880 1671 4936 apparere
1686 4869 1739 4921 :et
1755 4865 1787 4922 in
1812 4865 1895 4938 proli-

140 4944 264 5016 quasiin
281 4944 415 4999 nibilum.
434 4965 445 4992 ι
463 4943 656 4999 ldembrorum
678 4943 795 4999 nomine
824 4946 986 5001 teneritudo
1040 4951 1265 5022 xioratempore
1288 4950 1507 5022 dispensationis
1535 4968 1594 5008 snos
1619 4952 1747 5025 gratiam
1770 4955 1893 5011 ditium.

140 5033 309 5104 exprimitur
323 5031 513 5095 infirmorum,
543 5031 677 5103 quidum
704 5048 853 5103 perversos
874 5034 986 5106 prospi-
1077 5041 1159 5093 Vens.
1183 5042 1225 5094 16,
1252 5062 1315 5088 -u
1346 5041 1378 5095 ln
1405 5040 1665 5111 profundissimum
1687 5042 1838 5100 infernum
1850 5043 1893 5101 de·

140 5123 219 5179 ciunt
229 5121 343 5190 florere,
355 5122 448 5192 justos
466 5121 595 5190 eruciari,
611 5121 687 5176 bona
700 5138 729 5176 se
751 5122 909 5190 inchoasse,
925 5140 986 5194 poe·
1041 5127 1180 5184 scendent
1204 5128 1302 5183 omnia
1324 5143 1399 5185 mea.
1416 5152 1430 5176 »2
1450 5132 1524 5185 Ante
1549 5130 1718 5187 mediatori,
1742 5133 1894 5189 adventum

141 5209 243 5275 nitent,
273 5214 359 5282 atque
380 5209 421 5264 ite
444 5210 479 5264 ad
498 5210 607 5280 agenda
632 5210 707 5264 male
736 5210 820 5266 citius
839 5213 985 5281 recedunt,
1040 5216 1093 5273 tob
1115 5217 1145 5271 in
1172 5216 1320 5272 infernum
1343 5216 1531 5273 descensurus
1559 5222 1630 5286 eret,
1659 5223 1727 5288 etc,
1755 5235 1842 5292 aspice
1861 5218 1894 5275 cd

142 5312 173 5353 ac
187 5298 211 5352 si
235 5313 336 5354 eorum
358 5297 423 5352 vitei
440 5297 569 5353 nocuerit
583 5297 701 5367 bonum,
730 5299 806 5372 quod
833 5300 987 5356 inchoave—
1040 5305 1194 5361 rstributio
1209 5305 1304 5360 adhuc
1318 5305 1350 5360 in
1374 5305 1434 5360 sola
1451 5305 1557 5361 interni
1586 5306 1687 5378 quiete
1715 5310 1809 5381 recipi
1821 5325 1892 5382 pre·

142 5391 221 5442 runt.
1042 5394 1240 5449 sectabatur«
1266 5396 1390 5450 Putasne
1414 5396 1513 5450 saltem
1538 5395 1594 5452 sibi
1621 5396 1679 5453 erit
1704 5398 1823 5472 requies
1844 5397 1893 5455 lni-

179 5476 259 5530 Vsus.
270 5478 297 5531 8.
313 5505 348 5517 -
376 5497 386 5524 ι
417 5475 658 5548 Stupebantjusti
673 5477 726 5534 sub
738 5479 804 5534 boc.
829 5500 844 5530 s
860 5479 917 5535 Hoc
945 5484 988 5535 est
1042 5481 1097 5536 bi‘?
1113 5505 1126 5528 ι»
1141 5482 1324 5538 Pensandum
1338 5488 1382 5539 est
1395 5484 1460 5557 quis
1474 5487 1604 5540 nostrum
1619 5485 1656 5542 de
1666 5487 1770 5561 requie
1783 5500 1894 5545 secum
