3892 6106
87 262 138 316 ⁸79

416 257 616 315 wibertum
636 257 760 314 STRABl
782 254 880 313 FULD.
904 256 983 313 ΜΘΝ.
1004 257 1080 314 ΟΡΡ.
1101 257 1190 312 PARS
1209 257 1229 311 l.
1249 286 1283 298 -
1302 255 1538 317 Tfleoloctcn.
1799 261 1847 315 88⁰

87 404 153 458 quae
181 386 339 442 necessarie
364 391 432 441 sunt
458 383 602 451 omnibus,
634 382 684 455 qui
707 382 753 453 pie
779 381 810 435 in
830 380 982 436 Christos
1034 380 1131 449 (Cres.)
1159 381 1199 435 Ne
1226 378 1330 450 perdes
1346 379 1376 434 in
1402 379 1499 435 futuro
1527 395 1589 436 cum
1615 382 1724 452 impiis,
1748 382 1848 454 quibus

87 477 183 531 rivere
195 477 303 530 volunt.

125 567 202 620 Vens.
230 567 272 619 lt.
297 592 332 606 -
356 564 475 631 Respice.
507 560 602 630 (Auo.)
629 561 682 616 Tot
704 558 937 629 hominumper·

90 651 161 706 ditio
188 651 249 707 sine
280 650 379 706 dolore
406 665 540 705 essenon
566 653 673 721 potest,
703 654 732 703 et
746 647 812 703 ideo
828 662 881 718 pro
897 646 939 701 eis

90 744 163 795 oret.

124 829 204 882 Vane.
225 830 269 883 tl.
291 857 325 869 -
354 829 508 883 iunocenter
525 831 551 881 et
570 828 637 880 recti
662 825 843 880 mtaesmrit.
874 822 940 895 (ln.)

90 916 155 973 listi
170 916 281 971 tolerati
296 920 380 982 sunt3
396 932 453 970 nou
466 915 661 970 adheserunt.

125 1006 205 1061 Vens.
236 1007 280 1060 22.
308 1035 343 1046 -
371 1005 465 1060 lsrael.
495 1003 589 1073 (Auo.)
614 1003 766 1073 Populum,
797 1015 885 1072 quem
906 999 942 1055 ed

91 1097 172 1148 tuem
184 1093 322 1149 visionem
335 1092 512 1165 proeperesti.

392 1179 548 1237 PSdLHUS
565 1179 640 1234 xxv,

129 1272 209 1327 Vsus.
227 1274 251 1326 l.
275 1300 310 1312 -
335 1271 467 1326 Pserimos.
494 1267 595 1338 (Cras.)
616 1268 745 1322 Pselmus
767 1263 821 1319 iste
846 1267 945 1319 monet

94 1359 178 1415 riteri
193 1359 336 1414 consortie
349 1358 526 1429 iniquorum,
539 1355 625 1428 jungi
633 1354 730 1426 justis,
751 1354 820 1426 qnia
832 1369 865 1407 ex
877 1369 943 1408 con·

93 1448 168 1503 rictu
183 1463 277 1502 mores
288 1445 461 1502 tormentur.

127 1534 235 1590 iudico.
265 1534 362 1604 (Ano.)
397 1533 470 1599 Quis
501 1535 567 1602 post
606 1530 845 1598 misericordiam,
878 1533 944 1598 ete,

93 1637 178 1692 usque
188 1622 343 1677 adurente
363 1620 504 1691 superbire
524 1619 685 1691 rapiuntur.

996 466 1114 521 hicnon
1131 466 1324 521 communico.

1031 556 1111 609 Vens.
1144 557 1187 609 ld.
1212 585 1247 596 —
1278 559 1395 610 Deetcrc
1428 571 1530 623 eorum,
1560 555 1666 626 (luc),
1694 555 1724 610 id
1753 562 1806 620 est.
1827 557 1848 610 si

996 643 1064 715 quid
1081 644 1148 698 boni
1164 650 1264 714 egunt.
1282 649 1349 709 etc..
1365 659 1450 713 usque
1463 645 1500 699 od
1514 644 1714 700 misericordia
1732 644 1763 700 in
1787 661 1847 700 om·

997 733 1081 788 nibus
1090 732 1253 799 comitetur,
1268 733 1345 804 quod
1360 733 1458 800 debes,
1473 733 1561 804 quie:

1041 820 1123 874 Vens.
1138 822 1180 874 12.
1196 822 1304 886 -Pes,
1330 819 1428 887 idest,
1444 820 1567 887 stiectio,
1594 835 1663 893 quer
1688 820 1777 876 facile
1797 821 1848 878 lalri

995 909 1079 976 solet,
1094 912 1169 964 stetit
1196 907 1353 963 immobilis
1379 913 1477 964 contra
1498 911 1596 964 omnia
1623 909 1774 977 scandala,
1789 915 1847 966 ten-

996 996 1164 1062 (tensurus,
1181 1002 1209 1051 et
1224 996 1378 1067 persistens
1403 999 1431 1051 irr
1459 997 1570 1055 directo.
1587 997 1622 1053 lit
1648 997 1719 1069 quin
1746 999 1787 1053 sic
1808 1015 1848 1055 ra·

996 1084 1083 1140 dimis
1098 1084 1128 1139 in
1143 1084 1273 1139 Ecclesiis
1286 1084 1465 1141 benedicam.

1033 1175 1122 1230 Stetit.
1140 1173 1253 1244 (Cres),
1281 1173 1339 1229 Etsi
1368 1174 1496 1246 undique
1524 1189 1694 1243 concussus,
1720 1173 1767 1230 vel
1785 1190 1848 1230 con·

998 1263 1078 1318 fusus
1093 1261 1243 1317 scandalis.

1283 1332 1440 1388 essenus
1468 1333 1558 1390 xxvl.

1036 1439 1117 1494 Vens.
1147 1442 1171 1494 t.
1202 1440 1391 1508 —lrrttuem
1414 1438 1514 1510 (Aue,
1545 1439 1633 1509 Cass)
1663 1439 1775 1505 Primo,
1803 1439 1850 1494 itr-

998 1528 1045 1582 rid
1061 1529 1177 1588 electos.
1203 1532 1268 1592 eto,
1290 1542 1374 1597 usque
1386 1527 1424 1581 od
1436 1527 1513 1583 unde
1540 1527 1570 1582 in
1599 1534 1788 1584 sacramento
1807 1543 1850 1599 gc-

1001 1634 1082 1672 mens
1097 1621 1127 1671 et
1141 1615 1289 1682 luborens;
1305 1620 1337 1669 ot
1348 1616 1378 1670 in
1394 1632 1424 1670 re
1440 1616 1574 1687 gaudeat.

131 1712 229 1781 (Cass.)
255 1711 372 1766 iudico:
406 1725 466 1764 non
497 1714 540 1763 est
572 1706 761 1780 presumptio
786 1706 867 1776 justi,
897 1706 946 1760 sed
1037 1706 1351 1768 nominenominee,
1368 1709 1421 1759 etc.
1438 1705 1538 1776 (Cass.)
1555 1707 1594 1761 lle
1609 1705 1707 1778 prime
1722 1706 1853 1762 unctione

95 1798 236 1852 certitudo
253 1798 455 1852 misericordie
472 1796 532 1864 Dei,
544 1797 620 1867 qnod
645 1795 685 1850 ihi
707 1794 830 1850 ostendit
846 1795 875 1850 in
889 1795 946 1849 Do·

95 1886 174 1940 mino
190 1902 326 1957 sperens;
343 1885 458 1949 deinde,
473 1901 531 1939 non
548 1884 725 1939 inllrmebor.

132 1975 163 2028 ln
182 1976 345 2029 innocentia.
371 1973 463 2046 (Auo.)
493 1974 555 2029 Non
580 1973 758 2043 angelorum,
784 1971 835 2028 sed
854 1972 947 2045 quelis

97 2067 140 2116 est
153 2062 311 2118 hominnm.

132 2151 410 2207 voest-Proto
433 2148 600 2219 meteres.)
626 2149 656 2204 ld
677 2152 731 2212 est,
761 2149 841 2220 prius
870 2146 944 2201 vires

97 2224 217 2311 inspice,
245 2244 309 2309 etc,
339 2239 478 2309 usquead
500 2255 558 2294 non
582 2239 694 2306 merite,
717 2238 767 2293 sed
791 2237 949 2293 misericor·

98 2325 252 2397 diemque
268 2326 354 2381 telem
370 2344 416 2381 nre
431 2326 508 2394 iecit,
523 2326 649 2381 attendo.

135 2413 240 2485 (Cass.)
253 2414 347 2469 Probe
361 2431 412 2471 mc.
431 2415 471 2469 Tu
487 2431 566 2482 vero,
579 2414 668 2486 probe
683 2414 714 2469 in
728 2413 949 2480 tentationibus,

99 2502 219 2573 nequid
244 2502 340 2558 delicti
355 2507 511 2569 remanent,
534 2509 601 2567 etc..
619 2517 703 2572 usque
723 2501 761 2556 od
783 2517 820 2557 ne
834 2501 900 2574 quis
914 2501 950 2556 de

100 2589 142 2644 eis
155 2594 327 2647 murmuret.

137 2678 288 2733 Urereues.
311 2678 377 2748 (lo.)
400 2680 469 2749 Igne
495 2678 575 2734 rerbi
602 2678 652 2741 tui,
675 2693 721 2734 cor
741 2679 835 2733 celore
863 2676 974 2749 spiri-,

100 2852 201 2910 nibus.

101 2770 159 2820 tns.
188 2767 240 2822 Cor
271 2782 325 2838 pro
355 2765 587 2838 cogitationibus,
620 2781 697 2820 renes
720 2781 772 2837 pro
787 2765 952 2821 delectatio·
1006 2769 1136 2836 possunt.

1002 1811 1053 1868 per
1066 1809 1153 1866 quem
1168 1793 1342 1848 certificetur
1354 1795 1489 1861 secunde,
1503 1795 1549 1850 hic
1561 1795 1704 1867 loquitur.

1036 1877 1166 1939 Minue
1184 1886 1319 1951 protector
1349 1884 1413 1938 vitre
1446 1899 1518 1938 mere.
1557 1883 1652 1954 (Aue.)
1683 1885 1740 1938 Dat
1766 1883 1850 1938 ritem

1002 1972 1149 2034 virtutum,
1179 1986 1266 2041 quem
1299 1973 1328 2024 et
1354 1971 1489 2041 protegit,
1504 1970 1565 2026 sine
1587 1987 1646 2043 quo
1670 1972 1772 2027 omnia
1785 1975 1855 2027 done

1004 2060 1066 2131 ejus
1079 2059 1249 2131 perduntur.

1036 2149 1059 2202 Α
1085 2145 1313 2216 quoirepidotol
1343 2145 1512 2216 (telonem
1528 2146 1665 2218 trepidet,
1696 2163 1776 2218 cero,
1792 2163 1850 2203 coro

1001 2235 1129 2291 induerit
1140 2234 1365 2306 corruptionem.

1038 2325 1171 2378 linesi.
1202 2353 1228 2362 -
1246 2322 1334 2392 Super
1360 2329 1552 2379 orenocesrtes.
1582 2324 1646 2396 (ln.)
1679 2325 1717 2381 Ut
1742 2324 1854 2381 serim

1003 2410 1158 2482 preferant
1179 2410 1365 2465 insultantes:
1382 2411 1458 2482 quod
1483 2412 1568 2468 vertit
1596 2413 1674 2468 Deus
1688 2413 1721 2469 in
1746 2413 1855 2478 melius,

1005 2505 1037 2555 ut
1052 2499 1191 2553 maledico
1219 2499 1304 2554 dente
1330 2515 1388 2554 non
1418 2516 1475 2563 me,
1506 2501 1701 2557 sedcernalia
1716 2501 1856 2558 desideria

1004 2593 1184 2642 consumant.
1204 2587 1252 2641 Vel
1279 2585 1372 2654 edent,
1402 2586 1430 2642 id
1456 2592 1509 2656 est,
1530 2587 1691 2644 delectetur
1713 2591 1745 2645 in
1768 2596 1857 2644 morte

1006 2692 1070 2731 mea
1101 2675 1253 2731 crudelitas
1289 2674 1481 2744 inimicorum,
1506 2691 1616 2745 comen
1643 2679 1776 2734 animam
1802 2693 1855 2733 non

1039 2852 1183 2918 infirmati
1210 2856 1283 2907 suet.
1308 2851 1374 2924 (lo.)
1406 2852 1479 2907 llum
1506 2852 1636 2908 Christos
1664 2869 1786 2910 earnem
1813 2870 1858 2910 ec-

139 2942 219 2997 Vrns.
250 2946 333 2998 3.-
359 2942 557 2999 Misericordia.
586 2942 685 3014 (Cass.)
714 2942 782 3007 Qure
806 2958 865 2997 non
885 2942 955 2997 sinit
971 2945 992 3001 c
1007 2940 1091 3012 cepit,
1120 2946 1253 2995 nutentes
1267 2940 1344 3008 lecti,
1358 2945 1388 2996 et
1408 2946 1474 3012 post
1486 2957 1518 2995 ex
1533 2946 1594 2996 toto
1610 2957 1640 2997 se
1665 2942 1736 2998 fidei
1763 2942 1857 3000 subdi·

99 3030 204 3086 tentari
218 3047 306 3102 snper
329 3032 412 3098 vires,
437 3033 482 3087 vel
508 3032 572 3104 ipsa
588 3032 664 3087 ustio
679 3036 723 3087 est
740 3030 947 3099 misericordie,

101 3134 159 3174 non
175 3120 325 3191 asperites.

137 3205 338 3276 complacuisti
364 3209 487 3262 oeritote.
520 3209 615 3277 (Auo.)
631 3206 683 3262 Cui
710 3207 841 3278 displicet
870 3223 949 3264 men·

101 3293 215 3348 dacium
231 3310 326 3363 sunm,
342 3298 370 3349 et
384 3295 477 3364 placet
491 3295 552 3365 ipse
567 3311 631 3350 cum
645 3295 694 3350 illa
709 3300 737 3350 et
752 3295 782 3350 in
791 3296 851 3352 ille.

136 3383 215 3436 Vens.
230 3383 258 3437 4.
274 3412 309 3421 -
336 3383 395 3438 Nori
422 3382 489 3437 sedi.
519 3381 616 3452 (Coss.)
645 3382 802 3453 complacui
828 3381 858 3435 in
877 3378 950 3434 reri·

100 3473 169 3534 tete,
204 3469 272 3542 unia
303 3485 363 3524 non
392 3470 462 3525 sedi.
496 3469 588 3536 odiri,
624 3470 701 3541 quod
735 3469 824 3524 ritere
861 3468 947 3523 mela.

99 3559 135 3612 Et
151 3558 258 3618 leonto,
274 3559 351 3628 quod
368 3562 412 3612 est
424 3573 508 3628 egere
519 3562 604 3612 recte.

138 3648 220 3703 Veni.
236 3646 334 3718 (Cass.)
352 3648 424 3703 Varii
447 3647 497 3718 qui
521 3646 556 3701 de
570 3644 685 3700 caducis
699 3644 783 3700 rebus
797 3645 948 3713 laborent;

100 3734 182 3807 impii
207 3734 344 3802 haeretici,
370 3735 418 3806 qui
443 3733 603 3807 Scripturas
631 3739 817 3805 pervertunt:
834 3733 876 3789 illi
898 3750 949 3788 su-

100 3822 211 3895 perilna
226 3826 369 3895 querunt,
386 3822 417 3877 hi
432 3839 584 3879 venenose.

136 3913 216 3967 Voss.
231 3915 256 3966 5.
275 3942 308 3952 -
335 3912 560 3979 Motipnautium.
584 3911 653 3985 (lo.)
677 3910 732 3977 Oui
756 3911 833 3967 mele
855 3910 950 3982 proxi-

101 4000 269 4070 misegoni..

137 4087 217 4140 Vens.
234 4089 306 4140 e.-
323 4087 441 4142 devoto.
460 4090 552 4157 (duo.)
578 4088 756 4144 Poenitendo.
788 4091 823 4142 Et
849 4089 946 4154 altore,

102 4178 226 4227 mentem
239 4173 389 4229 virtutibus
416 4176 536 4240 ornabo,
561 4176 603 4230 vel
619 4176 718 4241 fidem,
748 4176 817 4247 quie
836 4181 948 4231 nonest

100 4260 179 4316 locus
192 4261 252 4316 veri
266 4261 395 4317 sacrificii
404 4268 482 4318 extre
494 4263 663 4320 catholicum
677 4264 839 4320 Ecclesiam.

135 4349 211 4405 luter
238 4351 401 4405 innocentes.
434 4349 527 4421 (Auo.)
563 4351 754 4418 Conversens;
782 4357 813 4407 ut
834 4351 948 4407 ordiam

99 4437 136 4493 ab
151 4438 200 4504 eis,
218 4438 314 4505 idest,
331 4444 361 4493 nt
372 4439 479 4493 discam
495 4455 552 4510 que
563 4455 632 4495 roce
643 4439 681 4494 sis
703 4439 877 4509 lendendns;
892 4440 945 4507 rel,

99 4531 130 4580 ut
142 4525 268 4580 audiam:
285 4525 397 4593 Venite,
413 4526 555 4582 benedicti
567 4527 658 4582 Petris
674 4527 740 4582 mei.

134 4614 213 4669 Vens.
230 4618 256 4668 7.
271 4643 305 4654 -
324 4616 418 4670 Vocem
444 4615 535 4670 leudis
563 4614 684 4687 Spiritus
700 4613 803 4685 sencti,
831 4614 881 4688 qui
895 4615 946 4670 do·

98 4705 143 4756 cet
155 4700 273 4756 laudare
288 4706 326 4756 te.

133 4791 213 4845 Vens.
229 4792 256 4846 8.
273 4821 307 4829 -
322 4793 440 4846 Domine.
459 4791 555 4862 (Cass.)
584 4791 658 4846 Petit
682 4805 719 4845 ne
747 4790 831 4846 melis
852 4790 882 4846 in
901 4791 947 4863 ju·

1003 3029 1118 3084 derunt.

1040 3116 1139 3189 (Coss.)
1159 3118 1219 3185 Vel,
1243 3117 1383 3175 debilitati
1402 3118 1545 3191 paulatim
1563 3120 1599 3177 sd
1618 3119 1738 3177 ruinam
1752 3121 1853 3177 enimes

1003 3212 1204 3278 pervenerunt.

1040 3295 1119 3349 Vens.
1136 3295 1162 3349 ³.
1187 3295 1301 3350 Costa.
1326 3295 1424 3366 (Cass.)
1441 3296 1597 3364 dulmine,
1611 3298 1764 3369 prelium,
1785 3313 1856 3355 con-

1004 3381 1107 3438 flictus.
1839 3403 1843 3409 ·

1038 3469 1074 3526 Irr
1088 3472 1135 3526 loc
1150 3487 1206 3539 epo.
1223 3472 1318 3544 (Auo.)
1334 3472 1428 3528 liabeo
1442 3488 1524 3545 spem
1538 3473 1668 3530 victoriae
1678 3474 1711 3532 in
1735 3476 1855 3532 Domino

1003 3560 1243 3614 remunerationis
1254 3565 1379 3616 aeternoe.

1039 3645 1121 3700 Vens.
1147 3644 1175 3698 i.
1199 3672 1234 3685 -
1264 3645 1351 3699 Unam
1372 3647 1451 3714 petii.
1479 3646 1574 3717 (Ano.)
1596 3647 1664 3702 llrec
1678 3664 1739 3703 une
1755 3649 1854 3704 domos

1004 3736 1120 3799 reterns,
1130 3733 1160 3787 in
1172 3747 1230 3804 que
1239 3747 1354 3803 semper
1363 3738 1525 3801 moneatur,
1540 3734 1591 3789 ubi
1604 3736 1710 3791 oeterni
1725 3736 1798 3804 dies,
1807 3753 1854 3792 cnr

1002 3818 1063 3874 ibit
1077 3825 1108 3874 ut
1128 3820 1305 3892 contempler
1330 3820 1549 3877 delectationem
1568 3821 1631 3891 nei,
1656 3825 1738 3896 quod
1753 3830 1796 3881 ast
1809 3842 1851 3880 re·

1002 3923 1068 3963 rum
1083 3907 1201 3963 bonnm.

1038 3996 1166 4052 Omnibus
1190 3996 1287 4053 dietus
1316 4000 1381 4052 vita
1414 4013 1486 4054 mee.
1528 3999 1622 4071 (Aee.)
1656 4001 1692 4057 Ut
1725 4001 1848 4074 qnandiu

1001 4084 1076 4153 riro,
1092 4093 1154 4150 ete..
1168 4085 1301 4154 usquead
1315 4101 1388 4157 opus
1401 4085 1598 4143 manifestabo.

1040 4176 1073 4230 Ut
1099 4174 1217 4231 rideam.
1250 4172 1312 4246 (lo.)
1342 4175 1406 4230 Alia
1432 4175 1543 4232 littere:
1565 4178 1599 4233 tlt
1617 4181 1787 4250 contempler
1809 4179 1847 4233 de·

960 4228 982 4285 ⁰
1002 4265 1167 4319 tertationem
1177 4266 1292 4325 Domini,
1319 4263 1350 4318 id
1370 4269 1424 4327 est,
1437 4280 1472 4320 eo
1494 4265 1562 4331 tine,
1576 4269 1609 4320 ut
1630 4266 1755 4324 demum
1770 4284 1847 4341 eppe·

1003 4356 1073 4419 reat,
1090 4358 1156 4422 ete,
1173 4367 1258 4421 usque
1279 4351 1317 4407 ed
1344 4358 1373 4407 et
1386 4353 1451 4408 ideo
1474 4369 1533 4408 non
1547 4358 1658 4412 temere
1678 4362 1750 4428 peto
1763 4366 1843 4422 mou,

1002 4438 1055 4494 etsi
1068 4441 1207 4509 peccator.

1037 4527 1117 4582 Vens.
1146 4529 1172 4581 5.
1195 4556 1230 4567 -
1253 4528 1285 4582 ln
1312 4526 1490 4584 abscondito:
1520 4528 1614 4601 (Auo.)
1646 4531 1734 4601 qnasi
1757 4532 1842 4588 multe

1001 4619 1096 4687 partes
1125 4618 1203 4682 sunt,
1231 4619 1396 4686 etc.‚usque
1423 4615 1461 4670 od
1488 4631 1575 4688 quem
1599 4633 1668 4674 moa
1698 4627 1783 4676 rocat
1803 4635 1842 4692 pe

1001 4708 1086 4760 tram.

1035 4793 1115 4847 Vens.
1144 4795 1171 4848 6.
1186 4822 1221 4831 —
1249 4791 1406 4850 circumivi.
1422 4792 1517 4863 (inc.)
1544 4792 1619 4858 Quia
1637 4794 1713 4851 mihi
1727 4812 1757 4852 ss
1775 4811 1840 4869 pre·

98 4878 172 4936 dicio
194 4879 357 4947 miscentur,
373 4879 441 4952 quie
455 4895 513 4934 non
533 4878 584 4949 eis,
599 4878 648 4934 sed
671 4879 824 4934 concordat
847 4879 946 4935 domui
999 4879 1064 4935 buit
1078 4880 1191 4946 ducem,
1207 4885 1275 4950 etc,
1294 4895 1379 4950 usque
1392 4881 1430 4936 od
1445 4885 1476 4935 nt
1490 4897 1591 4936 omnes
1613 4882 1778 4941 voluntates
1789 4883 1841 4954 ejus

98 4968 227 5112 Delliiieei
254 5056 381 5111 decorem.
418 5054 517 5124 teres.)
545 5056 610 5110 llaec
638 5054 703 5110 ideo
735 5055 848 5117 taciem,
876 5055 946 5127 quia

999 4968 1162 5039 implerem.

1035 5056 1141 5129 (Hier.)
1167 5058 1215 5112 Vel
1244 5056 1432 5129 circumspexi
1454 5057 1672 5130 omniaomnia,
1697 5062 1744 5119 vel
1763 5074 1840 5118 eaeor

95 5144 181 5200 dilexi
204 5160 250 5199 me
273 5145 366 5200 iecere
390 5145 523 5200 decorem
548 5144 667 5200 domurn
696 5144 756 5211 tibi,
787 5149 816 5198 et
838 5144 942 5213 locum,
1000 5147 1048 5218 ple
1063 5151 1237 5200 sanctorum.

95 5249 153 5304 quo
178 5232 302 5305 gloriose
324 5232 446 5301 habites,
473 5237 506 5288 ut
520 5232 555 5288 de
583 5232 675 5302 gloria
699 5235 728 5286 et
744 5231 867 5288 essentie
892 5232 943 5287 liei

95 5319 204 5392 aliquid
217 5322 338 5393 capiam.

131 5409 214 5464 Vsus.
231 5413 257 5464 e.
274 5441 308 5450 -
327 5412 366 5468 Ne
392 5409 503 5479 perdor.
532 5410 629 5480 (Cass.)
653 5410 685 5465 Et
706 5408 731 5465 si
751 5407 837 5465 modo
856 5408 942 5466 simul

95 5512 157 5553 esse
170 5498 287 5570 peteris,
303 5515 338 5553 ne
352 5498 438 5554 simul
452 5499 566 5568 perdes.

1034 5235 1129 5304 (Ano.)
1144 5232 1297 5289 circumiri
1319 5232 1416 5290 snimo
1440 5233 1539 5290 omnis
1557 5242 1665 5306 emoti.
1685 5244 1754 5309 etc,
1768 5251 1837 5308 tim

997 5322 1035 5378 od
1049 5327 1129 5376 tento
1139 5321 1283 5377 ardentius
1294 5322 1410 5394 appetit.

1032 5411 1113 5464 Vere.
1140 5414 1167 5467 7.
1182 5439 1217 5452 -
1244 5410 1368 5479 liecudi,
1397 5414 1518 5480 Domine,
1556 5429 1649 5472 vocene
1670 5433 1771 5486 orem.
1792 5421 1835 5472 etc

996 5497 1097 5569 (Cass.)
1110 5497 1179 5563 Quis
1193 5498 1284 5566 leber,
1307 5499 1371 5571 quis
1385 5500 1531 5570 gemitus?
1546 5501 1647 5560 Oratio
1661 5510 1733 5563 ante
1745 5518 1833 5563 ucce-
