3892 6106
45 249 98 302 385
268 269 273 281 ’
635 244 762 301 ubossa
779 243 980 302 omittimus.
1003 275 1037 286 -
1058 245 1122 302 llll.
1142 245 1225 302 NUll.
1754 249 1807 305 ddi
1824 258 1828 285 ¹

43 382 185 421 uumerus
210 367 323 438 primus
346 365 377 420 in
403 365 548 420 dexteram
568 370 762 435 computatur,
793 366 933 437 polliced
951 367 1150 439 probabuntur
1165 366 1258 434 electi,
1281 367 1311 421 in
1337 366 1509 421 oblivionem
1529 366 1629 422 mortis
1656 368 1808 426 tradentur

43 461 70 509 et
85 455 183 510 indice
199 455 229 509 iu
244 454 481 521 coronamtlexis;
501 454 590 509 unde:
613 454 682 509 Jam
708 454 903 510 dexterarum-
955 454 1049 527 impii,
1066 456 1101 511 ad
1122 456 1267 511 dexteram
1284 454 1335 510 bei
1347 455 1518 510 locabuntur
1534 456 1616 526 justi.

44 548 124 612 putot
143 559 242 597 aranos.
991 546 1074 600 Vens.
1104 547 1150 600 25.
1174 573 1210 588 -·
1237 531 1284 600 Ad
1314 545 1452 614 aquilonis
1478 549 1584 614 partem
1620 547 1808 601 castrametati

77 632 160 702 (Rae.
182 632 318 693 iulium..
338 630 605 701 tom.ll.)1ntribu
633 629 710 698 Levi,
727 635 792 696 etc,
815 645 901 701 usque
955 636 1083 702 suntltlii
1105 637 1174 690 Dan.
1200 635 1265 688 lioec
1295 632 1381 704 plaga
1411 633 1553 704 signifieat
1591 622 1806 689 multitudinem

46 718 80 773 ad
95 719 182 790 quasi
203 719 334 773 humeris
357 719 463 773 laboris
488 724 518 773 et
555 717 704 790 patientiae
748 718 901 773 Ecclesiam
956 723 1086 794 gentium
1102 738 1192 794 usque
1206 721 1242 775 ad
1255 720 1399 775 Christum
1414 720 1518 790 frigore
1542 719 1718 776 infidelitatis
1746 729 1807 777 tor·

47 812 175 879 portant.
955 815 1083 881 pentem,
1099 811 1148 866 sed
1160 810 1282 882 repulsis
1308 808 1533 879 Judaeisjudicio
1560 808 1610 863 Ilei
1636 810 1667 864 in
1682 811 1807 867 Ecclesia
1873 824 1876 831 ·

80 896 165 949 vens.
181 899 227 950 ⁵¹·
252 926 288 936 -
307 895 426 964 cumque
447 894 682 965 plancarum,
711 897 764 949 eu.
800 894 832 950 ld
847 898 899 957 cst,
956 900 1074 956 urrann
1088 903 1225 954 eremum
1241 896 1447 953 heautudinem
1462 900 1614 968 exspectat.

49 987 225 1039 sarmonaat
251 983 384 1054 exemplo
412 982 574 1053 disponent,
605 982 751 1054 quomodo
780 983 902 1054 quisque
1288 1029 1400 1086 CAPUT
1434 1030 1471 1084 m

50 1072 219 1128 humiliatus
233 1072 265 1127 in
278 1071 409 1143 proiectu
426 1071 564 1126 virtutum
592 1070 749 1142 gradiatur.
1474 1068 1481 1085 ⁸

84 1161 214 1229 Quisquis
238 1165 419 1220 summum.
443 1164 497 1214 ete.
529 1159 623 1229 (Aac,
652 1163 746 1229 quest.
766 1159 803 1228 3.)
828 1159 904 1214 Alie·
992 1166 1074 1219 Vsus.
1092 1166 1164 1218 3.-
1182 1162 1357 1219 Sacerdotem
1382 1163 1522 1232 quiuncti
1541 1167 1617 1230 sunt,
1642 1168 1695 1219 etc.
1726 1164 1804 1236 (Rae.

52 1250 148 1316 ’tidelia
172 1250 224 1318 ‹litt'
247 1248 399 1313 mitrii,
429 1249 573 1301 morimur.
600 1246 651 1301 flio
674 1245 837 1317 iliessississa
859 1245 904 1300 in·
956 1257 988 1309 in
1001 1252 1228 1320 Num.,tomll.)
1251 1252 1379 1316 Quatuor
1402 1249 1445 1304 tili
1458 1252 1563 1315 Aaron,
1579 1257 1644 1319 ete,
1661 1267 1747 1322 usque
1769 1253 1807 1309 ad

54 1335 382 1408 telligendusestetiam
411 1334 445 1389 de
460 1333 518 1389 illis
541 1335 638 1401 lsrael,
665 1338 731 1400 sle,
759 1348 845 1403 usque
867 1333 905 1388 ad
957 1342 1025 1414 igne
1040 1341 1143 1396 divinae
1158 1339 1506 1395 ullipnlsconsumuntur.

58 1424 429 1496 utallophyliappellentur
455 1423 537 1494 quasi
551 1422 673 1477 aliarum
696 1421 824 1477 tribuum
852 1420 905 1476 ho·
1008 1430 1089 1484 Vens.
1117 1431 1143 1483 6.
1173 1456 1206 1469 -
1230 1429 1333 1497 Accipe
1358 1427 1468 1482 tribum.
1498 1427 1593 1498 (boc,
1610 1432 1705 1497 quest.
1734 1430 1751 1484 6
1777 1432 1808 1484 in

57 1522 153 1576 mines.
957 1518 1050 1586 Nuus.)
1077 1518 1176 1585 Accipe
1186 1515 1290 1570 tribum
1303 1515 1377 1579 beni,
1397 1518 1462 1574 etc..
1481 1515 1608 1583 usquead
1625 1516 1655 1571 in
1669 1517 1732 1571 aliis
1749 1517 1807 1572 cir-

87 1610 251 1677 Alleqaricc.
267 1607 385 1673 Quidad
411 1623 524 1662 sacrum
550 1607 743 1662 ministerium
767 1606 904 1677 indignus
959 1620 1140 1676 comquaque
1155 1603 1253 1658 castris
1270 1602 1396 1657 liliorum
1413 1602 1509 1657 lsrael.

57 1698 166 1764 aceedit,
190 1712 305 1767 paenam
333 1695 568 1767 presumptionis
592 1711 652 1749 non
676 1694 793 1749 evadit:
823 1695 905 1749 Nemo
994 1697 1075 1749 Vnus.
1094 1695 1185 1749 t0.-
1205 1696 1354 1748 Eatenus.
1383 1690 1447 1761 (Ιιι.)
1470 1691 1629 1761 Alienipena
1653 1696 1807 1764 quitatiqe·

58 1789 119 1839 euim
133 1785 211 1841 dedet
233 1785 289 1841 cidi
314 1799 417 1839 sumere
440 1786 576 1853 tanmem,
610 1786 667 1838 nisi
688 1785 737 1852 qui
753 1787 866 1837 uocatur
887 1795 906 1834 a
958 1787 997 1839 rit
1018 1784 1157 1838 morietur.
1186 1778 1379 1845 Qoaerendum
1411 1778 1556 1849 quamodo
1590 1779 1702 1846 dixerit,
1742 1788 1808 1850 etc,

60 1874 267 1942 Deo,tanquam
279 1872 374 1927 Aaron
393 1872 485 1943 (liebr.
514 1873 552 1942 v).
576 1871 655 1926 Unde
678 1870 771 1937 Ozias,
799 1870 904 1941 quise·
958 1868 1257 1942 usqueadhincenim
1278 1867 1458 1939 loquebatur.

59 1961 209 2015 cerdotium
222 1961 380 2031 usurpavit,
392 1961 472 2029 lepra
496 1974 648 2030 percussus
662 1963 714 2013 est.
994 1961 1075 2015 Vnus.
1097 1961 1139 2013 tt.
1160 1986 1195 1998 -
1209 1958 1266 2026 Epo
1276 1956 1328 2010 tuli
1341 1955 1460 2009 Levitae.
1482 1954 1546 2023 (iu,
1562 1961 1656 2024 qroest.
1682 1958 1720 2029 6.)
1735 1958 1810 2023 Quid

91 2049 168 2104 lans.
184 2051 228 2103 52.
244 2078 280 2088 -
306 2050 496 2118 Unusquisque
520 2062 572 2117 per
593 2052 707 2111 turmas,
734 2050 789 2100 etc.
800 2046 903 2116 (Ome,
959 2048 1095 2121 estquod
1111 2046 1230 2113 Leiitas,
1245 2048 1310 2112 etc,
1325 2058 1410 2113 usque
1436 2041 1474 2096 ud
1492 2059 1543 2097 nec
1558 2060 1610 2114 pro
1627 2045 1670 2100 bis
1688 2063 1810 2121 compu-

62 2138 123 2191 tan.
136 2139 153 2190 2
167 2139 198 2191 in
221 2137 315 2207 Num.)
336 2136 536 2207 Unusquisque
561 2134 719 2190 secundum
742 2134 824 2204 signa
842 2149 902 2194 sua.
959 2138 1014 2192 tari
1028 2141 1155 2208 posteros
1177 2135 1337 2190 Levitnrom
1357 2132 1402 2185 uel
1427 2146 1562 2201 pecorum
1578 2148 1688 2189 eorum.

63 2230 117 2291 stc,
140 2240 225 2294 usque
248 2225 286 2279 ad
313 2225 337 2279 si
359 2224 432 2278 nibil
455 2224 626 2295 inquietum,
654 2223 727 2279 nihil
756 2223 905 2277 inordina·
1012 2225 1102 2298 (Onu.
1128 2225 1197 2279 itam
1226 2225 1241 2277 d
1267 2223 1297 2275 in
1331 2218 1424 2288 Num.)
1453 2221 1510 2286 Epo
1539 2226 1676 2292 assunpu·
1702 2226 1812 2281 Levites

65 2318 126 2379 lam,
142 2313 215 2368 nibil
242 2312 426 2368 inhonestum
452 2312 615 2367 inveniatur
637 2311 667 2365 in
692 2309 785 2366 nobis.
958 2313 1090 2369 demedio
1112 2312 1233 2382 liliorum
1257 2309 1341 2365 leuel
1361 2321 1412 2377 pro
1437 2308 1511 2361 omni
1534 2310 1730 2379 primwenito,
1754 2318 1810 2369 etc.

962 2402 1066 2458 levite
1086 2402 1270 2455 assumuntur
1280 2413 1333 2468 pro
1348 2393 1558 2467 primogenitis,
1584 2402 1649 2465 etc,
1675 2400 1812 2470 usquead

406 2498 518 2554 CAPUT
537 2497 570 2552 lt.
607 2486 611 2498 ¹
960 2497 992 2545 ut
1010 2492 1048 2544 sit
1064 2492 1130 2561 plus
1148 2504 1201 2559 pro
1220 2484 1414 2558 primogenito
1438 2483 1556 2545 assumi,
1591 2501 1679 2556 quam
1702 2488 1811 2558 primo·

958 2579 1089 2652 genitum
1100 2576 1186 2632 nasci.

107 2669 183 2722 vans.
201 2671 223 2722 Ι.
248 2667 518 2736 -Eocutusqueest
549 2667 687 2720 Dominus.
713 2664 815 2731 (Uare,
832 2663 902 2717 iem.
996 2665 1082 2720 Lxx:
1112 2667 1155 2719 Ee
1183 2662 1269 2718 medio
1293 2663 1411 2730 filiorum
1429 2665 1530 2729 lucei,
1565 2668 1617 2718 ete.
1639 2664 1751 2720 Tertius
1770 2669 1813 2721 est

68 2755 234 2821 lindum.)
260 2756 344 2808 Homo
381 2751 528 2807 secuudum
556 2751 677 2805 ordinem
716 2764 804 2816 suum,
837 2751 903 2814 etc,
960 2751 1307 2819 Leviintertltioslsruel,
1323 2751 1430 2824 dequo
1445 2767 1514 2823 erqo
1537 2751 1633 2806 medio
1660 2768 1812 2809 assumun·
1882 2772 1890 2781 ·

68 2841 318 2912 uqruadetnihss
341 2839 499 2894 secundum
518 2838 649 2892 ordinem
672 2852 780 2907 gerere.
958 2853 1007 2902 tur
1033 2839 1160 2895 Levitae?
1186 2839 1302 2894 invenio
1337 2839 1515 2895 Sonamilem
1543 2839 1716 2895 liducialiler
1750 2840 1813 2913 regi

96 2931 153 3000 (lo.)
176 2930 377 3001 Unusquisque
417 2932 555 2994 nostrum,
593 2931 659 2992 etc,
686 2941 771 2995 usque
807 2924 844 2979 ad
867 2939 938 2996 nec
961 2929 1045 2984 lsrael
1061 2927 1299 2999 respondentem:
1319 2928 1352 2982 ln
1368 2928 1455 2983 media
1466 2930 1565 2998 populi
1590 2929 1813 2998 meieqolladito

69 3023 174 3091 propter
192 3033 260 3073 eum
276 3032 383 3071 noman
397 3015 448 3070 Dei
463 3015 689 3084 blasphemetur.
959 3017 1005 3088 (lv
1016 3018 1081 3089 iieq.
1092 3017 1139 3085 ιι).
1157 3015 1189 3070 Et
1198 3015 1233 3070 de
1248 3015 1510 3071 ChristoJoannem
1524 3016 1668 3071 dicentem
1683 3033 1690 3070 ι
1707 3017 1813 3072 Medius

95 3107 150 3173 (lo.)
165 3105 318 3162 Secundum
335 3120 387 3160 sua
413 3106 504 3171 siqua,
529 3107 583 3156 etc.
611 3101 720 3166 Quibus
735 3101 904 3155 scilicetcu-
958 3110 1076 3160 uestrum
1094 3106 1158 3170 stat,
1174 3118 1251 3172 quem
1269 3118 1315 3159 uos
1340 3106 1461 3162 nescitis.
1480 3106 1552 3159 Puto
1580 3121 1649 3177 erqo
1679 3121 1746 3160 sum
1762 3105 1813 3178 qui

65 3192 154 3264 jusque
167 3192 328 3263 proprietas
344 3190 519 3262 designatur,
540 3196 606 3254 cte„
626 3204 711 3258 usque
735 3189 773 3243 ad
798 3192 905 3260 quanto
959 3208 1108 3265 nunquam
1143 3191 1327 3246 declinaverit
1360 3192 1396 3247 ad
1421 3193 1568 3248 dexteram
1595 3194 1639 3248 vel
1672 3193 1708 3249 ad
1743 3193 1813 3248 sini·

68 3281 148 3352 magis
162 3281 265 3352 reliqui
277 3280 408 3335 homines
422 3278 539 3351 propria
559 3277 642 3348 signa
668 3278 698 3331 in
713 3275 906 3332 motibusani·
960 3288 1058 3349 stram,
1082 3280 1137 3336 dici
1164 3296 1246 3350 posse
1274 3280 1402 3336 medium
1423 3284 1508 3348 stare,
1532 3283 1732 3352 quipeccatum
1759 3297 1814 3338 nan

68 3383 170 3423 norom
185 3374 214 3423 et
225 3369 330 3424 animae
339 3367 493 3422 virtutibus
508 3367 632 3438 gerunt?
961 3372 1039 3439 fecit,
1062 3371 1247 3424 necinventus
1276 3373 1315 3423 est
1341 3369 1419 3424 dolus
1435 3371 1465 3424 in
1488 3384 1533 3424 ere
1562 3371 1621 3439 ejus
1643 3371 1709 3442 (lsa.
1740 3371 1811 3441 nur).

97 3459 214 3513 lessi.
237 3487 273 3498 -
300 3459 351 3512 Per
373 3471 472 3525 qurum
500 3454 679 3521 mternaculi,
706 3457 760 3507 etc.
785 3453 908 3524 (mern
964 3461 996 3513 Et
1008 3457 1075 3530 quia
1086 3473 1199 3529 semper
1214 3462 1278 3524 stat,
1296 3457 1408 3513 medius
1430 3463 1505 3513 stare
1525 3458 1639 3514 dieitur.
1668 3459 1722 3524 Qui
1744 3475 1812 3514 vero

67 3547 147 3613 llum.)
167 3544 248 3600 Circa
268 3544 497 3609 tabernaculum,
526 3549 592 3610 stc,
626 3557 711 3610 usque
732 3541 907 3613 adquorum
962 3545 1091 3599 imitator
1100 3545 1161 3616 ejus
1176 3553 1227 3612 est,
1244 3546 1316 3601 sicut
1332 3544 1496 3610 sunamitis,
1525 3551 1598 3602 stare
1615 3548 1731 3619 quidem
1755 3563 1814 3602 uon

67 3634 189 3704 precibus
203 3638 231 3689 et
245 3632 374 3688 doctrina
401 3631 531 3686 munitur
550 3629 680 3684 Ecclesia.
963 3631 1077 3701 dicitur,
1092 3631 1160 3703 quia
1186 3630 1339 3704 aliquando
1361 3637 1411 3688 aut
1424 3634 1460 3689 ad
1485 3633 1629 3689 duxeram
1650 3634 1814 3705 inclinatur,

96 3721 172 3776 lans.
190 3724 220 3776 9.
240 3750 276 3761 -
291 3722 416 3776 Universa·
429 3722 477 3790 qui
503 3720 642 3773 incastris
669 3718 762 3772 dude.
780 3717 828 3772 liis
855 3716 908 3771 tri·
964 3720 1062 3775 autad
1088 3719 1242 3786 sinistram,
1267 3721 1349 3777 Nemo
1379 3723 1451 3776 euim
1474 3721 1623 3776 munduca
1650 3723 1739 3790 sorde,
1766 3739 1814 3780 nec

66 3807 150 3864 bubus
165 3810 253 3865 ludas
268 3808 411 3880 presidet,
429 3806 538 3862 scilicet
565 3805 668 3878 regalis
687 3806 787 3872 tribus,
806 3805 910 3876 deqoa
963 3809 1078 3865 siunins
1107 3807 1163 3862 diei
1180 3809 1266 3874 suerit
1292 3810 1351 3863 uita
1365 3808 1426 3877 ejus
1446 3807 1505 3879 (lob
1531 3810 1596 3880 xv):
1614 3809 1743 3865 habitare
1768 3816 1815 3866 ta-

66 3901 134 3952 artus
148 3902 192 3953 est
206 3897 344 3965 Christus,
373 3895 493 3952 humani
508 3894 623 3966 generis
638 3909 686 3949 rex
708 3899 737 3949 et
768 3894 905 3949 salvator.
964 3913 1031 3951 men
1045 3895 1150 3950 dicitur
1169 3894 1198 3949 in
1213 3894 1308 3950 medio
1330 3895 1441 3966 populi.
1459 3895 1639 3967 Levitaeargo
1659 3913 1813 3953 assumun-

95 3987 173 4042 lsns.
192 3986 235 4042 10.
266 4015 300 4027 -
327 3985 510 4040 lleridiunam
541 3984 654 4054 plaqam
682 3985 734 4037 erit
769 3985 908 4053 princepe.
965 3987 1013 4037 tur
1027 3982 1062 4036 de
1078 3982 1173 4037 medio
1192 3981 1319 4038 tiliorum
1334 3982 1635 4037 israeiteritaeeuim
1658 3989 1734 4050 sunt,
1762 3984 1814 4056 qui

66 4073 121 4129 lieu
135 4073 281 4146 significat
313 4072 461 4144 antiquam
485 4071 536 4126 Dei
562 4071 689 4142 plebem,
723 4086 789 4141 quae
817 4071 909 4125 locem
965 4071 1387 4142 noncoguoveruntdextaram
1415 4074 1443 4124 et
1471 4068 1615 4126 sinisiram
1641 4089 1733 4141 suam,
1764 4073 1816 4129 sed

66 4162 214 4236 Evangelii,
237 4162 283 4217 vel
309 4160 382 4232 legis
423 4159 591 4231 suscipiens,
626 4174 724 4214 amore
752 4158 911 4214 conditoris
965 4164 1117 4231 sequentes
1133 4160 1238 4223 Mosen,
1254 4157 1348 4226 idest,
1365 4160 1459 4231 legam
1475 4158 1534 4227 Uei,
1551 4166 1816 4232 nonpepercerunt

65 4243 193 4308 temnat,
932 4230 1044 4320 ¹>patri
1058 4249 1101 4303 vel
1113 4248 1207 4304 matri.
1225 4248 1258 4303 Et
1271 4252 1302 4303 tu
1317 4263 1385 4319 ergo
1407 4248 1443 4318 si,
1463 4249 1595 4304 veniente
1614 4249 1772 4306 tentatione
1786 4256 1815 4307 et

95 4343 179 4397 luas.
200 4344 245 4395 ll.
266 4367 301 4382 -
322 4337 472 4394 Leoabitur
496 4341 587 4392 auum
613 4335 819 4392 tabenaculum
833 4337 911 4390 testi·
965 4336 1008 4390 ira
1023 4334 1205 4406 peceati,nec
1219 4334 1366 4391 inclineris
1392 4335 1429 4390 ad
1450 4336 1596 4392 dexteram
1621 4338 1665 4393 rel
1692 4339 1728 4394 ad
1744 4338 1816 4394 sini·

65 4433 152 4496 nonii,
166 4433 222 4484 etc.
237 4426 425 4484 tabernaculi
439 4425 544 4481 erectio
572 4425 617 4480 rel
644 4423 787 4495 depositio
815 4423 910 4478 Eccle·
966 4428 1065 4491 stram,
1076 4439 1136 4478 non
1146 4423 1342 4495 praevariceris
1355 4424 1449 4495 legem
1466 4425 1526 4493 liei,
1548 4426 1598 4482 sed
1622 4431 1677 4482 stes
1703 4428 1815 4483 medius

66 4516 453 4587 siesitumsigniiicat,qure
468 4514 499 4568 in
528 4512 711 4568 credentibus
731 4510 864 4583 erigitur,
880 4511 911 4566 in
965 4512 1038 4568 lixns
1066 4517 1095 4568 et
1118 4511 1236 4578 stabilis,
1269 4529 1320 4567 nee
1355 4529 1454 4568 curres
1486 4529 1580 4585 genua
1604 4518 1655 4570 tua
1686 4520 1812 4586 peccato,

65 4605 232 4679 negantibus
261 4603 426 4674 deponitur,
459 4602 490 4656 in
512 4601 684 4673 quibusdam
706 4598 853 4654 ordinibus
866 4614 911 4653 se·
966 4616 1019 4655 nee
1029 4599 1146 4672 pecudis
1159 4603 1254 4670 caput,
1277 4600 1394 4668 scilieet,
1410 4601 1538 4658 stultitiae
1564 4603 1692 4676 sequaris
1713 4598 1815 4677 imagi·

65 4691 355 4760 crissublimalnr,in
371 4689 554 4760 aliisJudicio
586 4688 765 4743 sacerdotum
794 4701 911 4741 excom·
965 4689 1266 4744 nemzassumerisdc
1280 4688 1516 4746 mediotiliorum
1539 4691 1637 4759 lsrael,
1651 4696 1679 4746 et
1702 4692 1733 4747 in
1757 4692 1816 4764 pri-

64 4781 253 4838 munieatione
277 4779 455 4835 humiliatur.
965 4777 1131 4832 mitirorum
1145 4793 1267 4832 numero
1283 4777 1475 4834 collocaberis.

92 4869 338 4927 Adoccidentalem
358 4867 471 4937 plapam
489 4870 577 4933 eruut,
601 4865 752 4934 stellius.
767 4865 799 4918 in
819 4864 911 4933 Num,
999 4866 1108 4936 Aperit.
1127 4866 1189 4921 Non
1203 4866 1368 4938 quicunque
1397 4866 1509 4939 aperuit
1535 4868 1660 4935 vulvam,
1684 4868 1811 4940 primatu

10 4966 12 4987 ¹
63 4960 126 5015 tom
142 4959 191 5027 ΙΙ.)
209 4957 342 5012 Dicamus
353 4954 446 5009 adhuc
464 4953 572 5025 aliquid
588 4952 666 5024 quod
695 4951 912 5022 adjuvetlecto·
966 4954 1069 5025 dignus
1083 4958 1136 5024 est,
1151 4953 1251 5009 unde:
1272 4955 1396 5010 Alienati
1418 4957 1482 5010 sunt
1501 4959 1653 5025 peccatores
1682 4959 1812 5023 auulua,

64 5062 130 5117 ram,
146 5053 213 5113 etc,
227 5044 363 5115 usquead
378 5047 409 5098 ut
431 5058 529 5098 secure
557 5040 666 5112 possint
698 5037 828 5093 divinum
854 5037 910 5093 im·
965 5047 1125 5098 mouerunt
1153 5042 1187 5097 ab
1209 5047 1295 5109 utero,
1326 5042 1408 5097 locuti
1431 5047 1496 5098 sunt
1527 5044 1603 5110 salsa
1627 5044 1712 5116 (Psal.
1734 5047 1812 5117 arri).

63 5138 135 5208 plcre
150 5135 287 5192 oiticmm
965 5130 1113 5195 Quomodo
1128 5130 1206 5186 enim
1220 5130 1285 5201 quis
1303 5145 1399 5185 errare
1415 5130 1541 5201 potuita
1571 5130 1617 5186 ria
1636 5132 1698 5200 Ilei,
1719 5133 1816 5189 statim

91 5227 171 5281 Vns.
187 5226 231 5280 ts.
248 5251 284 5264 -—
312 5219 518 5278 occidentalem.
548 5220 614 5273 liaec
641 5212 728 5289 plaga
754 5220 911 5288 utrumque
965 5223 998 5273 nt
1016 5219 1159 5274 daventre
1173 5217 1274 5273 matris
1289 5218 1624 5293 exiritibutqnomodo
1642 5222 1816 5293 patuitialsa

63 5314 195 5384 parisiam
209 5309 388 5366 tabernaculi
403 5307 434 5362 in
448 5324 478 5363 se
492 5306 644 5378 recipiens,
664 5305 695 5360 in
715 5320 746 5361 se
757 5305 910 5377 jungendo
966 5307 1045 5378 loqui
1060 5306 1251 5377 nupereditns
1264 5308 1360 5378 pueri
1375 5307 1569 5364 Necessarium
1599 5315 1641 5365 est
1668 5327 1736 5384 ergo
1750 5326 1817 5366 ven·

63 5404 246 5468 consummat,
270 5402 300 5454 et
327 5395 607 5453 consummationem
636 5392 768 5450 Ecclesia
796 5392 827 5448 in
851 5391 910 5449 tine
965 5398 1041 5450 nem
1054 5399 1083 5451 et
1109 5395 1222 5451 vulvam
1247 5395 1335 5451 talem
1356 5396 1503 5468 requirere
1533 5397 1690 5470 eui‘possit
1716 5415 1818 5455 conre-

64 5490 156 5546 nnodi
170 5487 326 5560 significat,
342 5484 458 5556 quando
473 5485 504 5538 iu
519 5483 612 5538 fructu
634 5482 777 5537 bonorum
788 5496 909 5554 operum
947 5481 1027 5551 ,nire
1043 5482 1184 5538 :Alienati
1206 5489 1270 5539 suut
1279 5489 1431 5555 peccatores
1443 5502 1461 5541 a
1474 5487 1567 5558 uulua,
1577 5491 1631 5542 stc.
1647 5487 1680 5543 Et
1691 5486 1740 5543 illa
1761 5487 1816 5543 erit
