3892 6106
50 277 85 329 ih·
798 272 1066 330 Pnuiuuoitarts.
1769 282 1803 337 46

46 399 137 453 modo
165 398 378 467 universaliter,
406 398 513 453 scilicet
537 401 667 469 respectu
694 397 782 453 totins
813 412 901 452 sacrrc
919 397 942 454 Α
959 396 1083 466 ritualia,
1115 397 1214 452 saltem
1244 397 1297 452 sub
1324 396 1561 454 similitudinibus
1596 404 1799 473 corporalibus,

47 470 206 539 Scripturie
232 471 263 524 in
283 470 431 524 communi
454 470 511 524 alio
541 484 609 524 vero
640 467 723 523 modo
769 467 900 523 articula·
954 472 1041 541 prout
1054 468 1084 522 iu
1100 467 1193 539 prima
1205 472 1289 550 parte
1324 470 1660 541 iitest.prima,artic.tt.
1684 475 1802 531 Constat

50 541 131 603 riter,
155 540 276 609 scilicet,
297 541 453 595 secundum
476 539 609 611 quadam
632 485 815 611 particuli’sris
839 539 900 594 loca
955 545 1062 605 autem,
1089 543 1176 663 prout
1203 555 1233 593 in
1258 485 1461 619 cubicorum,
1478 541 1555 612 quod
1570 541 1800 617 bonuiiiquanto

51 627 139 665 sacrae
166 611 332 683 Scriptura.
361 611 389 666 Si
417 610 511 682 primo
535 610 621 665 modo
648 614 842 680 comparatur,
872 613 901 664 et
954 609 1393 676 univcrsaius,tantodiriuius.

50 683 212 753 accipiatur
235 698 315 736 sacra
342 681 486 753 Scriptura
515 685 603 752 proiit
635 684 678 734 est
702 679 900 751 principaliter
990 680 1030 734 Ex
1047 679 1100 734 hac
1125 679 1214 749 igitur
1236 680 1342 749 triplici
1364 681 1601 750 consideratione,
1625 700 1683 754 qua
1701 702 1802 745 sensus

52 752 240 823 speculativa,
265 758 334 807 tunc
358 768 457 807 sensus
485 751 617 806 litteralis
640 751 796 805 seeundum
812 766 899 804 unam
954 750 1086 804 litteralis
1101 750 1211 804 caeteris
1224 751 1355 804 sensibus
1378 751 1545 823 simpliciter
1568 761 1802 827 comparatnscst

53 824 315 878 considerationem
343 829 386 878 est
407 822 535 893 ejusdem
562 820 709 892 dignitatis
741 836 806 875 cum
838 821 900 874 aliis
955 821 1080 891 dignior,
1104 825 1198 892 potest
1222 821 1433 892 quodammodo
1459 824 1548 891 accipi
1558 825 1661 896 triplex
1676 828 1749 882 ratio
1764 830 1800 884 ad

53 894 200 956 sensibus,
228 894 385 948 secundum
418 909 485 947 vero
517 892 604 946 aliam
640 891 900 946 considerationem
954 890 1235 946 commendationem
1255 891 1341 962 hujus
1367 892 1504 963 Postilla,
1530 895 1647 963 scilicet,
1670 900 1802 971 magistri

53 964 220 1020 estcetcris
234 964 262 1020 di
285 965 358 1019 nior.
374 963 414 1020 nd
439 963 515 1035 quud
534 961 680 1017 sciendum
716 962 771 1016 uod
784 961 901 1016 scientia
955 961 1072 1017 Nicolai.

54 1036 232 1106 speculativa
262 981 367 1089 fficitur
397 1034 453 1088 alia
482 1033 598 1104 dignior
630 1049 663 1086 ex
695 979 826 1087 gironus:
843 1048 901 1086 uno
992 1032 1087 1088 Prima
1109 1035 1153 1112 est
1175 1047 1208 1086 ex
1231 1036 1311 1101 parte
1337 1048 1436 1086 sensus
1459 1033 1600 1102 litteralis,
1618 1036 1668 1107 qui
1686 1040 1798 1095 crateris

53 1106 145 1162 modo
157 1121 190 1160 ex
203 1105 337 1177 dignitati
351 1105 493 1170 materiae3
508 1118 576 1158 nam
589 1107 622 1158 ut
634 1102 702 1157 dicit
713 1104 902 1174 Philosophus
955 1103 1041 1158 modo
1056 1103 1193 1173 predicto
1209 1107 1251 1156 est
1265 1102 1380 1171 dignior
1396 1120 1404 1170 ;
1419 1104 1481 1158 hac
1495 1105 1572 1159 enini
1587 1107 1712 1177 Postilla,
1728 1109 1803 1166 inter

54 1176 83 1231 in
97 1192 125 1231 xi
150 1176 186 1230 da
209 1176 400 1241 Animalibus,
428 1175 578 1230 Minimum
603 1174 680 1245 qnod
719 1172 901 1228 otesthaberi
955 1174 1024 1229 alias
1035 1189 1099 1245 qum
1114 1173 1144 1227 in
1158 1188 1341 1227 communem
1357 1189 1440 1227 usum
1457 1176 1586 1242 veniunt,
1600 1179 1691 1249 magis
1706 1179 1801 1236 inteu-

53 1248 88 1301 de
126 1247 291 1317 cognitione
327 1261 423 1300 rerum
455 1244 658 1299 altissimarum
705 1243 902 1298 asiderabilins
956 1244 998 1299 dit
1013 1244 1165 1298 litteralem
1180 1259 1306 1305 sensum,
1323 1244 1434 1297 caeteris
1444 1245 1573 1300 sensibus
1588 1250 1800 1318 praetermissis,

53 1322 107 1385 cst,
135 1333 223 1388 quam
247 1317 406 1371 certissima
444 1315 579 1387 cognitio,
621 1330 686 1388 quae
722 1315 844 1370 habetur
866 1313 901 1368 de
956 1331 1008 1369 seu
1032 1315 1113 1370 valde
1136 1314 1281 1368 modicum
1306 1314 1396 1382 tactis,
1422 1319 1455 1368 ut
1470 1316 1531 1386 ipse
1545 1317 1614 1372 dicit
1627 1319 1658 1373 iii
1672 1321 1802 1392 prologo.

54 1388 184 1442 minimis
208 1389 304 1443 relius.
330 1388 364 1440 Et
392 1387 549 1441 secundum
577 1385 662 1440 istam
696 1384 901 1439 consideratio·
990 1385 1119 1440 Secunda
1138 1384 1209 1438 ratio
1233 1400 1266 1438 ex
1287 1389 1366 1455 parte
1391 1400 1449 1438 suas
1475 1388 1669 1443 extensionis:
1685 1390 1804 1446 fuerunt

52 1475 121 1513 uem
149 1474 251 1513 sensus
279 1458 409 1511 litteralis
437 1462 464 1511 et
502 1472 600 1511 sensus
634 1455 793 1527 spiritualis
815 1471 901 1509 sncrae
956 1455 1288 1526 enimaliqntepostitlae
1306 1456 1448 1509 solemnes
1467 1456 1502 1511 de
1525 1459 1619 1525 certis,
1636 1462 1802 1533 scusiugu-

52 1530 211 1600 Scriptnrae
239 1527 432 1583 communiter
456 1528 572 1598 accepti,
612 1526 740 1595 ejusdcm
766 1531 833 1580 sunt
858 1525 901 1580 di·
957 1526 1801 1599 laribuslibrisdivinaeScripturm,quaescnonexteude·

53 1600 192 1670 gnitatis;
227 1599 262 1654 de
301 1599 403 1653 codem
443 1598 521 1652 enim
562 1603 709 1663 tractatur,
745 1596 901 1651 secundum
957 1603 1025 1651 runt
1057 1596 1092 1651 ad
1121 1612 1222 1650 omnes
1248 1596 1355 1663 libros3
1384 1596 1446 1652 lianc
1473 1614 1539 1652 vero
1567 1615 1596 1654 se
1626 1602 1802 1657 extenditad

53 1677 214 1742 utrumque
229 1685 354 1737 sensum,
371 1669 478 1723 scilicet
492 1669 527 1724 da
551 1670 620 1736 Deo,
645 1666 727 1722 etde
751 1666 897 1731 creaturis,
920 1673 1115 1742 patrumque
1129 1668 1354 1733 Testamentum,
1377 1668 1449 1721 nibil
1473 1669 1537 1724 inde
1563 1672 1798 1741 pretermittens.

54 1741 293 1812 prontinlleum
313 1740 482 1805 referantur,
507 1738 715 1810 prioreparte,
739 1754 768 1808 q.
796 1741 820 1792 l.
837 1737 900 1792 ,llio
993 1738 1254 1793 lectioreroratio
1279 1743 1408 1808 exparte
1426 1755 1484 1793 snm
1505 1739 1803 1814 universalitatis,seu

53 1828 120 1866 vero
138 1811 428 1866 modounascientia
453 1810 560 1865 dicitur
582 1809 698 1879 dignior
717 1809 773 1862 alia
793 1824 902 1861 excer-
957 1808 1263 1864 communitatis:haec
1276 1808 1353 1862 enim
1369 1810 1494 1875 Postilla,
1509 1810 1611 1866 saltem
1626 1812 1656 1866 iu
1675 1813 1721 1867 liis
1736 1830 1802 1886 par·
1871 1817 1873 1823 ’

54 1882 190 1948 titudine,
205 1881 362 1936 secundum
373 1897 459 1953 quam
475 1881 523 1935 illa
535 1879 654 1934 scientia
673 1879 778 1934 dicitur
790 1879 904 1948 dignior
958 1881 1034 1935 tibus
1051 1879 1203 1950 Hispania,
1218 1885 1257 1944 et,
1274 1883 1305 1931 ιιι
1320 1880 1414 1946 credo,
1439 1881 1547 1944 Gallice,
1566 1884 1748 1939 communior
1760 1889 1803 1940 est

53 1969 119 2025 quie
131 1953 240 2007 certior
256 1957 308 2017 est,
326 1958 355 2007 et
373 1952 531 2006 secundum
555 1952 629 2005 hanc
643 1950 902 2004 considerationem
957 1951 1079 2014 caeteris,
1105 1952 1179 2003 eirca
1203 1949 1330 2004 Glossam
1355 1950 1540 2006 ordinariam.
1568 1953 1800 2010 Adistamenim

53 2024 251 2088 manifestum,
275 2023 351 2094 quod
380 2038 479 2077 sensns
505 2020 903 2090 litteralisestdiguior,cum
958 2024 1108 2075 recurrunt
1131 2021 1295 2075 nonsolnm
1316 2019 1454 2091 theologi,
1484 2023 1803 2094 sedetiamjuristteet

54 2097 91 2148 sit
115 2093 232 2149 caeteris
265 2095 378 2148 certior.
407 2094 478 2148 Tota
505 2092 582 2146 enim
609 2090 749 2146 certitudo
780 2091 904 2144 aliorum
958 2091 1007 2145 atii
1018 2091 1195 2146 intellectum
1211 2105 1297 2144 sacra
1318 2090 1471 2163 Scripturas
1496 2093 1614 2163 planum
1630 2095 1735 2150 habere
1751 2098 1804 2153 de·

55 2180 192 2220 sensnum
221 2180 308 2219 sacrm
335 2163 489 2233 Scripturas
515 2179 532 2217 a
563 2161 732 2217 certitudine
758 2176 842 2215 sensu
857 2161 903 2215 lit·
958 2162 1125 2217 siderantes.
1822 2176 1824 2179 ·

54 2237 152 2290 teralis
186 2235 339 2306 dependet.
377 2234 455 2289 Unde
490 2233 666 2304 Augustinus
701 2232 737 2287 de
772 2231 904 2286 Doctrina
993 2233 1049 2288 Sed
1062 2233 1128 2287 licet
1141 2247 1174 2286 cx
1188 2230 1331 2301 praedictis
1346 2231 1437 2287 tribus
1452 2234 1514 2288 hec
1529 2235 1645 2290 Postilla
1668 2236 1804 2308 simplici-

54 2306 236 2362 Christiana:
259 2305 367 2361 «Nihil
396 2308 439 2359 est
453 2304 528 2376 quod
551 2304 660 2358 occulte
683 2303 712 2357 in
727 2302 825 2374 aliquo
841 2303 904 2355 loco
958 2309 1003 2358 ter
1015 2307 1057 2358 est
1071 2301 1306 2366 commendanda,
1330 2307 1397 2356 sunt
1424 2308 1521 2359 tamen
1545 2305 1601 2359 alia
1625 2306 1680 2362 tria
1700 2309 1805 2376 quibus

56 2396 70 2428 c
94 2392 186 2432 sacrae
206 2376 362 2448 Scriptura
384 2375 517 2440 traditur,
543 2374 620 2447 quod
646 2389 705 2430 non
728 2373 796 2427 alibi
812 2372 904 2427 mani·
957 2375 1082 2440 ridetur,
1096 2374 1196 2428 saltem
1212 2372 1242 2426 in
1257 2372 1402 2444 aliquibus
1430 2374 1510 2443 iocis,
1541 2376 1638 2431 minus
1661 2379 1802 2434 sullicere.

56 2446 638 2519 «lesteexponatur.»Cujusratioestt
663 2445 732 2499 Nam
749 2443 905 2514 spiritualis
994 2445 1134 2510 Primum,
1184 2443 1232 2497 uia
1259 2445 1447 2514 expositiones
1477 2449 1802 2505 sauctorumdoclorum

56 2519 203 2591 expositio
225 2534 339 2588 semper
353 2518 438 2572 debet
452 2517 558 2572 babere
584 2515 783 2596 fulcimentum
799 2515 833 2568 ab
852 2514 904 2595 ιιι·
959 2517 988 2570 in
1011 2515 1141 2587 pluribus
1163 2460 1239 2595 (spois
1253 2513 1490 2571 irrationabiliter
1503 2517 1616 2572 videtur
1631 2525 1803 2589 postponere

57 2606 113 2660 qua
129 2589 249 2644 litterali
262 2588 440 2660 expositione
471 2602 557 2641 sacrae
580 2585 744 2657 Scriptura,
772 2588 859 2656 prout
875 2601 904 2639 ιιι
958 2587 1083 2658 propria.
1099 2585 1280 2655 expositioni,
1296 2590 1324 2638 et
1346 2587 1518 2658 quandoque
1542 2589 1629 2642 etiam
1647 2591 1803 2660 expositio·

57 2660 227 2732 quodlibeto
241 2664 271 2714 et
284 2659 444 2731 quaestione
458 2673 544 2730 supra
558 2656 686 2728 allegatis
711 2657 795 2726 plene
816 2655 904 2710 tradi·
959 2657 1044 2712 nibus
1059 2657 1255 2719 hebreorum,
1273 2656 1348 2726 quod
1364 2662 1407 2709 est
1420 2657 1633 2724 inconveniens,
1649 2665 1682 2713 ut
1693 2660 1802 2716 dictum

56 2738 111 2785 tur.
129 2731 161 2786 Si
174 2735 273 2785 autem
297 2735 478 2801 comparetur
503 2743 602 2783 sensus
630 2727 758 2782 litteralis
786 2725 905 2780 adalios
959 2727 1058 2783 luitiu
1073 2733 1176 2799 quarto
1192 2726 1312 2780 articulo
1327 2728 1496 2798 supradicto.
1515 2729 1591 2783 iuter
1606 2745 1677 2799 quos
1692 2736 1803 2786 sanctos

57 2819 158 2858 ιιιιιιιι
190 2801 348 2856 secundum
378 2800 510 2872 quiedam
536 2797 720 2871 particularia
741 2798 803 2851 loca
817 2811 905 2851 sacrm
959 2799 1089 2853 doctores
1132 2796 1217 2852 luries
1239 2796 1351 2851 videtur
1373 2797 1544 2870 impugnare
1567 2799 1804 2857 irrationabiliter

56 2873 220 2944 Scriptura,
237 2873 277 2927 sic
291 2871 473 2926 manifestum
487 2869 618 2941 estquod
634 2869 663 2923 in
691 2867 821 2939 pluribus
837 2867 906 2948 locis
960 2873 1089 2924 sanctum
1111 2814 1262 2936 filomeni,
1285 2867 1613 2940 quandoqueexpresse,
1630 2872 1803 2952 quandoque

57 2960 158 2998 sensus
173 2943 330 3014 spiritualis
341 2948 383 2996 est
400 2942 524 3012 dignior,
549 2957 583 2995 ex
606 2955 640 2993 eo
664 2939 741 3010 quod
762 2939 797 2993 de
811 2939 906 2992 altiori
925 2940 1054 3024 clacite,
1070 2940 1151 3010 cujus
1165 2939 1255 2997 sancti
1275 2938 1400 2994 doctoris
1429 2941 1543 3011 eloquia
1570 2940 1692 2997 firmiter
1717 2944 1803 2999 credo

58 3014 180 3069 materia
209 3013 415 3080 tractat;sicut
451 3027 517 3066 cum
546 3011 652 3080 legitur
681 3010 717 3064 de
757 3010 903 3063 Abraham
959 3009 1263 3080 esseiguecharitatis
1285 3009 1457 3078 examinata,
1482 3014 1510 3064 et
1531 3011 1669 3067 naturalis
1684 3013 1804 3070 rationis

57 3086 124 3140 Gen.
142 3101 202 3151 ixi,
218 3083 297 3153 qnod
322 3103 335 3134 ι
352 3083 424 3138 ιιιιοι
444 3083 520 3137 ιιιιοι
535 3082 647 3147 habuit,
665 3099 680 3132 e
695 3086 748 3135 etc.
763 3080 843 3144 Quod
855 3095 902 3133 ex·
960 3081 1115 3136 dictamine
1127 3080 1325 3151 multipliciter
1340 3087 1471 3151 purgata.
1488 3086 1507 3137 it
1532 3099 1589 3154 quo
1605 3082 1691 3137 ιιιιιιιι
1707 3088 1804 3140 sancto

92 3157 175 3210 nitur
204 3155 241 3209 ab
264 3155 398 3224 apostolo
423 3154 482 3209 Gal.
504 3168 531 3206 iv
558 3151 711 3223 allegorice
737 3150 773 3204 de
792 3149 905 3204 duobus
959 3153 1077 3207 doctore
1091 3151 1426 3223 ipsePostillatormulta
1447 3153 1613 3224 frequenter
1635 3155 1747 3227 accipit,
1773 3156 1800 3210 li·

76 3226 247 3281 estamentis
265 3241 272 3279 :
293 3224 343 3278 ubi
357 3228 435 3294 patet
459 3224 535 3294 quod
563 3239 663 3277 sensus
672 3220 842 3291 allegoricus
857 3221 905 3275 ille
959 3228 1004 3278 cet
1016 3238 1080 3277 eum
1097 3222 1277 3293 nonalleget,
1292 3222 1347 3276 uisi
1362 3225 1455 3278 solum
1469 3225 1712 3295 reprehendendo.

56 3297 171 3369 dignior
185 3300 240 3359 est,
253 3311 339 3367 quain
355 3310 455 3350 sensus
480 3293 636 3348 historialis
656 3292 733 3346 illius
747 3291 860 3352 ltiterae,
877 3295 907 3345 ιι
994 3294 1168 3358 Secundum,
1193 3293 1261 3363 quia
1285 3293 1315 3347 iii
1330 3294 1426 3348 littera
1442 3294 1576 3349 Hebraica
1592 3294 1626 3349 ad
1641 3312 1726 3368 quain
1739 3297 1804 3369 plu·

58 3369 134 3422 idern
150 3371 231 3438 patet
247 3366 281 3421 de
297 3366 393 3420 multis
404 3365 478 3418 aliis.
491 3364 520 3419 Si
535 3370 631 3418 autem
658 3362 813 3431 accipiatur
827 3376 906 3416 sacra
959 3364 1015 3418 ries
1029 3364 1159 3429 recurrit,
1184 3379 1243 3416 non
1267 3363 1380 3417 videtur
1397 3364 1482 3419 titisse
1506 3367 1685 3422 sullicieutur
1707 3368 1804 3423 erudi·

58 3438 191 3493 doctrina
211 3441 299 3507 prout
322 3435 540 3506 comprehendit
563 3435 616 3488 snb
631 3450 661 3488 se
676 3433 827 3488 scientiam
839 3448 906 3504 pra·
959 3440 1014 3498 tus,
1033 3434 1115 3505 quasi
1129 3434 1207 3487 illem
1225 3432 1253 3486 iu
1269 3434 1394 3502 pueritia
1408 3434 1563 3502 didicisset,
1580 3437 1629 3492 sed
1648 3438 1683 3493 de
1698 3439 1748 3493 illa
1762 3439 1806 3493 vi·

58 3510 172 3574 cticam,
189 3513 259 3562 tunc
274 3507 360 3562 etiam
380 3505 620 3560 seususlitteralis
634 3509 663 3558 et
687 3503 844 3575 spiritualis
857 3502 907 3557 du·
960 3505 1045 3559 detur
1073 3504 1205 3558 habuisse
1236 3504 1377 3567 notitiam,
1403 3505 1485 3576 qnasi
1513 3507 1548 3560 ab
1577 3509 1640 3563 aliis
1669 3508 1699 3563 in
1723 3514 1806 3564 atate

59 3580 128 3651 plici
145 3579 232 3634 modo
257 3577 415 3649 comparari
442 3581 572 3647 possunt,
587 3575 695 3642 scilicet
709 3573 908 3628 universaliter
924 3572 928 3580 '
961 3576 1058 3630 adulta
1072 3573 1233 3629 mendicato
1247 3574 1383 3644 suffragio
1396 3576 1574 3647 acquisitam.
1589 3579 1671 3642 Quod
1683 3581 1805 3634 multum

59 3656 87 3706 et
105 3649 330 3721 particulariter,
347 3653 378 3703 ut
393 3648 501 3702 dictum
514 3651 565 3701 est.
583 3646 610 3702 Si
642 3645 822 3713 rimomodo,
839 3650 908 3699 tuuc
961 3646 1049 3701 refert
1069 3646 1099 3699 in
1123 3645 1255 3713 pluribus
1276 3661 1363 3700 sacrae
1389 3646 1543 3718 Scriptura
1567 3650 1708 3720 passibus,
1729 3655 1761 3706 nt
1776 3650 1806 3705 in

60 3737 160 3777 sensns
184 3720 315 3774 litteralis
336 3724 363 3773 et
386 3718 542 3790 spiritualis
558 3663 685 3788 cjnsgem
701 3721 769 3796 sunt
783 3715 907 3796 dignita·
962 3717 1019 3772 suis
1033 3716 1103 3770 locis
1116 3714 1233 3786 patebit.

60 3791 180 3859 tis3iila
209 3790 420 3844 enimscientia
439 3789 626 3860 practicaseu
645 3802 691 3841 ars
714 3786 830 3853 dignior
853 3790 905 3853 est,
996 3787 1121 3841 Tertium
1151 3787 1228 3859 quia,
1257 3790 1289 3839 ut
1311 3785 1372 3856 ipsa
1393 3786 1461 3841 dicit
1485 3788 1514 3843 in
1535 3791 1757 3862 secundoprolo
1779 3809 1806 3860 c,

58 3879 125 3934 qnae
142 3863 176 3917 ad
189 3862 354 3916 ulteriorem
377 3859 465 3914 tinem
478 3859 637 3924 ordinatur,
664 3862 696 3911 ut
723 3856 813 3910 civilis
827 3856 908 3910 mili·
963 3857 1038 3913 inter
1054 3858 1183 3911 doctores
1199 3856 1349 3911 Hebraicos
1367 3859 1490 3913 maxime
1517 3860 1627 3915 inducit
1652 3861 1743 3917 Rnbbi
1796 3892 1807 3903 ·

59 3933 126 3995 tari,
144 3940 177 3986 nt
191 3933 222 3987 iii
237 3948 245 3985 ι
259 3932 347 3986 Ethic.
365 3932 482 3987 Constat
493 3935 588 3984 autem
615 3928 692 3999 quod
714 3927 780 3982 linis
791 3927 909 3980 ultimus
962 3928 1120 3989 lamonem,
1137 3928 1186 3998 qni
1200 3928 1276 3980 inter
1296 3943 1345 3981 cos
1359 3929 1557 3984 rationabilius
1583 3931 1616 3985 ad
1640 3932 1807 3986 declaratio-

61 4005 152 4058 totius
165 4019 253 4058 sacra
265 4001 403 4057 doctrinae
418 4001 448 4055 in
469 4005 608 4071 quantum
627 4003 669 4053 est
694 3997 831 4069 practica,
849 3996 908 4051 sive
962 4015 1028 4053 nem
1044 3998 1293 4056 seususlitteralis.
1313 4001 1343 4050 ιιι
1357 4000 1468 4067 asserit,
1495 4000 1550 4054 fuit
1580 4002 1711 4056 locutus:
1728 4002 1809 4072 an'us

61 4074 223 4129 secundnm
238 4088 352 4128 sensum
367 4071 531 4139 litteralem,
546 4071 604 4124 sive
623 4069 777 4124 secundum
792 4083 908 4122 sensum
963 4069 1127 4140 oppositum
1141 4072 1183 4121 est
1202 4067 1383 4121 manifestum
1413 4071 1489 4140 apud
1511 4071 1661 4126 ltebraeos:
1678 4071 1728 4143 qui
1743 4073 1809 4127 licet

60 4145 254 4216 spiritualem,
276 4150 318 4197 est
345 4159 419 4198 unus
455 4142 585 4209 elidem,
614 4140 729 4206 scilicet,
761 4138 907 4193 beatitudo
962 4141 1056 4211 ipsum
1072 4137 1361 4194 llabbiSalomoncui
1385 4146 1518 4212 reputent
1539 4144 1694 4197 solemnem
1711 4141 1808 4197 docto·

60 4224 180 4271 aeterna.
196 4215 225 4270 Si
254 4221 349 4270 autem
373 4218 575 4285 comparentur
597 4210 721 4266 secundo
744 4210 840 4275 modo,
854 4209 908 4263 sci·
964 4227 1025 4266 rem
1041 4211 1071 4264 in
1086 4208 1278 4276 thalmudicis,
1292 4224 1351 4263 uou
1365 4214 1462 4265 tamen
1477 4212 1506 4266 in
1523 4212 1567 4267 his
1589 4228 1653 4284 quae
1662 4213 1810 4285 pertinent

61 4288 128 4343 licet
156 4286 315 4340 secundum
343 4283 525 4355 particularia
550 4284 612 4337 loca
633 4288 701 4336 tunc
723 4279 908 4361 manifestum
924 4256 946 4312 ⁰
965 4280 1391 4351 adlideietsacrccScripturm
1407 4283 1625 4353 expositionem3
1648 4284 1697 4339 sed
1713 4286 1810 4366 potitis

61 4364 104 4412 est
132 4357 210 4428 quod
231 4356 262 4410 in
286 4355 456 4427 quibusdam
484 4353 553 4408 locis
578 4368 708 4407 sensuss
731 4352 910 4405 iritualisest
963 4353 1096 4408 intereos
1110 4355 1280 4423 reputantur
1293 4352 1426 4422 majores,
1442 4369 1490 4407 seu
1506 4355 1693 4409 solemniores
1717 4356 1810 4410 inhu-

63 4428 190 4500 dignior,
207 4432 342 4499 tauquam
370 4424 560 4496 propinquior
584 4423 685 4478 ultimo
708 4368 770 4482 sini,
785 4425 819 4475 ut
832 4426 911 4502 patet
962 4422 1089 4494 jusmodi
1115 4422 1341 4492 expositionibus
1359 4423 1475 4504 quidam
1501 4425 1560 4491 alii,
1580 4431 1612 4481 ut
1624 4426 1715 4481 Rahbi
1731 4427 1809 4497 ldoy·

64 4501 94 4554 in
110 4499 211 4553 multis
233 4496 383 4568 praecptis
409 4494 659 4560 cerimonialibus,
677 4492 909 4547 sicutnumdici·
965 4511 1019 4555 ses,
1051 4492 1208 4565 AEgyptius,
1238 4498 1266 4546 ct
1289 4493 1380 4547 llabbi
1408 4495 1526 4565 lloyses,
1556 4496 1757 4564 Gerundensis,
1783 4501 1812 4552 ιι

64 4576 112 4624 tur
127 4570 285 4623 [lentim.
298 4584 305 4622 :
328 4589 341 4617 e
365 4567 427 4621 Non
445 4566 547 4637 ligabis
570 4580 601 4619 os
613 4563 693 4618 bovis
707 4562 868 4618 triturantis
879 4562 910 4617 io
966 4563 1057 4621 Rabbi
1070 4564 1246 4630 Abenhazra,
1260 4568 1288 4617 et
1302 4564 1361 4630 alii,
1377 4572 1463 4637 prout
1474 4566 1535 4634 jam
1548 4566 1701 4621 ridebitur.

66 4661 79 4690 ι
96 4656 164 4695 area
179 4641 276 4710 irriges
299 4645 383 4707 tnas;
400 4656 414 4689 ιι
440 4637 517 4709 quod
532 4635 685 4707 exponitur
697 4635 734 4688 ab
748 4634 883 4705 apostolo
899 4633 910 4688 l
1002 4635 1038 4690 ιιι
1052 4634 1142 4705 igitur
1165 4634 1302 4704 praedicta
1327 4641 1355 4689 et
1377 4635 1508 4707 quaedam
1532 4636 1589 4690 alia
1607 4636 1700 4708 magis
1713 4637 1812 4692 eluce-

64 4713 128 4767 Cnr.
158 4726 185 4764 ix
207 4709 403 4780 spiritualiter,
428 4707 593 4762 ostendente
616 4703 693 4776 quod
714 4720 812 4759 sensus
836 4720 910 4775 prae·
967 4710 1055 4770 scant,
1071 4705 1147 4776 qnod
1160 4705 1241 4760 valde
1256 4706 1325 4759 utile
1340 4712 1469 4776 putatur,
1493 4707 1677 4762 considerans
1698 4707 1812 4762 univer·

64 4783 140 4853 cepti
153 4781 233 4836 illins
248 4778 376 4835 litteralis
391 4779 511 4833 modicae
527 4776 658 4832 utilitatis
680 4774 911 4847 est,deqnodi·
967 4777 1108 4831 salitatem
1132 4775 1217 4846 hujus
1246 4777 1379 4847 Postilla,
1408 4778 1442 4832 ad
1468 4793 1555 4849 quam
1580 4776 1812 4834 etiamibildeles

65 4854 154 4909 cit:«
181 4850 315 4922 lt'nnquid
345 4849 380 4904 dc
400 4849 491 4905 bobus
511 4851 636 4903 curaest
653 4847 777 4911 lle03an
793 4851 913 4926 propter
967 4846 1317 4919 qnandoquerecurrunt,
1339 4853 1367 4902 ct
1391 4849 1537 4903 multoties
1560 4865 1620 4904 non
1643 4849 1808 4915 utdiscaut,
1891 4857 1895 4866 '

65 4916 911 4993 snosutiquedicittsetsicdemultisaliis.Suntetiam
967 4918 1016 4973 sed
1028 4917 1123 4987 potius
1139 4922 1170 4972 ut
1192 4919 1414 4987 reprehendant.
1447 4919 1517 4974 Nam
1543 4924 1575 4975 ut
1598 4919 1667 4974 dicit
1681 4920 1815 4992 ldagister

65 4995 127 5049 aliae
143 4992 384 5048 considerationes
399 4991 502 5062 quibus
527 5004 627 5044 seusus
645 4986 776 5042 litteralis
792 4986 913 5058 praemi·
967 4988 997 5042 in
1026 4988 1164 5058 prologo:
1196 4987 1433 5043 llissentientibiis
1461 4990 1642 5046 voluntatum
1673 4991 1811 5058 moribus,

65 5071 113 5120 net
128 5063 262 5119 sensibus
275 5061 480 5132 spiritualibus,
496 5073 619 5131 quarum
633 5073 691 5113 una
714 5061 757 5112 ast
779 5073 813 5111 ex
832 5061 912 5128 parte
967 5058 1137 5114 dissentiens
1166 5074 1281 5129 quoque
1307 5058 1340 5112 tlt
1364 5058 1526 5115 animorum
1557 5078 1674 5129 sensus3
1691 5061 1813 5132 cogitari

66 5133 259 5190 extensionis:
283 5148 382 5187 sensus
405 5132 482 5186 enim
513 5129 642 5185 litteralis
668 5127 795 5182 extendit
824 5143 853 5182 se
878 5127 912 5182 ad
969 5145 1003 5183 ex
1022 5129 1083 5183 zelo
1107 5128 1211 5183 divinae
1236 5128 1363 5182 veritatis
1386 5129 1465 5183 illam
1485 5135 1692 5198 transcurrere,
1715 5139 1743 5186 et
1764 5133 1812 5187 ubi

66 5205 225 5279 quamlibet
260 5203 430 5276 particulam
462 5216 549 5255 sacrae
590 5199 757 5268 scripturam
792 5197 914 5269 quilibet
968 5201 1047 5272 juxta
1061 5199 1180 5255 mudum
1191 5199 1395 5253 imbecillitatis
1410 5215 1481 5254 meae
1499 5201 1607 5274 aliquid
1620 5203 1714 5257 risum
1727 5203 1815 5259 fixerit

67 5279 142 5332 enini
155 5290 258 5348 passus
271 5289 360 5329 sacrae
376 5273 529 5344 Scriptura.
550 5271 637 5326 habet
652 5269 776 5339 aliquem
797 5283 913 5323 sensum
969 5270 1114 5325 additione
1133 5285 1227 5341 egere,
1253 5269 1282 5324 in
1297 5269 1475 5338 marginibus
1489 5273 1691 5343 superaddere,
1707 5274 1815 5328 Postil-

67 5349 220 5403 litteralcm
233 5361 241 5400 :
256 5360 357 5400 sensus
371 5359 439 5398 vero
455 5341 618 5414 spirituales
640 5356 698 5395 non
715 5355 743 5394 se
755 5340 915 5420 extendunt
968 5341 1084 5466 lamque
1099 5341 1191 5412 ipsam
1203 5356 1268 5395 cuin
1284 5339 1477 5396 additionibus
1486 5341 1549 5410 tibi,
1563 5347 1596 5397 ιιι
1605 5343 1634 5397 in
1648 5344 1815 5415 praefatione

69 5419 101 5473 ad
123 5424 214 5474 totam
237 5430 346 5471 sacram
366 5414 553 5486 scripturam,
577 5419 664 5483 prout
688 5414 767 5483 patet
785 5425 817 5464 ex
831 5410 914 5466 dictis
969 5411 1030 5466 dice
1052 5427 1108 5478 ain,
1126 5411 1245 5467 donare.
1270 5412 1440 5466 Nontameo
1463 5427 1509 5466 me
1525 5417 1610 5484 putes
1624 5415 1815 5487 etcorrigen-

69 5490 96 5545 in
107 5490 233 5545 secundo
242 5487 374 5542 articulo.
969 5487 1039 5551 tem,
1068 5498 1118 5536 seu
1142 5482 1294 5537 temerarie
1323 5487 1519 5537 asserentem:
1547 5483 1624 5555 quod
1655 5484 1748 5552 absit;
1765 5486 1815 5540 sed

100 5561 164 5617 atta
174 5575 244 5615 xero
258 5554 448 5614 consideratio
464 5558 555 5610 estex
568 5556 650 5626 parte
671 5551 913 5607 universalitatis:
970 5552 1139 5623 simpliciter
1152 5554 1216 5621 tibi,
1231 5553 1361 5626 aliisque,
1377 5554 1401 5608 si
1424 5554 1477 5609 hoc
1499 5554 1633 5625 legerint,
1647 5569 1814 5627 proponen-

71 5629 261 5688 seusnscuim
275 5626 407 5684 litteralis
422 5624 602 5682 communior
625 5627 669 5677 est
693 5638 744 5678 seu
763 5622 917 5679 universa·
969 5622 1266 5679 temedilllnitionem
1277 5628 1370 5680 tamen
1385 5641 1486 5682 eorum
1525 5641 1562 5680 ιιι
1573 5640 1626 5698 per
1650 5641 1696 5681 ma
1715 5625 1815 5682 dicun·

73 5702 133 5772 lior,
147 5702 218 5775 quia
233 5699 321 5756 etiam
336 5698 422 5754 rudes
437 5697 486 5769 qni
511 5695 547 5750 ad
570 5693 764 5766 intelligibilia
778 5692 919 5767 capienda
970 5697 1029 5762 tor,
1045 5697 1104 5748 eta
1125 5693 1335 5766 probationem,
1350 5711 1400 5750 scu
1424 5712 1510 5767 repro
1531 5697 1667 5762 ationem,
1695 5695 1817 5752 humili·

73 5787 125 5830 ccii
138 5780 208 5829 sunt
223 5768 399 5842 idoncl,pcr
414 5781 530 5823 sensum
554 5764 706 5821 litteralem
733 5765 851 5835 capiunt
860 5763 918 5835 spi·
972 5767 1019 5819 ter
1040 5768 1070 5819 et
1110 5769 1192 5821 crota
1212 5764 1346 5839 relinquo
1369 5767 1604 5824 determinationi
1632 5773 1816 5825 sacrosancta
