3892 6106
155 264 207 317 335

464 258 661 315 wlturalnl
681 261 804 317 saltant
825 262 845 316 F
849 260 924 317 utu.
946 260 1027 315 lton.
1047 258 1123 315 OPP.
1145 260 1275 314 ranst.
1297 288 1330 295 -
1350 256 1584 314 innotestat:

1857 264 1912 314 336

153 385 191 438 acl
208 384 336 454 linguam
360 382 528 436 mendacem
552 379 696 450 significat
714 385 742 434 et
762 379 1001 434 imbecillitatem.
1022 389 1044 441 ,t
1064 379 1211 434 abscindet
1231 377 1409 450 passionem,
1426 380 1560 449 superbia
1579 379 1771 450 abrumpitur,
1794 380 1913 436 adaucta

193 473 273 525 Vens.
291 475 337 525 31.
356 501 392 513 -
402 470 526 526 ltccludct
541 486 600 523 cnm
613 473 712 538 septem
729 468 821 522 clatus
831 473 856 522 et
870 469 923 533 die,
938 473 1003 536 etc,

155 576 214 615 non
229 566 288 614 tam
300 577 351 631 pro
362 576 448 631 paena
460 576 546 630 quam
563 559 698 614 districtus
714 557 889 628 probationis
904 573 1005 623 causa;

157 653 271 718 tempus
286 647 364 701 onim
390 649 420 701 in
441 647 575 701 onvuilnvs
602 647 783 713 servandum,
807 645 962 700 districtius
975 645 1006 698 in

153 736 202 791 this
217 751 343 805 quorum
360 734 458 805 lingua
470 735 545 788 circa
559 732 738 787 divinitatem
754 750 784 786 se
800 733 927 788 ellrcual.

192 821 270 874 Vana.
289 822 331 876 st.
350 852 383 862 -
409 823 440 878 Si
466 821 869 892 dieseptirrro.011iaverbum
899 820 929 874 in
948 838 1005 892 quo

157 909 344 981 delinquitur,
361 911 385 964 si
407 912 495 965 semel
510 917 595 982 negat
619 911 670 981 qui
693 910 830 980 peccavit,
857 908 1006 979 dijudicari

156 1013 213 1052 non
228 1003 352 1067 oportet.
380 998 449 1063 Quis
464 998 543 1052 enim
557 1015 639 1053 reum
650 999 762 1068 judicat
771 1014 823 1068 per
838 996 916 1068 qirod
939 1012 1006 1050 con·

156 1086 246 1140 lessus
260 1090 303 1141 est
317 1087 427 1158 lingua,
442 1088 590 1142 voluntate
605 1104 633 1141 se
646 1087 795 1156 protulisse
811 1087 918 1156 negat?

193 1177 321 1246 totisque
345 1177 464 1231 uestitus
480 1177 597 1231 mundus
623 1179 685 1242 crit,
715 1181 768 1231 otc.
784 1175 923 1245 (brunon.)
944 1175 1007 1229 illia

156 1270 222 1319 ante
238 1265 413 1336 baptismum
426 1265 587 1329 commissa,
604 1271 669 1333 etc,
688 1265 824 1334 usquead
841 1266 876 1320 da
892 1280 948 1335 quo
963 1263 1005 1318 di·

161 1353 237 1407 citur
252 1371 258 1408 ι
277 1355 332 1420 Qui
339 1359 434 1424 peccat
444 1356 472 1408 in
486 1355 624 1424 Spiritum
646 1360 769 1408 sanctum
783 1369 836 1408 non
856 1355 1007 1408 remittetur

156 1444 190 1507 ci,
208 1446 262 1495 etc.

193 1531 274 1583 Vens.
289 1534 322 1584 37
345 1560 376 1569 -
396 1531 497 1600 Capilli
509 1532 594 1599 attari,
622 1529 720 1598 idest,
742 1529 764 1584 si
788 1529 892 1583 luxerit
905 1528 1007 1600 impie·

157 1621 244 1671 tatem
260 1634 351 1685 suam,
376 1622 404 1671 el
421 1634 516 1671 veram
530 1619 620 1688 egerit
632 1618 841 1688 poenitentiam.
866 1617 1005 1689 Lugentes

160 1707 238 1760 enim
253 1712 281 1760 et
296 1706 467 1776 poenitentes
481 1707 564 1777 nigro
579 1706 679 1760 habitu
694 1706 900 1761 deformantur.

195 1795 274 1848 Vens.
302 1798 346 1848 38.
363 1824 396 1834 -
428 1797 476 1850 Vir
490 1798 546 1848 siue
559 1796 667 1861 mulier,
688 1799 740 1849 ele.
759 1793 862 1865 (lsrcn.)
887 1795 919 1849 ln
934 1810 1008 1865 prae-

161 1882 335 1937 varicatione
360 1882 448 1937 divini
473 1882 626 1955 dogmatis,
651 1883 881 1953 etc.,usqueud:
910 1883 1008 1952 quibus

158 1988 212 2025 non
226 1974 330 2026 vincat.

196 2061 278 2116 Vens.
299 2061 343 2114 lo.
359 2089 394 2101 -
414 2062 516 2114 Caluus
530 2076 561 2115 ac
580 2062 698 2116 ricciarius
717 2066 766 2115 est.
790 2061 926 2131 Simplex,
950 2076 1008 2113 nou

157 2148 265 2213 stultis;
291 2164 376 2201 nemo
393 2148 470 2202 enim
485 2154 527 2202 est
549 2148 594 2202 cui
614 2150 715 2203 saltem
731 2150 816 2221 pauci
833 2165 892 2203 non
915 2164 1008 2202 rema·

158 2243 245 2290 neant
259 2236 364 2306 capilli.

194 2325 273 2379 Vnus.
308 2324 353 2380 tt.
384 2354 418 2364 -
456 2325 612 2394 Quicunque
650 2341 713 2392 crgo
753 2327 916 2393 maculatus,
949 2331 1005 2381 otc.

160 2414 249 2482 (Isiu.)
271 2413 403 2467 llrerelici
418 2413 454 2467 ab
471 2414 593 2467 Ecclesia
607 2413 761 2484 ejiciuntur·
778 2415 868 2468 donec
882 2430 1009 2485 purgen-

160 2507 217 2556 tur.
237 2501 356 2556 Dissutis
372 2501 486 2568 tunicis,
503 2502 532 2556 id
549 2507 602 2571 est,
624 2502 813 2557 manifestatis
836 2503 950 2557 secretis
966 2520 1009 2557 se·

159 2591 386 2661 derejubentur.
403 2591 500 2663 Capite
532 2593 650 2662 nudato,
678 2598 711 2647 ut
737 2591 850 2647 nuditas
876 2608 1010 2646 eoruma

158 2680 271 2734 cunctis
286 2680 425 2735 videatur.
454 2682 508 2736 Ore
534 2683 630 2736 clauso
653 2697 690 2735 ne
719 2681 839 2736 ulterius
854 2681 942 2752 impia
968 2684 1009 2735 lo·

160 2773 297 2839 quantur.

197 2874 276 2927 Vnus.
300 2875 344 2928 lb.
361 2903 395 2912 —
422 2873 567 2927 Habitabit
589 2878 670 2927 cntra
693 2879 793 2929 castra.
821 2874 866 2929 Sic
886 2874 1009 2929 loannes

1061 468 1330 534 tarantasiensem
1357 468 1457 539 gloria,
1483 473 1579 522 arnota
1592 466 1767 536 adulatione,
1787 475 1816 522 et
1838 485 1912 523 vana

1062 557 1157 611 lande.

1097 646 1178 700 Vens.
1209 647 1252 698 57.
1282 672 1317 683 -
1336 645 1424 712 lepra
1449 645 1576 699 volatilis.
1600 643 1718 712 (tusca
1743 642 1813 697 bom.
1840 659 1859 696 x
1880 645 1911 697 in

1059 733 1167 801 Ezecli.)
1196 731 1357 802 Aliquando
1383 748 1434 786 uos
1456 733 1532 786 mala
1546 731 1636 800 egisse
1661 731 1861 802 cognoscimus
1882 738 1911 787 et

1060 821 1192 886 vitamus,
1221 826 1286 887 ctu,
1315 836 1400 889 usquc
1433 820 1470 874 ud
1494 837 1546 890 per
1569 819 1792 874 immoderatam
1818 821 1910 874 couti·

1061 908 1190 962 nentium
1205 908 1240 963 ad
1256 908 1411 962 iracundiae
1427 908 1529 962 vitium
1544 909 1655 963 transit.

1398 1042 1513 1098 CAPUT
1527 1043 1593 1097 XIV.

1096 1176 1175 1229 Vsus.
1192 1179 1216 1229 l.
1233 1206 1267 1213 -
1282 1176 1450 1244 locutusque
1463 1181 1512 1229 est.
1539 1174 1645 1245 (laren.)
1671 1175 1744 1239 Quia
1770 1177 1903 1244 maculas,

1062 1270 1127 1331 etc,
1142 1279 1226 1332 usque
1242 1263 1279 1317 acl
1294 1263 1354 1333 ipse
1369 1264 1445 1318 euim
1462 1279 1547 1317 omne
1558 1270 1709 1334 peccatum
1724 1264 1842 1319 curavit.

1098 1353 1180 1406 Vens.
1197 1353 1223 1406 l.
1250 1382 1283 1392 -
1304 1355 1373 1406 Duas
1397 1367 1530 1421 passeres.
1557 1352 1624 1423 tls.)
1641 1353 1836 1421 Divinitatem,
1856 1354 1910 1408 sci·

1060 1441 1126 1496 licet
1140 1446 1168 1494 et
1180 1441 1390 1495 humanitatem
1413 1442 1526 1496 Christi.
1547 1442 1613 1508 Qua
1626 1442 1739 1508 murrda,
1760 1443 1830 1513 quia
1846 1460 1910 1512 pee-

1060 1536 1154 1585 catum
1170 1546 1227 1583 non
1241 1528 1357 1596 babuit;
1383 1536 1408 1583 ct
1422 1531 1497 1599 uiua,
1514 1531 1581 1601 quia
1604 1546 1638 1583 ex
1651 1537 1768 1600 peccalo
1784 1530 1912 1585 nonfuit

1062 1619 1185 1674 obnoxia
1201 1618 1311 1672 mortis.

1099 1708 1170 1773 Quos
1205 1709 1283 1770 uesci,
1311 1710 1364 1759 etc.
1392 1705 1475 1773 Quia,
1513 1707 1622 1761 uerbum
1648 1709 1833 1773 carosactum
1861 1713 1911 1774 est,

1063 1800 1091 1849 el
1117 1797 1173 1849 nisi
1208 1794 1461 1849 manducaverimus
1490 1810 1597 1849 carnem
1621 1796 1691 1850 Filii
1722 1798 1839 1851 bominis
1857 1811 1911 1850 non

1064 1883 1218 1938 babebimus
1231 1885 1317 1936 uitam
1326 1886 1355 1937 in
1368 1884 1454 1937 rrobis.

1096 1971 1315 2038 Lignumccclri.
1345 1972 1448 2043 (laren.)
1477 1972 1606 2036 Crucem,
1632 1988 1697 2043 qum
1722 1977 1822 2027 contra
1846 1990 1909 2028 om·

1064 2059 1112 2113 nia
1126 2060 1217 2126 fortis,
1233 2059 1306 2113 sicut
1315 2060 1541 2114 cedrust'ortisct
1552 2061 1748 2130 imputribilis.

1103 2149 1292 2202 Vermiculum.
1311 2149 1395 2203 LXX:
1426 2149 1580 2204 Coccinum
1606 2155 1715 2205 tortum
1733 2152 1908 2221 passionem,

1065 2236 1173 2291 scilicet
1199 2237 1267 2307 quia
1292 2238 1439 2291 coccinum
1467 2238 1589 2292 rubeum
1613 2245 1665 2306 est,
1681 2244 1789 2295 tortum
1818 2241 1909 2312 passi·

1063 2329 1184 2394 bilitatc,
1199 2334 1227 2382 et
1256 2328 1486 2398 impassibilitate
1501 2335 1675 2384 contextum.

1105 2418 1270 2486 llyssopum.
1299 2416 1425 2471 Gratiam
1450 2416 1572 2486 Spiritus
1595 2417 1694 2484 sancti,
1720 2434 1785 2488 quae
1809 2425 1912 2474 nostru

1064 2504 1261 2558 emundationi
1272 2510 1453 2575 cooperatur.
1467 2505 1545 2560 Unde
1563 2522 1569 2559 ε
1583 2507 1718 2575 asperges
1729 2523 1779 2576 me,
1792 2511 1910 2575 Domine,

1064 2593 1178 2661 hyssopo
1191 2597 1217 2646 et
1230 2593 1456 2658 narrationem.
1475 2594 1556 2664 (Psoi.
1573 2596 1612 2665 a.)

1104 2680 1183 2734 Vana.
1216 2683 1242 2734 a.
1269 2710 1303 2722 -
1331 2682 1418 2750 Super
1444 2698 1543 2752 aquas,
1568 2688 1620 2737 etc.
1639 2683 1831 2754 Baptismatis.
1849 2685 1913 2750 Oui·

1063 2785 1167 2837 carique
1182 2772 1211 2824 in
1240 2771 1347 2826 Christo
1376 2772 1510 2841 baptizati
1533 2787 1636 2838 sumus,
1660 2775 1689 2826 in
1714 2778 1799 2827 morte
1823 2776 1911 2843 ipsius

1065 2859 1199 2927 baptizati
1211 2874 1305 2914 sumus
1315 2859 1403 2928 (Rom.
1418 2862 1464 2929 vi).

160 2960 371 3031 intelligibilem
387 2962 532 3031 leprosum
548 2961 583 3015 ab
597 2960 772 3032 intelligibili
787 2961 951 3016 habitaculo
966 2957 1044 3016 ex-C
1099 2947 1218 3002 Vm&
1247 2978 1280 2987 ··
1312 2950 1405 3014 Tinget
1432 2951 1461 3003 in
1486 2952 1628 3016 santuine·
1655 2953 1707 3003 020·
1733 2949 1805 3013 Qsstfl
1831 2967 1908 3004 20¹1!-

156 3051 248 3104 cludit
265 3066 271 3103 :
290 3052 344 3115 Qui
360 3052 428 3103 lurra
440 3050 593 3105 doctrinam
611 3065 664 3104 non
682 3049 772 3117 affert,
798 3063 849 3103 non
868 3051 1007 3118 recipiatis

158 3155 218 3192 eam
233 3141 261 3192 in
277 3140 393 3205 domum,
406 3143 431 3192 ct
444 3154 492 3192 aue
505 3141 531 3191 ei
540 3153 594 3191 non
607 3137 735 3191 diceritis
756 3139 790 3206 (ll
802 3138 887 3191 Joun.
901 3140 953 3206 10).

196 3227 300 3296 (lacn.)
322 3226 453 3280 llidicula
468 3232 533 3280 srtnt
547 3227 609 3279 hoec
635 3226 792 3280 secundum
805 3225 931 3281 litteram
958 3225 1005 3280 in·

1064 3034 1283 3104 prehenduntur
1310 3036 1408 3090 omnia
1435 3037 1466 3090 in
1498 3037 1601 3091 virtuto
1631 3036 1775 3108 baptismi.
1806 3037 1910 3092 Vivens

1061 3137 1159 3191 passer
1173 3123 1203 3176 in
1217 3123 1356 3193 sanguine
1371 3123 1455 3177 occisi
1470 3122 1592 3194 passeris
1607 3124 1739 3195 tingitur,
1756 3123 1825 3194 quia
1853 3141 1911 3180 non

1062 3208 1093 3263 iu
1107 3210 1234 3264 hominis
1249 3210 1380 3281 passione
1395 3216 1518 3278 tuntum,
1543 3213 1592 3266 sed
1618 3211 1666 3266 oet
1680 3215 1708 3266 et
1722 3210 1849 3265 bominis
1861 3210 1912 3265 ba·

161 3320 327 3386 terpretata,
353 3321 420 3380 etc,
447 3329 532 3382 usque
560 3313 597 3368 acl
617 3329 654 3368 ne
671 3314 782 3369 dicatur
805 3314 841 3381 ei,
861 3316 915 3380 Qui
932 3331 1008 3384 prar-
1061 3299 1218 3370 Plifflfflffl'·

161 3403 237 3457 dicas
251 3417 304 3457 non
329 3401 492 3468 furandum,
519 3404 643 3472 furaris;
662 3405 798 3472 peccatori
819 3410 909 3458 autem
932 3404 1007 3458 dicit

161 3493 229 3544 Deus
247 3507 253 3544 :
273 3492 406 3556 Querela
424 3505 537 3544 enarras
549 3491 676 3559 Justitias
690 3492 782 3545 meus?
795 3491 880 3562 (Rom.
896 3493 938 3563 n.)

198 3581 277 3634 Vnus.
301 3581 345 3634 tr.
363 3609 397 3621 —-
425 3582 512 3636 Vestis
542 3581 630 3645 lanea,
652 3585 706 3634 etc.
724 3579 783 3649 (ln.)
813 3581 915 3643 lanea,
943 3597 1009 3650 pre·

163 3669 234 3722 tiosa
255 3674 284 3724 ct
304 3671 433 3724 animum
456 3668 660 3737 calefacientia,
687 3673 754 3737 etc,
779 3684 864 3738 usqae
892 3670 929 3724 ad
958 3669 1010 3723 sci·

163 3756 229 3811 licct
243 3764 270 3812 et
282 3758 357 3812 bona
372 3773 469 3827 opera.

200 3864 280 3918 Vnus.
309 3864 353 3917 48.
378 3891 414 3904 -
439 3865 471 3917 ln
504 3865 628 3929 stamina,
659 3867 713 3918 etc.
735 3865 871 3934 (Hieron.)
893 3863 1010 3920 Stamen

163 3952 260 4006 anima
281 3956 344 4004 est:
365 3967 431 4020 qum
458 3951 712 4014 cumtentatiouis
739 3951 801 4006 fuso
824 3950 855 4006 in
884 3952 1009 4008 liliorum

162 4039 331 4095 tenuitatem
359 4044 519 4109 torquetur,
553 4039 690 4094 firmioris
727 4039 838 4094 virtutis
869 4041 1010 4096 soliditate

163 4127 377 4198 constringitur.
416 4128 478 4182 Stat
503 4143 572 4199 ergo
600 4129 705 4196 anima,
727 4135 760 4182 ut
786 4135 883 4183 tamen
905 4135 1007 4197 erecta,

162 4217 291 4288 corporis
307 4232 407 4270 sensus
423 4216 549 4287 subjacet
576 4221 607 4271 ut
620 4222 728 4285 trama,
745 4218 801 4271 alia
824 4224 920 4273 autem
943 4223 1046 4297 suntp

163 4305 301 4375 corporis,
313 4304 370 4357 alia
380 4304 485 4358 animes
499 4310 624 4374 peccata.

199 4394 301 4466 (lsrcn.)
316 4392 370 4457 Qui
398 4393 489 4447 solum
510 4393 634 4447 litterum
658 4393 818 4462 attendunt,
846 4399 910 4459 ele,
927 4411 1011 4465 usque

163 4484 200 4536 ad
225 4481 273 4536 sed
300 4480 385 4535 etde
412 4496 524 4552 eaquae
552 4479 627 4535 circa
653 4481 774 4537 virtutes
801 4483 914 4538 evenire
943 4501 1010 4539 con-

164 4570 265 4625 suevit.

198 4677 259 4748 (lu).
276 4677 377 4747 Lepta,
401 4675 431 4729 in
455 4678 532 4729 veste
548 4675 635 4742 linea,
651 4681 717 4744 etc,
732 4693 816 4746 usque
841 4679 878 4733 ad
901 4679 931 4733 iu
946 4695 1011 4734 con·

163 4766 322 4820 versatione
337 4764 424 4835 hujus
438 4763 513 4819 vilae.

198 4854 278 4909 Pellis
305 4853 346 4906 uel
365 4851 510 4920 quidquid,
541 4856 592 4905 etc.
609 4851 676 4923 (In.)
703 4854 832 4907 Tentatlo
853 4853 1012 4910 tribulatio

163 4941 216 5009 nis,
227 4945 296 5006 etc.,
310 4954 396 5009 usque
414 4940 451 4994 acl
465 4938 600 4994 necsicut
615 4941 724 4995 munda
737 4946 846 4996 temere
863 4943 1009 5013 suscipiat.

198 5047 278 5100 Vens.
294 5045 338 5101 ta.
363 5047 444 5102 -Si
460 5046 533 5115 atta,
550 5050 601 5100 etc.
628 5046 690 5116 (ln.)
707 5047 792 5101 LXX:
818 5047 949 5104 Viniciana
971 5056 1012 5104 nt·

163 5151 214 5204 qne
226 5136 379 5203 flavescens,
397 5133 489 5195 idest,
506 5132 647 5204 superbia,
664 5150 729 5205 quae
742 5134 777 5188 ad
795 5135 939 5190 modicum
957 5138 1010 5192 llo-

162 5227 206 5276 ret
222 5238 229 5275 :
245 5221 331 5290 unda,
347 5222 421 5277 Sicut
448 5223 522 5275 olera
543 5221 689 5276 uerborum
711 5224 763 5276 cito
787 5222 911 5278 decident
924 5224 1009 5296 (Psal.

162 5313 266 5382 xxxvi),
296 5314 346 5364 aut
384 5307 551 5364 cenodoxia.
581 5310 647 5363 Vult
678 5309 756 5363 onim
794 5309 921 5366 Christus
955 5312 1011 5367 vir-

162 5403 235 5454 tutes
249 5414 309 5452 ossa
322 5397 382 5452 sine
397 5412 469 5452 vana
485 5395 589 5467 gloria.

199 5506 279 5559 Vsus.
306 5505 349 5558 56.
381 5530 418 5544 -
444 5501 596 5572 abrumpet
626 5517 695 5557 eum.
728 5503 784 5559 Per
813 5503 1013 5575 paenitentiam

1099 3388 1171 3440 Vsns
1196 3392 1222 3441 7.
1255 3419 1289 3426 -
1318 3390 1421 3458 Septies
1447 3394 1477 3443 ut
1491 3389 1556 3457 jarc
1577 3394 1720 3459 prtrpetur.
1752 3390 1805 3444 Pro
1821 3388 1912 3461 sepli-

1062 3475 1148 3529 lormi
1166 3475 1284 3547 Spiritu,
1310 3476 1415 3548 inquo
1440 3478 1534 3531 omnis
1556 3478 1705 3532 mundatio
1726 3484 1755 3533 ct
1781 3477 1914 3533 remissio

1065 3563 1110 3618 vel
1126 3570 1158 3618 ut
1173 3570 1313 3636 purgetur
1327 3566 1423 3619 anima
1437 3582 1454 3619 a
1469 3573 1577 3638 septem
1592 3567 1782 3621 daemonibus.

1102 3656 1138 3707 Et
1152 3653 1270 3708 dimittet
1290 3669 1437 3723 passerem.
1464 3655 1535 3720 Quia
1559 3655 1774 3726 qirodammodo
1797 3661 1916 3712 tenetur

1067 3742 1121 3795 sub
1135 3741 1377 3812 contemplatione
1393 3743 1511 3797 humani
1524 3743 1693 3798 intellectus.

1105 3829 1184 3882 Vnus.
1199 3831 1228 3887 8.
1249 3859 1284 3869 -
1303 3831 1476 3885 Vestimenta
1490 3847 1549 3885 sua.
1574 3833 1666 3902 Opera
1685 3831 1751 3885 etsi
1771 3848 1843 3903 quas
1857 3831 1914 3887 vir·

1064 3921 1139 3971 tutes
1154 3916 1297 3986 habuerit,
1312 3918 1380 3989 quia
1395 3923 1422 3972 ct
1433 3919 1482 3972 bas
1497 3925 1643 3990 peccalum
1659 3920 1770 3991 polluit.

1099 4007 1325 4076 Purificatusquc,
1351 4024 1427 4062 vere.
1453 4009 1590 4079 Superius
1615 4016 1715 4065 tamen
1738 4009 1916 4064 dictumest

1064 4094 1173 4166 lepram
1187 4096 1367 4162 mundatam,
1387 4097 1436 4151 sed
1450 4096 1490 4151 sic
1504 4097 1727 4169 intelligendum
1750 4102 1801 4165 est,
1832 4114 1916 4153 muu-

1065 4181 1127 4237 dari
1143 4189 1251 4254 aptam.

1099 4273 1194 4326 Eatra
1228 4273 1440 4329 tabernaculum.
1472 4274 1652 4331 Consortium
1693 4281 1870 4341 sanctorum,
1896 4292 1914 4332 ι

1065 4376 1123 4432 quo
1152 4360 1340 4415 excludentur
1367 4368 1537 4427 peccatores.
1565 4363 1645 4418 Unda
1670 4379 1730 4418 cum
1757 4363 1919 4433 hujusmodi

1063 4465 1109 4505 nec
1121 4451 1210 4504 cibum
1220 4465 1322 4504 sumcrc
1337 4452 1360 4518 (l
1372 4452 1432 4507 Cor.
1451 4454 1488 4519 5).

1099 4539 1183 4594 Vana.
1204 4541 1229 4592 9.
1260 4539 1440 4608 -Capillos
1468 4537 1658 4610 Cogitationes
1682 4556 1747 4612 quoe
1776 4545 1917 4596 ornatum

1064 4625 1176 4680 homini
1191 4631 1223 4679 ut
1248 4626 1391 4695 rationali,
1406 4631 1435 4682 et
1449 4627 1539 4682 multa
1560 4627 1729 4700 disceptanti
1760 4630 1912 4700 praebent:

1064 4711 1136 4765 sicut
1150 4712 1246 4783 capilli
1261 4713 1373 4785 capitis.

1099 4803 1306 4869 Etsupcrcilio.
1337 4804 1405 4867 Quae
1433 4803 1581 4858 hominem
1596 4806 1851 4876 contemplativum
1882 4805 1918 4862 de

1065 4888 1236 4943 sublimibus
1259 4896 1288 4945 et
1303 4891 1492 4947 divinioribus
1511 4893 1699 4962 constituunt,
1720 4895 1797 4966 quod
1811 4909 1912 4965 super-

1064 4977 1130 5030 cilia
1144 4977 1175 5031 in
1189 4978 1339 5034 altioribus
1349 4980 1404 5035 sita
1418 4981 1590 5052 significant.

1103 5067 1194 5120 Totius
1220 5072 1348 5137 corporis.
1382 5069 1472 5124 Etiam
1498 5071 1690 5126 verendarum
1717 5071 1855 5143 partium,
1885 5077 1920 5128 ut

1065 5155 1145 5209 nulla
1168 5163 1314 5212 remaneat
1336 5163 1466 5213 veterum
1481 5160 1700 5231 cogitationum,
1725 5167 1760 5216 ut
1774 5166 1852 5217 tolus
1867 5177 1918 5216 no·

1066 5259 1118 5297 vus
1133 5248 1162 5297 el
1176 5245 1257 5315 quasi
1272 5246 1358 5300 modo
1375 5246 1489 5316 genitus
1502 5254 1629 5303 veterem
1643 5249 1794 5305 hominem
1821 5254 1916 5319 exuat,

1067 5347 1173 5385 novum
1187 5332 1296 5388 induat.
1321 5335 1471 5398 Quomodo
1484 5337 1562 5391 euim
1576 5337 1648 5391 rasis
1668 5338 1735 5409 pilis
1759 5338 1918 5394 succedunt

1066 5419 1143 5487 novi,
1158 5420 1181 5475 si
1207 5437 1288 5476 novae
1302 5423 1490 5494 cogitationes
1504 5426 1540 5481 ad
1569 5426 1693 5483 meliora
1706 5405 1853 5499 puliulant
1867 5443 1916 5482 ve·
1940 5503 1943 5509 ἦ

1064 5508 1175 5564 teribus
1190 5510 1309 5567 massis.
1939 5523 1942 5526 “
