3892 6106
94 278 142 331 531
401 269 600 326 Walal‘ltlbl
621 270 744 326 sinant
765 270 864 326 antu.
890 270 974 326 lton,
997 269 1076 326 OPP.
1100 271 1187 325 Paris
1206 270 1231 326 1.
1255 298 1289 309 -
1309 269 1542 328 Taeneotica.
1799 273 1849 329 592
1903 320 1909 338 ,

93 415 128 453 eo
144 398 240 452 minus
255 397 290 450 ab
321 411 393 450 arcae
418 395 537 465 justitiae
569 392 679 458 cadant,
709 408 765 463 quo
788 393 1251 464 mercedemltsupcrnorumque
1276 392 1443 447 civiumnos
1469 393 1610 450 introduci
1634 393 1848 450 desideramus:

89 486 210 559 justitiae
226 501 339 556 semper
354 487 419 538 aule
432 483 530 537 oculos
550 481 668 537 habent.
996 480 1036 536 ita
1049 481 1181 536 introitus
1196 481 1225 534 in
1250 481 1400 551 templum,
1425 481 1582 552 primordia
1599 486 1705 539 nostrae
1734 499 1850 538 conver·

129 577 165 630 Et
175 577 296 645 picturas
308 575 412 627 uanos.
429 571 507 626 Facit
519 571 644 642 picturas
658 570 748 624 varias
774 569 855 640 quasi
875 586 942 641 pro·
998 569 1134 625 sionisad
1165 571 1264 636 Deum,
1295 570 1411 641 quaudo
1437 570 1468 624 iu
1503 577 1675 642 praesentem
1696 571 1849 627 Ecclesiam

94 664 236 719 minantes
249 663 283 718 de
297 662 405 732 pariete
424 665 452 715 el
466 661 655 732 egredientes,
672 675 737 714 cum
748 675 847 714 omnes
869 660 943 714 mul·
997 659 1148 713 intramus.
1165 660 1218 712 lste
1234 658 1393 729 ingressum
1410 664 1539 714 nostrum
1555 660 1589 714 ad
1616 659 1715 729 tidem,
1734 660 1785 715 ille
1803 662 1852 715 de·

94 751 192 806 itarias
201 751 338 806 virtutum
359 748 538 820 operationes
561 749 692 804 tidelibus
712 747 821 816 tribuit,
854 747 943 801 visce—
998 747 1093 819 signat
1114 747 1148 801 ad
1173 763 1261 818 spem.
1284 746 1362 802 Unde
1386 751 1482 818 postes
1509 748 1595 818 hujus
1620 748 1758 804 introitus
1779 765 1849 820 qua-

95 836 475 902 rascilicetmisericordiae,
500 834 717 906 benignitatem,
751 834 944 888 humilitatem
998 836 1161 907 drangulati
1189 839 1256 889 sunt
1275 840 1394 908 propter
1419 842 1542 906 quatuor
1579 836 1727 908 Evangelii
1751 838 1850 905 libros,

93 927 273 998 patientiam,
309 924 491 985 modestiam,
521 930 587 989 etc,
626 926 819 993 superomnia
856 928 945 977 autem
998 941 1121 996 quarum
1147 923 1276 978 doctriua
1300 922 1331 977 in
1354 923 1411 979 lide
1435 923 1562 979 veriatis
1583 925 1743 980 erudimur.
1760 928 1850 982 Postea

94 1015 266 1079 claritatem,
296 1030 356 1083 qaa’
374 1013 560 1068 estoinoalum
591 1013 766 1081 perfectionis
802 1011 868 1082 (Col.
893 1011 943 1080 nr).
998 1011 1133 1080 deligata.
1162 1011 1258 1079 (Rana,
1278 1009 1361 1079 ibid.)
1391 1009 1607 1082 Quadrangulos
1630 1017 1751 1084 propter
1780 1030 1850 1086 qua·

95 1104 144 1159 liae
159 1103 287 1168 virtutes,
313 1118 378 1157 cum
398 1102 427 1155 in
454 1106 563 1155 tantam
591 1100 687 1154 electis
709 1099 945 1154 consuetudinem
998 1105 1067 1156 trior
1095 1099 1202 1153 scilicet
1234 1097 1406 1168 principales
1435 1099 1564 1166 virtutes,
1605 1105 1670 1168 etc,
1700 1117 1788 1172 usque
1813 1102 1851 1157 nd

78 1190 235 1256 *venerint
251 1195 284 1244 ut
297 1190 468 1244 naturaliter
481 1187 574 1242 insitae
596 1186 757 1256 videantur,
781 1186 850 1259 quid
867 1186 945 1241 aliud
999 1192 1100 1260 quarta
1115 1190 1178 1258 post
1191 1185 1391 1257 prudentiam,
1420 1185 1620 1243 fortitudinem
1641 1193 1669 1244 et
1687 1193 1850 1261 temperan-

98 1295 185 1352 quam
201 1279 269 1350 quia
293 1283 324 1332 nt
344 1277 465 1349 picturae
479 1277 581 1332 domus
609 1275 724 1330 [lomiui
750 1275 946 1347 prominentes
998 1280 1081 1340 tiam,
1096 1275 1357 1347 justitiasequitur.

97 1363 489 1437 deperieteexennttouia
505 1363 728 1434 verbaetopera
746 1363 945 1419 veritatisnon
1035 1364 1173 1421 Vaasbl.
1194 1393 1228 1402 -
1257 1362 1440 1419 Attalnsecas.
1471 1363 1593 1430 Quiaad
1620 1362 1744 1421 invicem
1760 1369 1851 1440 respi-

96 1453 317 1508 adhucabaliis
343 1451 517 1506 extrinsecus
547 1450 668 1514 discunt,
704 1450 753 1506 sed
776 1451 890 1506 sibimet
900 1451 945 1506 in·
1000 1456 1134 1521 ciunt,ut
1150 1450 1494 1505 unasinealterababeri
1511 1468 1569 1506 non
1591 1453 1691 1523 possit.
1723 1454 1851 1510 litterius

98 1542 153 1596 lixa
169 1541 303 1595 radicitus
317 1545 415 1611 parata
441 1554 554 1609 semper
574 1540 610 1593 ab
624 1539 734 1594 intimis
752 1541 855 1606 cordis,
882 1557 946 1612 quae
1001 1543 1107 1598 ostium
1133 1541 1247 1596 dilectio
1275 1541 1411 1606 fraterna,
1426 1541 1547 1595 interius
1571 1540 1692 1596 divina:
1721 1543 1852 1614 quiailla

97 1636 164 1685 sunt
178 1628 344 1700 agendaval
359 1627 487 1682 docenda
508 1627 668 1698 proterunt.
698 1627 825 1682 uiximus
850 1634 946 1683 autem
1001 1631 1082 1702 prior
1108 1634 1247 1700 tempore,
1278 1627 1339 1682 haic
1368 1626 1520 1681 sublimior
1559 1627 1724 1698 dignitate:
1748 1635 1850 1702 et'per
1895 1641 1896 1646 ’

97 1716 343 1790 quodpavimenti
355 1717 511 1786 aequalitas,
527 1717 667 1770 humilem
695 1717 875 1772 concordiam
889 1717 946 1772 fra·
964 1742 984 1796 Β
1004 1718 1071 1773 llam
1088 1717 1121 1772 ad
1155 1716 1229 1770 hanc
1265 1715 1411 1769 intratur:
1441 1715 1509 1787 quia
1537 1716 1567 1770 in
1597 1732 1695 1774 amore
1728 1720 1851 1790 proximi

99 1807 242 1862 ternitatis
255 1806 416 1876 signiticat:
433 1804 484 1858 ubi
496 1821 560 1858 curn
573 1805 630 1858 sint
657 1805 748 1860 liidaei
770 1804 814 1860 vel
839 1811 949 1877 gentes,
1005 1807 1134 1873 discitur,
1149 1805 1271 1877 qualiter
1285 1803 1526 1859 conditordebeat
1539 1805 1640 1861 amari.

99 1895 215 1950 barbari
230 1899 258 1948 et
272 1893 392 1965 Scythae,
405 1893 488 1947 liberi
502 1898 531 1946 et
545 1893 628 1957 ⁴terri,
654 1893 765 1948 nobiles
798 1894 953 1965 etignobi·
1054 1896 1364 1963 Etutramqueostium.
1382 1893 1657 1965 (Bana,ibid.)0uia
1685 1896 1851 1968 inutraque

99 1983 271 2038 les:enneti
296 1998 325 2035 se
351 1982 380 2036 in
397 1982 507 2036 Christo
523 1997 584 2035 esse
607 1981 719 2049 iratres,
755 1986 783 2036 et
805 1984 949 2052 eumdem,
1004 1983 1156 2040 dilectione
1185 1983 1242 2038 duo
1268 1987 1335 2037 sunt
1358 1981 1555 2052 principaliter
1577 1983 1849 2054 observanda,etc.‚

101 2075 213 2142 patrem
238 2069 343 2124 habere
377 2071 406 2123 in
432 2070 508 2124 roelis
531 2069 699 2139 gloriantur.
725 2070 951 2127 Concordissima
1004 2071 1141 2141 usquead
1164 2071 1229 2143 quia
1257 2069 1403 2125 exstinctis
1429 2070 1551 2141 peccatis
1578 2073 1712 2127 omnibus
1725 2074 1761 2129 ad
1776 2073 1852 2129 littus

100 2160 177 2214 enim
192 2159 340 2213 humilitas
354 2174 545 2229 supernorum
571 2159 676 2212 civium
692 2159 763 2213 nulli
792 2159 877 2214 dubia
897 2166 949 2215 est.
1005 2168 1033 2218 et
1047 2161 1218 2216 soliditatem
1230 2159 1368 2214 virtutum
1391 2164 1578 2213 transeamus.

98 2248 180 2302 Texit
195 2264 262 2315 ergo
274 2247 407 2301 Salomon
422 2247 734 2314 pavimentumdomus
756 2264 826 2302 auro
845 2248 950 2303 inora-
1041 2252 1135 2320 (Bana,
1163 2249 1211 2302 nbi
1234 2250 1342 2318 snpra.)
1384 2248 1545 2302 Notandum
1574 2250 1649 2320 quod
1678 2251 1709 2305 in
1737 2267 1852 2323 egressu

100 2337 164 2391 culo
192 2335 373 2403 intrinsecus,
404 2340 433 2389 et
458 2335 489 2390 in
526 2335 634 2405 templo
663 2335 859 2390 extrinsecus:
883 2337 952 2408 quia
1005 2339 1113 2395 oraculi
1141 2338 1197 2394 duo
1227 2337 1362 2392 dicuntur
1390 2337 1475 2392 larissa
1504 2338 1587 2404 ostia,
1616 2347 1679 2404 etc,
1709 2356 1797 2411 usqne
1819 2344 1854 2397 od

99 2425 228 2481 Christus
256 2425 372 2495 angelos
395 2430 423 2479 et
443 2425 551 2479 animas
572 2424 715 2493 justorum
740 2424 770 2478 in
783 2425 871 2489 coelis,
887 2427 949 2496 ple·
1005 2430 1083 2483 aliud
1098 2427 1228 2498 mysterii
1238 2425 1482 2496 dispensationem
1498 2429 1697 2499 praefigurans.

99 2514 180 2568 nario
195 2515 269 2569 dono
284 2513 467 2583 perfectionis
490 2511 629 2582 implevit,
643 2517 672 2566 et
694 2511 911 2583 peregrinantes
920 2512 950 2565 in
1059 2521 1133 2574 Ense
1146 2517 1271 2573 inviam.
1289 2516 1338 2569 llel
1360 2515 1466 2570 ostium
1496 2517 1573 2587 quod
1589 2534 1618 2571 se
1641 2518 1763 2573 invicem
1775 2524 1851 2575 tene·

99 2605 204 2657 saecnlo
232 2604 305 2657 cives
331 2602 433 2672 patriae
460 2602 593 2669 coelestis,
620 2601 767 2672 signaculo
791 2601 951 2656 dilectionis
1005 2607 1053 2662 bat
1068 2607 1206 2676 aperitur,
1223 2620 1288 2659 cnm
1304 2620 1355 2675 per
1368 2603 1560 2660 ministerium
1589 2606 1856 2678 praedicatorisdis·

100 2696 250 2757 aeternna
271 2691 433 2745 mortalium
449 2691 557 2745 vilitate
572 2689 700 2744 secrevit.
722 2691 818 2745 Unde:
853 2692 884 2745 ln
904 2690 950 2744 boc
1005 2694 1132 2749 cernitar
1151 2694 1220 2766 quid
1237 2693 1353 2765 proprie
1367 2694 1400 2748 ad
1425 2694 1618 2765 cognitionem
1633 2696 1711 2765 lidei,
1742 2698 1855 2770 quidad

99 2785 255 2847 cognoscent
271 2795 370 2845 omnes,
400 2782 466 2848 quin
479 2779 609 2848 discipuli
630 2781 683 2832 mei
692 2781 766 2845 estis,
786 2782 812 2833 si
833 2779 953 2833 dilectio·
1004 2783 1119 2838 vivendi
1135 2783 1290 2838 castitatem
1304 2782 1455 2854 pertineat,
1472 2799 1536 2854 quae
1560 2789 1681 2857 utraque
1710 2792 1857 2859 nequeunt

100 2885 160 2924 nem
175 2868 490 2924 habueritisada'noicem
506 2869 592 2937 (toan.
622 2869 692 2935 xnr).
1005 2870 1143 2943 separari,
1160 2876 1188 2926 et
1203 2870 1280 2942 quod
1291 2887 1393 2943 parum
1408 2871 1445 2926 sit
1460 2872 1658 2943 proximorum
1686 2876 1762 2930 mala
1786 2875 1856 2930 tole·

138 2960 218 3012 Vnus.
235 2961 281 3013 al.
309 2987 344 2997 -
368 2959 407 3011 Et
429 2959 459 3011 in
484 2959 608 3024 inpressa
634 2957 748 3022 oraculi,
779 2961 831 3011 etc.
861 2957 948 3027 (Bana
1005 2975 1079 3026 rare,
1097 2959 1178 3012 eleis
1202 2959 1346 3013 bonanon
1365 2959 1560 3027 commodare,
1584 2976 1649 3015 cum
1679 2962 1741 3016 haec
1759 2961 1855 3017 certis·

101 3048 182 3114 ibid„
210 3064 271 3118 cap.
297 3046 351 3116 la.)
375 3047 451 3101 Unus
487 3051 548 3099 erat
577 3046 731 3115 ingressus,
761 3044 809 3098 sed
840 3044 952 3098 duobus
967 3086 987 3141 C
1005 3047 1076 3102 sime
1091 3048 1202 3102 soleant
1228 3047 1259 3102 in
1286 3047 1370 3101 corde
1396 3047 1587 3119 perlectorum
1619 3050 1858 3106 indissolubiliter

102 3135 182 3190 ostiis
193 3135 388 3202 claudebatur,
409 3139 474 3201 etc,
499 3149 584 3202 usque
606 3133 644 3187 od
664 3133 723 3186 imo
745 3148 844 3187 omnes
869 3132 951 3188 electi
1006 3148 1185 3202 permanere.

103 3240 154 3295 per
169 3239 248 3276 arma
264 3221 333 3275 lucis
348 3226 377 3276 et
390 3221 504 3292 pietatis
519 3221 629 3275 aditum
644 3221 699 3274 sibi
715 3221 815 3291 patriae
830 3222 951 3276 coelestis
1042 3222 1123 3274 Vens.
1140 3222 1184 3274 35.
1201 3249 1235 3259 -
1252 3221 1288 3273 nt
1308 3220 1421 3289 sculpsit
1443 3221 1590 3275 cherubim.
1614 3223 1678 3277 llaec
1700 3239 1787 3295 snpra
1809 3239 1856 3280 ex·

105 3311 248 3382 aperiunt.
889 3350 891 3355 .
1005 3306 1273 3379 positasnnt,·quia
1293 3305 1324 3360 in
1352 3306 1508 3378 perietibus
1531 3308 1644 3376 doinus,
1675 3314 1704 3364 et
1724 3311 1755 3364 in
1776 3312 1856 3367 ostiis

137 3403 190 3454 Deo
205 3398 343 3454 ostiotadc
357 3398 430 3464 tigno
457 3398 601 3451 olivarnm.
619 3397 682 3465 (ln,
710 3396 788 3459 itia]
815 3397 953 3452 lluosnnt
1005 3395 1190 3450 interioribus
1209 3394 1317 3448 eaedem
1331 3394 1499 3465 picturaercl
1516 3396 1658 3450 celatura
1671 3397 1754 3452 iactae
1769 3405 1857 3467 sunt,

103 3488 213 3555 ostiola,
228 3486 296 3558 quia
311 3486 401 3540 lleum
421 3490 450 3540 ct
479 3486 641 3556 proximam
667 3485 790 3555 diligunt
812 3487 953 3557 angeliet
1006 3484 1073 3556 quia
1092 3484 1192 3538 eadem
1234 3499 1336 3537 arcana
1364 3483 1442 3552 lidei,
1469 3483 1529 3555 spei
1555 3492 1584 3539 et
1608 3486 1765 3556 charitatis,
1792 3505 1856 3560 quae

102 3577 233 3632 homines
248 3574 447 3645 sanctiusque
457 3559 578 3643 januam
589 3574 656 3627 vitae
671 3573 727 3627 nisi
738 3589 789 3642 per
803 3575 949 3644 geminam
1005 3572 1142 3626 sublimes
1157 3570 1312 3642 etperfecti
1332 3570 1493 3626 sublimiter
1512 3573 1640 3644 capiunt,
1661 3579 1691 3628 et
1711 3591 1777 3646 quae
1793 3593 1856 3632 om·

101 3665 283 3721 dilectionem
300 3668 420 3734 possunt
434 3663 550 3716 intrare.
575 3661 624 3715 Vel
637 3660 704 3732 quia
735 3661 883 3732 utriusque
898 3679 951 3732 po·
1006 3677 1056 3716 nes
1067 3660 1149 3716 electi
1163 3662 1248 3731 plene
1262 3660 1292 3715 in
1307 3666 1415 3715 aeterna
1431 3660 1539 3715 visione
1566 3663 1741 3733 percipiunt,
1770 3666 1856 3721 etiam

101 3754 163 3826 puli
187 3753 329 3818 fidelibus,
357 3751 473 3820 Judaeis,
498 3750 614 3813 scilicet,
634 3755 663 3805 et
689 3750 823 3820 gentibus
851 3752 952 3806 eadem
1005 3749 1213 3805 catechizandis
1227 3749 1348 3803 rudibus
1370 3765 1422 3820 pro
1437 3766 1489 3804 suo
1509 3750 1613 3822 cuique
1640 3758 1724 3822 captu
1742 3755 1856 3810 discen·

101 3843 168 3897 sitae
179 3842 269 3913 janna
284 3845 435 3895 reseratur.
1005 3839 1081 3894 dact
1095 3837 1259 3892 conlitenda
1271 3837 1434 3904 traduntur,
1453 3842 1484 3892 ut
1505 3840 1592 3893 sacris
1617 3839 1722 3896 initiati
1751 3848 1855 3916 myste-

153 3933 296 3999 Postesquc
319 3929 488 3995 aneatorum.
519 3928 616 3981 Postea
644 3926 752 3981 babens
778 3927 949 3998 angulorum
1005 3927 1066 3994 riis,
1087 3925 1260 3997 quandoque
1276 3925 1311 3980 ad
1322 3926 1462 3997 capienda
1475 3943 1509 3981 ea
1524 3943 1588 3998 quae
1602 3927 1650 3998 pie
1662 3930 1856 4000 crediderunt,

101 4019 318 4090 quinque,quia
346 4032 406 4070 uon
442 4018 536 4070 solum
568 4013 679 4069 animas
706 4014 861 4069 electorum
886 4015 953 4070 aula
1006 4014 1186 4087 proveniant.

101 4106 343 4175 coelestisrecipit,
372 4104 420 4160 sed
443 4103 655 4174 etcorporibus
678 4101 834 4157 immortali
860 4103 952 4174 gloria
1042 4104 1123 4157 Vens.
1150 4105 1193 4158 36.
1223 4133 1258 4142 -
1286 4102 1443 4172 AEdiltcnoit
1461 4107 1572 4160 atrium.
1591 4105 1686 4176 (Bana,
1703 4107 1854 4179 ubisuprn,

100 4194 269 4266 praeditisin
291 4191 489 4262 judiciosores
513 4192 616 4261 aperit.
645 4190 773 4262 quinque
794 4191 952 4245 enimsunt
1006 4209 1068 4263 cap.
1086 4192 1140 4263 ld.)
1166 4193 1205 4246 lle
1228 4191 1358 4246 interiori
1384 4192 1457 4248 atrio
1486 4194 1612 4249 breviter
1635 4195 1776 4267 loquitur,
1791 4203 1855 4265 etc,

101 4283 345 4355 corporissensus.
363 4280 413 4334 Vel
429 4284 548 4349 uterque
562 4277 653 4350 postis
680 4278 787 4333 oraculi
817 4279 891 4333 altus
910 4284 954 4334 est
1005 4280 1142 4351 usquead
1165 4278 1240 4335 unde
1265 4280 1410 4351 sequitur:
1428 4281 1584 4351 AEdifieooit
1611 4285 1714 4338 mium
1742 4285 1855 4340 interius

101 4376 228 4446 quinque
244 4369 417 4434 cubitorum,
443 4368 511 4439 quia
533 4367 601 4420 solis
626 4366 682 4420 illis
705 4383 837 4438 supernae
852 4367 952 4438 patriae
1008 4365 1277 4437 tribnsordinidus(l
1292 4367 1352 4422 Cor.
1371 4372 1416 4430 nl.

101 4463 234 4517 introitus
254 4458 399 4531 panditur,
429 4457 480 4528 qui
504 4455 639 4510 omnibus
663 4455 793 4526 corporis
807 4462 835 4509 et
860 4433 989 4510 cordis⁰
1043 4458 1138 4512 Etano
1151 4455 1255 4510 ordine.
1270 4454 1350 4509 Unus
1364 4454 1435 4509 ordo
1454 4455 1599 4526 lignorum
1626 4457 1703 4513 cedri
1726 4460 1803 4516 bona
1816 4468 1855 4517 est

101 4551 231 4607 sensibus
245 4546 366 4603 Domino
380 4545 507 4599 serviunt
522 4560 528 4598 :
545 4543 673 4612 corporis
702 4543 808 4598 scilicet
823 4560 888 4598 cum
904 4560 955 4615 per
1008 4544 1136 4616 operatio
1151 4546 1212 4598 sine
1227 4544 1411 4615 corruptione
1427 4544 1618 4600 simulationis
1637 4546 1775 4615 exhibita,
1798 4551 1856 4604 sine

101 4656 150 4695 aos
163 4636 272 4709 aliquid
288 4651 340 4708 pro
357 4634 406 4688 illa
422 4632 644 4705 aguut3cordis
666 4648 751 4700 vero,
771 4633 953 4702 cumeobrie,
1007 4634 1089 4704 cujus
1103 4633 1260 4704 adjectione
1280 4633 1361 4703 fides,
1385 4650 1459 4704 spes,
1491 4639 1519 4688 et
1551 4635 1677 4690 charitas
1704 4652 1772 4692 vera
1798 4655 1856 4694 esse

101 4733 130 4782 et
141 4727 228 4798 juste,
244 4731 273 4779 et
298 4723 344 4795 pie
370 4722 499 4791 cogitant
526 4720 562 4775 de
594 4719 636 4774 eis
650 4735 702 4790 per
727 4719 805 4792 ipsos
825 4721 954 4792 corporis
1008 4739 1065 4776 non
1078 4727 1178 4793 potest.
1196 4721 1285 4793 Ligna
1299 4721 1377 4776 enim
1391 4722 1468 4777 cedri
1485 4729 1603 4794 propter
1620 4725 1717 4780 odoris
1736 4728 1855 4797 gratiam

100 4832 200 4872 sensus
214 4829 299 4885 agere
315 4811 482 4866 decernunt.
1007 4816 1035 4866 et
1049 4810 1259 4883 imputribilem
1275 4815 1385 4865 uatnrae
1408 4810 1576 4881 potentiam,
1604 4816 1856 4885 perseverantiam,

136 4907 218 4959 Vens.
248 4905 291 4957 32.
321 4930 355 4940 —
382 4899 561 4968 Anoqtypto.
590 4898 687 4952 Posset
726 4896 780 4952 dici
807 4899 954 4968 sculptura
1006 4904 1034 4955 cl
1049 4900 1154 4953 famam
1180 4899 1235 4971 piae
1264 4898 1382 4953 actionis
1415 4898 1577 4972 designant.
1608 4901 1703 4974 Usque
1734 4905 1769 4961 ad
1804 4907 1857 4963 hoc

101 4991 219 5046 lactain
246 4991 381 5060 junctura
407 4987 580 5054 tabularum,
610 4985 659 5040 sed
691 4985 770 5056 large
800 4985 949 5055 accipitur.
1006 4988 1112 5044 atrium
1134 4988 1259 5042 universi
1286 4988 1483 5043 conscendunt
1509 4990 1601 5059 electi,
1636 4991 1687 5064 qui
1714 4993 1853 5067 tide,spe,

101 5081 196 5152 (Brea,
208 5079 290 5148 ibid.)
308 5074 456 5148 Ἀνάγλυφα
466 5074 628 5147 anaglypha
655 5074 760 5141 Graece,
795 5072 893 5129 latine
908 5073 952 5129 di·
1005 5076 1182 5130 charitateet
1210 5091 1309 5147 opere,
1335 5077 1391 5131 lico
1417 5078 1529 5148 placere
1553 5085 1702 5152 appetunt,
1728 5082 1784 5139 hoc
1799 5086 1855 5141 alta

100 5167 367 5231 cunturcaelaturae,
385 5171 450 5232 ete,
465 5179 550 5233 arsque
568 5162 606 5217 od
633 5162 738 5217 horum
760 5160 865 5217 intuitu
881 5177 949 5216 con·
1005 5164 1174 5220 meritorum
1211 5165 1302 5234 gratia
1330 5166 1537 5222 transcendant
1570 5169 1701 5240 perlecti,
1740 5188 1807 5229 cum
1827 5174 1856 5229 in

99 5255 181 5311 tinrro
196 5253 315 5326 vestigia
330 5258 425 5308 nostra
438 5252 583 5322 regimus..
1004 5257 1082 5308 tanto
1094 5254 1234 5308 virtutum
1248 5253 1374 5308 culmine
1387 5254 1552 5326 proliciunt,
1569 5261 1601 5311 nt
1624 5256 1719 5314 dicere
1745 5261 1854 5317 audito·

148 5345 229 5398 Vnae.
246 5344 289 5398 33.
310 5344 435 5411 iecitque
478 5343 509 5395 in
548 5342 673 5395 introitu.
696 5339 778 5394 Sicut
803 5339 950 5410 ingressus
1004 5341 1082 5396 ribus
1106 5341 1241 5414 possint:
1261 5345 1415 5398 imitatores
1449 5346 1503 5399 mei
1532 5350 1613 5401 estote
1652 5349 1725 5403 aaut
1746 5349 1785 5422 :et
1810 5366 1856 5419 epo

97 5432 281 5503 oraculique
304 5446 399 5486 arcam
433 5429 549 5484 Domini
585 5427 791 5500 cherubimque
819 5426 949 5499 perveni·
1003 5429 1111 5485 Christi
1144 5429 1170 5500 (l
1196 5429 1258 5485 Cor.
1287 5433 1349 5502 rr);
1379 5435 1408 5487 et
1447 5434 1564 5490 Nescitis
1592 5437 1722 5505 quonium
1749 5441 1856 5510 angeles

95 5530 154 5593 tur,
165 5521 316 5578 introitum
336 5520 398 5575 coeli
415 5517 565 5588 significat,
595 5533 652 5589 quo
690 5517 727 5573 ad
740 5516 880 5573 visionem
897 5515 948 5571 llei
999 5517 1195 5588 jadertinus,
1211 5523 1313 5586 quanto
1326 5521 1568 5587 monumentum
1586 5522 1666 5594 (ibid.
1682 5523 1732 5596 nl.
