3892 6106
139 226 190 280 11111
449 222 650 279 WALAFRIDI
670 224 792 280 stator
813 223 911 280 FULI).
935 225 1014 281 11011.
1035 224 1110 282 ΟΡΡ.
1131 225 1223 282 PARS
1241 227 1263 282 Ι.
1283 254 1318 266 -
1336 225 1562 283 Tfleolootct.
1843 232 1892 285 vro

139 366 193 422 ego
220 348 320 422 punio.
346 349 480 416 Quoniam
493 351 666 418 iniquitatem
683 364 783 414 meam,
809 354 866 405 etc.
887 351 1025 407 ContraA
1043 367 1102 407 non
1119 367 1236 422 carpum
1253 365 1306 422 per
1335 352 1465 420 spiritum
1493 355 1606 417 rectum,
1630 349 1750 418 Filium,
1768 351 1894 420 8111111111

141 455 192 495 me.
209 439 303 512 (Auo.)
318 439 386 493 Post
397 442 511 509 tergum
530 443 679 508 peccatum
709 437 819 502 habuit,
847 455 913 494 cum
942 455 990 493 rex
1043 445 1177 506 sertatum,
1200 456 1250 494 suo
1271 439 1399 508 nomine,
1422 441 1615 510 perspiritum
1632 439 1828 510 principalem,
1849 441 1895 495 Pa-

140 528 313 584 sententiam
338 526 368 580 in
392 526 520 593 divitem,
547 526 597 598 qui
624 526 721 598 rapuit
748 542 830 583 overn
853 527 989 599 pauperis
1042 530 1126 583 trem.
1164 529 1264 595 (Cess.)
1295 526 1435 599 Spiritum
1463 527 1624 599 prophetite
1659 527 1711 600 qui
1764 528 1891 584 omnibns

141 617 229 685 dedit,
246 614 353 671 oblitus
367 614 420 670 sui.
1042 615 1197 686 pretiosior
1210 620 1262 684 est,
1278 617 1367 672 robur
1390 616 1482 671 sotum
1501 616 1575 688 petit
1585 631 1645 671 non
1664 614 1787 684 auferri,
1802 620 1892 671 tacens

176 701 634 772 Vens.d.-1ibisolipeccaoi.
669 703 772 775 (1111111.)
797 703 880 759 Solus
911 704 988 761 enim
1044 703 1211 759 decateris.

143 790 384 862 illejustepunit,
400 790 450 861 qui
467 792 625 846 nonhabet
640 790 670 847 in
687 793 817 864 ee,quod
837 795 990 863 reprehen·
1077 793 1157 848 Vens.
1176 795 1218 848 15.
1235 823 1271 832 -
1298 792 1412 848 Docebo.
1440 792 1539 859 (ibid.)
1563 791 1639 858 Quid
1658 792 1813 848 restitutus
1835 809 1894 865 per-

141 881 233 947 datur,
251 879 298 933 hic
309 883 352 934 est
364 878 440 933 inter
458 879 590 934 homines
604 881 681 934 solus
696 880 837 936 Christus.
850 881 914 936 Tibi
926 882 987 936 soti.
1043 881 1147 948 solvat3
1158 881 1240 952 prius
1253 880 1380 952 plorans,
1393 881 1454 950 jain
1470 879 1503 934 fit
1517 880 1625 936 doctor.

141 966 242 1038 (Cass.)
272 966 343 1031 Quia
366 982 415 1021 rex
440 967 574 1023 omnibns
600 968 740 1039 superior,
769 974 913 1023 tantuma
934 971 989 1024 [teo
1078 970 1160 1025 Vens.
1194 972 1286 1024 16.-
1307 973 1346 1025 111
1373 968 1562 1036 sanguinibus.
1590 969 1689 1037 (ibid.)
1709 967 1786 1034 Quia
1809 970 1895 1024 multa

139 1055 304 1127 puniendus
314 1058 366 1109 est.
379 1055 474 1111 Coram
495 1060 529 1110 te.
544 1055 616 1120 Quia
628 1057 734 1127 ubique
748 1073 807 1112 esse
823 1058 887 1125 soit,
911 1058 990 1113 unde
1043 1057 1249 1112 suntcarnalia
1276 1061 1401 1127 peccata,
1434 1063 1500 1124 ete,
1516 1072 1601 1129 usque
1621 1058 1661 1113 ad
1688 1073 1759 1130 qum
1787 1056 1822 1112 dc
1838 1074 1895 1113 cor·

141 1160 171 1200 se
187 1142 704 1215 arguit,qnineopraesentepeccare
720 1161 779 1199 non
799 1145 925 1200 erubuit.
956 1148 991 1201 Ut
1042 1144 1484 1215 ruptionecarnisetsanguinis
1502 1145 1632 1200 veniunt.
1650 1148 1799 1202 iustitiam
1814 1151 1893 1201 tuam

134 1234 375 1304 justificataetc.
394 1233 480 1302 Cujus
504 1233 663 1288 verbanon
686 1238 847 1303 transeunt,
873 1234 989 1289 111111111-
1043 1233 1138 1302 (ibid.)
1156 1233 1299 1288 iustitiam
1321 1233 1429 1301 laudat,
1458 1250 1523 1288 cum
1535 1234 1636 1306 pietati
1651 1235 1775 1290 deberet
1795 1235 1895 1306 gratias

139 1323 266 1393 plentur.
293 1323 393 1377 Vincas
417 1337 477 1375 cum
497 1321 645 1390 judicaris.
662 1323 737 1376 Deus
750 1328 844 1377 tantae
869 1321 990 1393 justitia
1043 1337 1146 1392 agere;
1159 1324 1208 1378 sed
1232 1326 1260 1377 et
1270 1322 1390 1394 justitiae
1401 1321 1456 1376 init
1478 1322 1665 1378 confitentem
1689 1323 1855 1396 suscipere;
1869 1328 1894 1377 et

140 1414 193 1480 est,
208 1414 367 1479 etc.,usque
382 1409 464 1464 adut
484 1409 577 1464 vincat
591 1409 668 1465 inter
681 1426 711 1465 se
731 1414 759 1466 et
785 1426 863 1478 cum,
879 1410 903 1465 si
913 1411 989 1482 judi·
1044 1409 1090 1465 hae
1118 1410 1183 1464 duae
1202 1426 1248 1465 res
1271 1427 1387 1481 semper
1414 1411 1445 1465 in
1469 1410 1579 1482 judicio
1602 1411 1722 1467 Domini
1756 1412 1894 1484 adjuncta

142 1503 252 1555 centur.
1043 1502 1120 1553 sunt.

179 1584 1025 1680 111111111111.)11111111111111111111111111111111111111,Β
1080 1588 1165 1642 Vnus.
1183 1590 1226 1643 17.
1245 1616 1277 1628 -
1294 1588 1414 1644 Laudem
1438 1594 1523 1646 tuom
1538 1592 1632 1657 (Aoo.)
1645 1589 1732 1654 Quod
1749 1605 1797 1645 me
1820 1605 1894 1645 crea·

141 1681 207 1743 ete,
223 1674 364 1746 usquead
387 1675 514 1746 eoquod
538 1677 597 1729 tam
619 1675 744 1745 graviter
759 1676 850 1731 Deum
865 1675 990 1730 offende-
1044 1672 1097 1741 sti;
1113 1674 1191 1744 quod
1218 1680 1384 1746 peccantem
1408 1693 1465 1732 non
1488 1677 1646 1749 reliquisti;
1661 1677 1743 1750 quod
1767 1678 1896 1734 contitcri

140 1769 195 1820 rat.
208 1765 248 1819 Et
262 1767 366 1818 oiuoas.
385 1761 480 1833 (Auo.)
504 1762 553 1817 Vel
570 1762 642 1817 adeo
665 1764 761 1834 justus
781 1779 820 1832 es,
851 1768 884 1818 ut
895 1767 991 1819 vincas
1045 1762 1196 1830 monuisti;
1213 1764 1291 1835 quod
1305 1765 1459 1820 mundasti.

141 1851 301 1916 diabolum,
315 1854 345 1904 et
359 1854 492 1918 mortem,
509 1856 537 1905 ct
556 1849 681 1920 luteos,
708 1866 773 1906 cum
785 1850 923 1922 judicaris
939 1868 946 1907 ε
962 1855 991 1907 et
1081 1852 1162 1906 Vens.
1192 1855 1235 1907 19.
1259 1883 1295 1894 -
1328 1853 1498 1924 Sacrificium
1516 1856 1582 1910 Deo.
1608 1855 1713 1923 (Cass.)
1738 1855 1824 1920 0111111
1851 1855 1896 1910 ilio

141 1939 302 2011 injudicio,
314 1938 521 2011 quojudicatns
537 1954 576 1992 es.
698 1922 704 1937 '
1044 1942 1173 2009 tempore
1200 1956 1252 2010 pro
1283 1940 1443 2012 expiatione
1482 1941 1654 2013 ponebatur.
1683 1944 1896 2000 contribulatam

176 2031 258 2085 Vnus.
275 2032 303 2081 7.
327 2056 363 2067 -
382 2028 414 2082 111
432 2027 640 2097 iniquitatibus.
660 2026 756 2098 (Cass.)
781 2025 919 2083 ltinniter
945 2027 990 2082 in·
1043 2024 1137 2093 (ibid.)
1166 2026 1258 2081 Laetns
1279 2033 1309 2083 et
1333 2028 1455 2086 lascivus
1487 2028 1606 2101 spiritus
1635 2030 1749 2102 obligat
1771 2037 1894 2104 peecata

141 2116 219 2172 vidia
232 2115 352 2188 peccati,
368 2115 622 2186 eto.,uspueadde
636 2131 695 2171 uno
707 2114 839 2186 arguitur
851 2121 880 2171 et
893 2115 990 2172 omnia
1044 2111 1181 2183 Sequitur
1206 2115 1291 2186 hujus
1321 2117 1453 2173 sacrificii
1472 2118 1627 2190 promissio
1659 2135 1666 2174 :
1704 2120 1757 2176 Cor
1795 2121 1892 2175 contri·

142 2205 303 2261 confitetur.
1044 2205 1110 2256 tum.

177 2296 257 2349 Vens.
271 2295 298 2348 8.
316 2321 350 2334 -
373 2294 439 2348 Ecce
461 2294 541 2360 eninr,
561 2296 616 2348 etc.
645 2291 738 2364 (Auo.)
761 2291 807 2348 Sic
833 2290 991 2348 misericor·
1080 2290 1160 2345 virs.
1187 2293 1232 2347 20.
1249 2322 1284 2333 -
1306 2294 1424 2362 Benigne
1452 2297 1508 2360 fac.
1534 2295 1626 2364 (ibid.)
1662 2296 1730 2353 lam
1752 2296 1889 2367 gaudens,

141 2381 218 2438 diam
239 2381 296 2449 dat,
318 2385 351 2437 ut
365 2383 459 2435 servet
484 2379 645 2447 veritatem,
669 2384 702 2435 ut
728 2394 782 2434 nec
804 2383 919 2451 peccata
934 2379 991 2434 sint
1044 2375 1079 2431 de
1092 2378 1447 2437 aediiicationeterusalem
1462 2382 1626 2454 prophetat,
1647 2384 1697 2439 nbi
1722 2384 1893 2439 sacrificinm

141 2470 286 2542 impunita
305 2469 369 2541 ejus
398 2469 444 2524 cui
468 2467 601 2540 ignoscit.
622 2467 748 2540 Ignoscit
770 2467 848 2522 enim
864 2467 992 2539 seipsum
1041 2467 1170 2538 justitiae.
1213 2472 1298 2526 ituri.
1342 2473 1418 2539 (Au.)
1458 2471 1634 2527 llunimenta
1666 2472 1894 2528 immortalitatis

141 2558 282 2630 punienti.
299 2557 489 2613 Misericordia
505 2572 575 2627 ergo
597 2556 685 2611 etiam
700 2556 833 2627 estquod
857 2556 943 2612 homo
957 2556 991 2611 li·
1046 2559 1152 2610 nostra
1164 2562 1368 2612 construantur
1380 2558 1409 2613 in
1420 2558 1488 2629 fide,
1504 2576 1565 2631 spe,
1582 2565 1611 2614 et
1620 2560 1773 2616 charitate.

142 2648 274 2715 iteratur,
288 2645 392 2701 veritos
411 2645 489 2715 qnod
503 2648 652 2715 peccatum
685 2643 814 2716 punitur.
831 2647 990 2714 Veritatem,
1082 2643 1162 2698 Vens.
1187 2648 1231 2699 11.
1252 2676 1287 2686 -
1316 2649 1388 2703 Tuuc
1415 2649 1568 2717 acceptabis
1596 2651 1776 2718 sacrificium.
1807 2649 1897 2718 (ibid.)

143 2740 196 2791 etc.
215 2733 314 2807 (Cres.)
325 2733 397 2800 Quia
409 2733 440 2788 in
456 2733 630 2802 confitendo,
646 2733 796 2787 veritatem
807 2733 888 2803 dixit,
904 2748 992 2805 quam
1047 2730 1127 2786 blodo
1156 2733 1329 2789 sacrificium
1360 2752 1413 2807 pro
1452 2736 1616 2808 iniquitate,
1656 2742 1725 2801 ete„
1757 2752 1845 2808 usquc
1861 2737 1898 2793 ad

144 2825 220 2879 Deus
247 2821 782 2895 supermcrificiaqnaeritsupplicat
809 2821 992 2877 1111111111-
1045 2820 1113 2871 tunc
1127 2817 1240 2888 justitia
1265 2820 1321 2876 erit
1360 2821 1541 2891 sacrificium,
1584 2822 1734 2880 oblationes
1774 2823 1899 2879 mtnorcs

143 2913 212 2970 uiri.
234 2914 341 2969 locuta
357 2916 383 2966 et
400 2912 513 2967 mrutta.
528 2913 624 2980 (Aua.)
648 2910 721 2967 Sunt
748 2913 777 2965 et
793 2910 992 2982 occultaquorl
1008 2905 1029 2962 C
1047 2906 1147 2972 sancti,
1164 2908 1329 2976 holocausta,
1349 2911 1476 2981 perlecti.
1538 2913 1541 2919 “

142 3000 260 3065 talibus,
287 3005 352 3067 etc,
374 3015 461 3069 usquc
483 2999 522 3053 ad
550 2999 628 3054 unde
642 2998 766 3070 magisa
790 3002 907 3070 peccate
930 3005 992 3053 erat
1086 2994 1160 3049 Tunc
1185 2998 1332 3067 imponent.
1356 2997 1454 3067 (Cass.)
1474 2999 1647 3066 Sacerdotes,
1677 3000 1783 3056 edutos
1812 2999 1897 3056 inno·

143 3089 198 3145 sibi
222 3087 389 3144 cavendum.
411 3088 531 3145 Occulta.
564 3087 664 3155 (Clas.)
679 3088 717 3141 Er
747 3086 992 3142 auctoritatema-
1047 3087 1154 3150 centes,
1177 3088 1243 3153 etc,
1259 3100 1343 3156 usque
1365 3087 1403 3142 ad
1418 3087 1516 3142 fideles
1547 3104 1601 3158 pro
1626 3092 1678 3142 tuo
1706 3088 1827 3143 nomine
1851 3104 1897 3160 pa·

147 3177 317 3244 niicstantis,
333 3175 505 3232 confidentia
515 3174 670 3231 ablutionis
681 3179 710 3229 et
721 3174 919 3230 dealbationis.
1047 3168 1160 3238 tientes,
1177 3171 1228 3227 tibi
1244 3179 1330 3229 erunt
1353 3174 1438 3248 grati.
1458 3177 1564 3233 Attare.
1578 3178 1672 3245 (Aoo.)
1688 3177 1844 3233 Coelestern
1857 3177 1899 3232 Je-

182 3267 261 3320 Vnns.
279 3268 305 3321 9.
327 3294 362 3306 -
380 3267 518 3335 Asperpes
534 3279 586 3318 mo.
600 3262 700 3330 (Cass.)
715 3262 843 3318 Secunda
867 3266 909 3316 est
923 3278 992 3317 con·
1046 3258 1183 3315 ruentem.

146 3353 265 3409 fidentia
295 3350 499 3407 misericordia
519 3351 580 3418 Dei,
604 3366 670 3423 que
686 3351 810 3405 multum
837 3355 879 3406 est
892 3350 991 3406 utilis:
1364 3377 1520 3436 PSMUS
1543 3380 1576 3435 Η

147 3451 184 3490 ne
199 3437 335 3508 subrepat
345 3437 520 3509 desperatio,
546 3453 610 3509 quae
636 3438 771 3493 omnibus
785 3438 908 3510 pcccatis
927 3453 993 3509 gra-

146 3523 209 3577 vior
236 3530 288 3580 est.
312 3527 449 3598 Hpsaopo.
467 3526 561 3592 (idid.)
583 3526 734 3581 Immolete
750 3527 889 3598 sangiune
904 3525 990 3582 intin-
1087 3519 1118 3573 ln
1139 3522 1218 3590 ineu
1236 3526 1362 3592 praeto.
1385 3522 1488 3589 (lirun,
1511 3521 1590 3591 Aoo.)
1607 3522 1687 3594 Doeg
1699 3521 1829 3594 prodidit
1844 3523 1894 3577 111-

147 3617 202 3679 cta,
223 3629 309 3684 super
327 3629 430 3685 corpus
458 3614 564 3686 leprosi
588 3615 802 3687 aspergebatur,
831 3614 995 3685 significans
1046 3615 1182 3684 vid,etc.,
1197 3625 1282 3682 usque
1301 3610 1339 3665 ad
1352 3610 1414 3665 Non
1435 3614 1479 3665 est
1498 3609 1711 3682 hicoratiopro
1726 3611 1822 3680 melis,
1849 3610 1893 3667 sed

147 3701 286 3772 sanguiue
315 3701 419 3759 Christi
454 3704 581 3758 maculas
608 3709 790 3775 peccatorum
826 3703 993 3772 abluendas,
1046 3701 1199 3776 prophetia
1214 3699 1283 3772 quid
1297 3698 1536 3754 siteisluturum.

147 3792 242 3859 (Aee.)
264 3792 409 3863 Hyssopus
438 3791 527 3847 herba
554 3791 682 3860 humilis,
709 3795 774 3858 etc.,
805 3807 890 3861 usque
913 3792 950 3847 ad
964 3791 994 3846 in
1082 3792 1164 3846 Vnae.
1189 3791 1267 3844 1.-
1292 3789 1377 3856 Deop.
1408 3787 1507 3856 (Cass)
1533 3786 1721 3842 Adversarius
1746 3787 1836 3843 David
1859 3785 1891 3841 si·

148 3878 305 3948 quibusest
323 3879 445 3947 inflatio,
471 3880 511 3935 sie
530 3879 679 3936 humilitas
706 3879 879 3951 superbiam.
908 3881 995 3950 Super
1048 3879 1165 3953 gnitlcat
1191 3875 1410 3941 Antichristum,
1437 3875 1487 3947 qui
1515 3879 1606 3930 totum
1628 3875 1729 3932 orbem
1754 3875 1892 3942 movebit;

147 3968 243 4021 niuem.
269 3967 363 4036 (thid.)
383 3968 670 4039 incomparabiliter:
697 3968 776 4023 unde
803 3973 832 4024 ct
853 3968 883 4022 in
897 3973 995 4024 monte
1049 3967 1099 4040 qui
1109 3965 1204 4021 veniet
1215 3980 1268 4036 per
1283 3963 1375 4036 signa,
1400 3968 1428 4018 et
1440 3963 1576 4018 muscula
1595 3967 1663 4019 ante
1678 3963 1838 4020 adventum
1848 3963 1890 4036 ju·

148 4053 233 4108 vestis
249 4054 354 4109 Christi
372 4055 453 4111 iulsit
466 4055 540 4110 sicut
561 4055 620 4110 nix.
1049 4055 1126 4121 dicii,
1143 4057 1172 4108 et
1185 4051 1324 4107 auxilium
1345 4068 1361 4105 a
1379 4050 1474 4117 Saule,
1496 4050 1526 4106 id
1548 4054 1600 4116 est,
1618 4067 1634 4104 a
1655 4049 1776 4106 diabolo
1789 4055 1891 4125 petens,

182 4143 266 4197 Vnus.
285 4143 328 4196 10.
352 4172 387 4183 -
400 4142 520 4198 Aeditui
542 4158 610 4200 mco.
630 4145 722 4212 (Aeo.)
749 4143 822 4198 Nota
843 4142 992 4199 humilem.
1049 4140 1194 4198 nuntiabit
1206 4139 1318 4194 venisse
1345 4138 1444 4208 David,
1457 4138 1487 4193 id
1501 4142 1553 4205 est,
1569 4138 1714 4194 Christum
1736 4139 1769 4195 in
1784 4140 1890 4196 domum

147 4229 270 4285 Audiam
285 4234 323 4299 te,
346 4234 412 4298 ete,
424 4246 509 4301 usquc
525 4230 562 4285 ad
584 4234 613 4286 et
639 4231 780 4302 quitiam
802 4231 921 4288 humilis
933 4233 995 4304 jam
1049 4227 1241 4296 Achimelech,
1256 4227 1285 4282 id
1302 4231 1354 4295 est,
1374 4226 1410 4281 ad
1438 4226 1592 4294 Eccesiam,
1621 4243 1687 4299 qum
1713 4232 1761 4282 est
1778 4243 1890 4300 regnum

147 4318 286 4372 easuttaut
295 4332 356 4373 ossa
370 4319 524 4373 humiliata.
1048 4317 1149 4373 Patris.

184 4405 265 4460 Vens.
293 4409 334 4461 11.
359 4436 394 4448 -
422 4410 522 4464 Averte
544 4408 644 4475 (esse.)
660 4408 697 4462 Ex
722 4407 895 4463 confidentia
915 4424 996 4464 secu·
1082 4404 1245 4462 Abimctecb.
1267 4404 1371 4473 (111111.)
1406 4402 1489 4472 111111;
1506 4402 1537 4458 in
1560 4402 1681 4459 Hebraeo
1703 4404 1889 4470 Achimelcrh,

149 4508 208 4559 res,
221 4493 295 4563 petit
303 4492 478 4549 deletionem
493 4493 624 4550 omnium
639 4500 823 4566 peccatorum
837 4500 865 4552 et
879 4496 995 4569 plenam
1047 4499 1210 4564 etc.,usquc
1239 4492 1277 4547 ad
1303 4507 1372 4564 ergo
1397 4491 1563 4547 Abimelecb
1578 4491 1670 4563 patris
1693 4493 1754 4548 mei
1776 4505 1889 4565 regnum

148 4579 371 4636 restitutionem.
1048 4589 1076 4639 et
1091 4580 1233 4653 significat
1243 4580 1367 4636 ludaeos,

184 4669 264 4723 Vsas.
292 4672 335 4725 to.
360 4697 395 4712 -
422 4671 459 4724 In
491 4670 639 4726 obtuitus
674 4673 750 4726 mus.
791 4671 889 4739 (ibid.)
914 4670 995 4726 Unde
1083 4672 1166 4727 Vnus.
1187 4673 1213 4726 3.
1239 4668 1366 4736 -Quid
1385 4668 1559 4736 ptomarisin
1577 4667 1697 4736 mditia,
1720 4672 1777 4725 etc.
1799 4664 1888 4737 (Cass.)

150 4755 323 4811 adulterium
349 4756 425 4811 exiit.
462 4759 494 4811 ln
521 4757 650 4829 utrisque
679 4758 817 4829 partibus,
847 4758 944 4813 anime
967 4762 996 4813 et
1048 4759 1144 4816 Prima
1165 4762 1207 4814 est
1223 4757 1345 4813 invectio
1369 4756 1399 4811 in
1428 4756 1515 4827 Doeg,
1542 4759 1573 4809 nt
1595 4754 1696 4811 fideles
1721 4759 1888 4822 corroboret,

149 4859 269 4916 corpore
286 4844 445 4900 remedium
459 4845 615 4901 curationis
635 4846 717 4917 petit,
735 4845 801 4918 quia
823 4845 854 4901 in
869 4846 909 4901 eis
928 4861 994 4917 pec·
1047 4851 1145 4902 contra
1159 4845 1367 4901 Antichristum
1377 4848 1406 4900 et
1420 4846 1482 4916 ejus
1491 4843 1655 4914 complices,

149 4931 232 4986 cavit.
259 4931 305 4988 Sic
327 4931 470 4987 desiderat
496 4932 616 5005 expiari,
653 4938 685 4989 ut
711 4933 839 4989 videatur
871 4933 912 4989 nil
938 4935 994 4989 tate
1083 4935 1167 4990 Vens.
1185 4933 1212 4989 1.
1228 4961 1264 4974 -
1278 4931 1751 5002 Cogitavit.(tbid.)1.evismeus,
1773 4945 1890 5005 preceps

147 5020 224 5074 ultra
233 5020 305 5077 veile
321 5020 508 5076 committere.
1048 5021 1145 5088 dictio,
1165 5036 1225 5076 non
1237 5025 1303 5075 ante
1317 5019 1427 5091 cogitat
1444 5035 1531 5092 quum
1542 5020 1691 5092 loquatur,
1700 5021 1782 5077 unde
1795 5038 1803 5076 :
1814 5023 1890 5077 locu

183 5108 267 5163 Vens.
300 5111 341 5165 13.
358 5139 393 5148 -
418 5109 457 5167 Ne
476 5109 609 5179 projicias
636 5125 678 5165 me
701 5109 995 5178 clamememus.)
1049 5113 1277 5168 stutorsorumest
1291 5125 1336 5165 cor
1350 5124 1448 5165 eorum.
1685 5163 1689 5172 ,

147 5196 308 5267 Apeccatis
335 5196 437 5252 taciem
460 5202 564 5266 avene,
589 5198 638 5253 sed
665 5214 817 5253 nonmea
840 5198 911 5253 iacis
933 5202 995 5266 tua,
1084 5200 1162 5256 Sicut
1186 5199 1328 5266 nouacula,
1354 5201 1406 5252 etc.
1437 5196 1528 5266 (idid.)
1556 5195 1626 5262 Quae
1650 5197 1723 5254 dum
1759 5195 1889 5271 promittit

151 5284 226 5339 unde
240 5284 339 5340 lumen
352 5289 381 5339 et
395 5285 502 5340 sanitas
516 5287 622 5341 veniat.
1048 5286 1272 5349 innovationem,
1292 5285 1393 5341 incidit
1410 5284 1451 5340 its
1477 5284 1527 5340 ille
1550 5284 1678 5351 dolosus,
1707 5287 1888 5343 Antichristus

185 5372 266 5425 Vens.
284 5373 326 5426 li.
347 5399 384 5411 -
405 5373 513 5441 Spiritu
527 5374 686 5443 principati.
714 5375 806 5442 (Auo.)
830 5373 937 5427 Notant
949 5372 997 5429 hic
1050 5374 1170 5443 scilicet,
1184 5373 1402 5437 beatitudinem,
1414 5376 1442 5427 et
1456 5372 1569 5428 occidit.

150 5458 269 5531 qnidam
301 5460 470 5517 trinitatem
494 5461 525 5516 in
551 5463 620 5532 Deo,
643 5462 694 5535 qui
717 5462 900 5535 estspiritus,
927 5478 992 5519 cum
1084 5463 1249 5518 Vens.5.—
1264 5463 1391 5519 Diteeisti
1401 5461 1549 5529 malitiam,
1574 5466 1631 5519 etc.
1649 5463 1754 5536 (Cass.)
1776 5463 1888 5521 tiendo·

1600 5744 1621 5788 0
