3892 6106
90 279 135 334 liv
671 271 797 328 atussa
816 271 1019 328 ortolanum.
1039 300 1074 310 —
1094 268 1159 326 tle.
1178 268 1283 326 aaut.
1788 275 1842 330 lid

91 400 120 454 sit
135 401 207 456 dare
232 398 364 454 libellum
380 395 492 470 repudii
505 399 533 451 at
547 394 699 450 dimittere.
719 394 752 448 ln
776 394 820 449 bis
837 397 970 451 autema
1025 395 1078 448 Per
1095 393 1256 448 ldumaeum
1286 396 1315 447 et
1337 393 1490 464 AEgyptum
1514 393 1692 464 significatur
1713 409 1841 465 presens

90 506 147 562 qne
169 488 270 544 illicite
293 487 397 542 vitiant
412 486 506 540 noluit
523 485 618 552 licere,
643 499 680 538 ue
701 482 879 539 videaturad
896 485 939 538 lu·
992 481 1060 549 vita,
1087 481 1133 536 eui
1160 479 1290 552 quamvis
1313 480 1512 535 renuntiantes
1538 481 1698 553 AEgyptiam
1725 487 1839 546 terram,

92 579 213 634 dibrium
231 576 342 642 iecisse,
372 579 401 630 et
415 574 512 647 potius
535 573 649 629 linxisse
674 573 751 644 quod
772 588 834 628 eam
850 573 937 628 duxe·
993 571 1020 627 id
1042 575 1085 626 est
1110 569 1356 625 conversationem
1372 569 1523 641 pristinam
1540 574 1568 624 at
1582 571 1840 642 concupiscentiam

92 667 132 721 rit.
162 667 221 720 Hoc
245 680 361 736 quoque
383 664 418 718 de
441 663 491 717 illa
507 662 604 735 jussit,
629 661 941 717 cuivircalamnlatus
995 660 1095 715 mundi
1118 659 1394 727 declinemus3dum
1408 663 1506 714 tamen
1520 659 1605 729 hujus
1620 660 1722 715 mandi
1740 674 1841 716 ueces-

93 754 175 810 iuerit
189 753 226 808 de
235 751 427 824 virginalibus
441 768 499 806 non
513 751 647 806 inventis.
994 747 1125 803 sitatibus
1138 747 1296 813 subdimur,
1310 762 1368 801 nou
1384 747 1504 801 omnino
1518 747 1679 819 AEgyptiam
1696 749 1840 805 uodonem

122 845 204 898 Vnus.
231 844 276 898 30.
304 870 340 882 -
367 843 436 898 Non.
463 842 545 895 Pater
568 845 666 894 noster
679 839 807 895 Christus
822 843 873 907 est,
891 855 940 894 cu·
995 835 1229 908 exstinguimus:
1260 835 1308 890 sed
1342 835 1555 908 quodammodo
1582 837 1717 907 separati,
1747 838 1842 909 quoli-

93 933 134 1002 jus
148 931 275 986 Ecclesia
298 946 372 985 uxor
393 935 453 996 est;
477 945 536 984 non
561 928 627 984 licet
645 928 755 983 homini
771 928 941 999 dignitatem
993 923 1079 978 diano
1094 924 1169 979 victu
1184 928 1213 977 et
1232 923 1334 978 vestitu
1348 923 1475 978 contenti
1489 940 1603 978 sumus:
1616 923 1699 978 tertia
1719 941 1840 997 gencra-

96 1021 172 1076 istius
185 1019 283 1091 sponsi
308 1019 462 1074 transferre
486 1018 517 1073 in
532 1033 571 1083 se,
587 1032 640 1072 nec
654 1032 788 1088 sponsam
808 1017 871 1088 ejus
884 1016 942 1070 vio
995 1012 1074 1068 tione
1097 1012 1129 1067 in
1150 1012 1303 1068 Ecclesiam
1326 1012 1484 1078 intrabunt,
1507 1012 1574 1085 quia
1589 1013 1733 1068 saecrrlaris
1748 1016 1841 1084 potest

97 1113 160 1176 lare,
176 1116 209 1165 ut
224 1124 353 1164 amorem
374 1108 435 1179 ejus
455 1110 613 1161 commutet
637 1107 666 1160 in
682 1122 722 1170 se,
737 1121 770 1160 ex
792 1106 868 1161 dono
884 1104 942 1158 vir·
995 1102 1100 1157 sanctis
1114 1102 1163 1157 ilai
1178 1102 1324 1172 conjungi,
1350 1117 1414 1157 cum
1439 1101 1561 1172 perfecte
1581 1103 1611 1156 in
1626 1104 1738 1156 Patrem
1756 1105 1786 1156 et
1799 1101 1841 1156 Fi·

99 1203 188 1253 tulum
216 1198 261 1253 vel
284 1197 489 1269 praedicatione
520 1195 634 1251 laudem
670 1210 750 1249 suam
786 1194 942 1266 querendo
996 1191 1066 1247 lium
1089 1196 1118 1246 et
1141 1190 1279 1262 Spiritum
1300 1194 1430 1245 sanctum
1443 1189 1606 1255 crediderit,
1634 1189 1677 1243 vel
1697 1204 1839 1260 cumspe,

100 1304 151 1343 non
181 1287 245 1353 llei;
269 1286 316 1341 cui
334 1286 428 1341 dicere
457 1283 613 1339 convenit:
636 1283 798 1349 Nonnobis,
816 1284 941 1349 Domine,
996 1281 1063 1347 lide,
1078 1286 1107 1335 et
1121 1280 1256 1335 charitate
1275 1284 1392 1334 ornatus
1405 1277 1501 1334 luerit.

101 1377 243 1442 nannetis,
254 1375 303 1431 sed
313 1376 418 1429 nomini
432 1371 835 1444 tuodapioriamlPsai.0111).
1032 1370 1112 1423 Vaas.
1133 1371 1160 1423 3.
1180 1398 1215 1408 —-
1239 1367 1363 1436 Quando.
1381 1366 1528 1439 Spiritales
1548 1366 1653 1422 Christi
1678 1365 1783 1420 milites
1795 1364 1841 1420 iu-

767 1451 770 1457 ’
997 1456 1091 1524 struit,
1107 1457 1212 1529 quibus
1232 1456 1301 1511 alibi
1315 1456 1440 1511 dicitur:
1457 1456 1549 1512 Omrtis
1566 1456 1658 1526 quiin
1679 1469 1764 1524 aeone
1780 1468 1842 1508 con·

397 1515 510 1572 CAPUT
530 1515 620 1570 xxm·
998 1547 1095 1613 tendit,
1110 1547 1144 1601 ab
1156 1546 1279 1601 omnibns
1289 1561 1317 1600 se
1329 1546 1446 1601 obstinet
1458 1545 1483 1616 (l
1495 1545 1555 1601 Cor.
1571 1544 1623 1614 xl).

133 1640 212 1694 Vsus.
240 1642 266 1693 l.
294 1668 328 1679 -
354 1638 413 1694 ll'on
437 1637 563 1692 introbit.
580 1636 685 1692 Omnes
699 1636 750 1708 qui
763 1638 888 1694 molliter
902 1641 943 1696 vi·
1034 1637 1072 1691 Si.
1091 1635 1184 1706 (lina,
1203 1634 1254 1690 lib.
1281 1634 1315 1689 de
1337 1634 1404 1689 bono
1430 1633 1579 1706 conjugali,
1595 1647 1658 1704 cap.
1671 1632 1730 1703 20.)
1755 1630 1843 1686 llulta

105 1734 172 1796 sunt,
188 1742 243 1782 nec
257 1726 340 1781 virile
355 1742 427 1799 opus
448 1725 610 1797 perficiunt,
625 1741 683 1780 uon
697 1730 816 1797 possunt
829 1742 943 1798 perma·
997 1724 1080 1796 ponit
1094 1725 1140 1779 lex
1153 1722 1184 1778 in
1198 1722 1383 1778 sacramentis
1395 1727 1423 1778 at
1447 1721 1558 1779 umbris
1582 1721 1756 1787 luturorom,
1774 1724 1841 1788 etc,

107 1831 161 1870 nere
182 1815 214 1870 in
237 1813 462 1886 congregatione
477 1817 642 1868 sanctorum
656 1828 709 1867 uec
723 1812 803 1884 digni
818 1818 886 1869 suut
899 1814 943 1868 in·
997 1829 1082 1884 usque
1106 1813 1144 1868 ad
1166 1811 1306 1884 nunquia
1330 1827 1434 1883 corpus
1454 1815 1599 1866 mortuom
1620 1813 1768 1881 peccatum
1790 1813 1845 1878 est,

106 1905 181 1959 troila
192 1903 277 1976 regni
286 1904 436 1968 coelorum,
452 1901 530 1973 quod
541 1900 707 1956 violentiam
717 1901 835 1972 patitur,
847 1907 875 1957 et
887 1902 944 1957 vio·
998 1904 1046 1959 sed
1063 1901 1205 1974 significat
1218 1906 1367 1972 paccatum
1386 1900 1490 1955 animae
1506 1917 1523 1955 a
1535 1899 1645 1972 justitia
1660 1899 1788 1954 deserta.

106 1993 163 2047 lenti
177 1993 320 2064 diripiunt
343 1991 424 2047 illud.
1034 1991 1147 2062 llystice
1170 1991 1283 2060 (Grac,
1298 1989 1351 2045 lib.
1371 2005 1397 2044 rx
1424 1989 1533 2057 Merui„
1556 2003 1619 2059 cap.
1644 1987 1698 2058 to.)
1715 1987 1745 2044 Si
1759 1986 1846 2054 suerit

133 2083 259 2137 Mamm.
276 2082 407 2151 Degener
436 2095 522 2134 sensu
548 2077 592 2133 val
612 2078 759 2147 moribus;
784 2079 828 2133 vel
856 2096 944 2151 quem
997 2083 1069 2136 inter
1090 2095 1136 2135 uos
1162 2081 1248 2144 tomo,
1274 2081 1323 2149 qni
1344 2082 1474 2133 nocturno
1493 2078 1624 2147 pollutus,
1650 2081 1703 2131 etc.
1728 2076 1846 2131 Noctur-

107 2169 297 2225 bnrcticorum
312 2168 435 2240 pravitas
450 2167 481 2222 in
495 2167 681 2239 perceptione
696 2172 943 2224 sacramentorum
996 2185 1068 2225 num
1083 2168 1228 2224 somnium
1249 2166 1369 2223 tentatie
1393 2168 1511 2235 occulta,
1528 2170 1594 2233 etc,
1611 2181 1696 2237 usque
1710 2165 1748 2219 ud
1766 2169 1794 2220 et
1808 2164 1844 2220 ad

109 2259 270 2331 degenerem
295 2256 377 2326 leeit;
402 2257 446 2312 vel
465 2256 538 2311 ritus
556 2255 725 2328 gentilitatis
740 2261 790 2311 aut
803 2258 944 2313 Iudaismi
997 2258 1127 2314 lidelium
1142 2257 1245 2313 merita
1257 2259 1406 2327 reparetur
1421 2253 1630 2326 praesumenda.

109 2349 258 2404 maculavit.
284 2349 311 2403 ls
325 2347 356 2403 in
384 2346 536 2402 Ecclesiam
552 2345 715 2417 recipietur,
730 2349 809 2411 {cum
832 2346 945 2421 integra
1033 2346 1113 2402 Vana.
1133 2350 1175 2401 tt.
1206 2375 1240 2386 -
1263 2343 1389 2399 Habebis.
1412 2341 1596 2414 corporalem
1621 2338 1698 2394 enim
1726 2336 1846 2393 mundi-

109 2437 150 2492 fide
164 2438 338 2508 decalogum
355 2437 426 2507 legis
440 2435 599 2495 secundum
621 2434 765 2506 Evangelii
784 2435 944 2494 institutio·
996 2435 1068 2490 tiam
1081 2434 1175 2506 diligit
1189 2435 1265 2489 Deus
1281 2449 1288 2488 :
1303 2429 1516 2504 ideo'prrecepit
1526 2428 1598 2484 nihil
1610 2428 1719 2484 loedum
1747 2442 1842 2481 rema·

109 2543 162 2581 nem
177 2525 347 2594 sanaverit,
362 2529 391 2580 et
403 2525 548 2580 carnalem
575 2524 822 2580 conversationem
837 2525 944 2597 Spiritu
999 2538 1068 2579 nere
1084 2522 1233 2578 incastris.

109 2620 190 2669 sancto
205 2615 357 2670 roboratus
378 2613 566 2680 abdicaverit;
584 2613 680 2667 unde:
697 2613 728 2669 Si
747 2614 789 2669 vis
808 2613 945 2668 advitam
1036 2611 1160 2684 llystice.
1177 2611 1294 2682 (Gara,
1317 2608 1366 2664 lib.
1391 2625 1454 2664 xxxi
1470 2609 1548 2671 llor..
1563 2622 1627 2677 cap.
1643 2604 1699 2677 ³2.)
1720 2603 1847 2659 Habebit

110 2703 214 2772 urredi,
245 2717 324 2759 seron
346 2702 479 2757 mundato
503 2703 610 2772 (llaltb.
635 2701 704 2772 xix).
730 2702 762 2756 Et
777 2700 844 2756 alibi
861 2702 945 2772 :Epo
1000 2703 1096 2768 boum,
1122 2704 1176 2755 etc.
1202 2701 1316 2755 Nature
1330 2696 1523 2769 corruptibilis
1538 2696 1664 2769 pondere
1690 2696 1846 2766 gravanea

109 2795 287 2847 trenortium:
302 2807 349 2861 per
363 2806 406 2847 me
419 2793 445 2847 si
458 2793 520 2862 quis
536 2793 623 2845 intrat
634 2790 788 2846 salvabitur
804 2789 891 2862 (ioan.
904 2791 944 2861 x).
999 2794 1105 2845 uoslrae
1123 2789 1228 2844 manlia
1241 2793 1321 2842 utero
1336 2787 1466 2858 quadam
1477 2785 1684 2858 cogitationum
1698 2781 1845 2853 superllua

134 2883 212 2936 vans.
229 2883 255 2937 3.
283 2910 314 2922 -
335 2881 502 2935 Ammonitas
523 2884 549 2934 et
573 2880 703 2935 lloabites
730 2880 825 2951 (Aac,
850 2883 944 2950 quast.
999 2878 1082 2951 quasi
1104 2877 1211 2932 ventris
1234 2891 1389 2947 gravamen
1413 2879 1577 2946 erumpunt.
1593 2874 1646 2928 Sed
1660 2877 1774 2943 portare
1791 2870 1845 2924 sub

62 2954 67 2963 ¹
109 2970 152 3041 li.)
167 2968 231 3024 lilia
244 2968 343 3038 editio,
358 2972 425 3037 etc.,
442 2983 526 3038 usqrve
541 2966 578 3023 ad
592 2966 707 3022 leminis
720 2967 945 3039 imputaverunt,
960 2968 982 3027 G
1000 2965 1094 3020 balteo
1110 2963 1247 3035 paxillum
1259 2962 1407 3029 debemus,
1419 2966 1450 3016 ut
1464 2961 1499 3015 ad
1515 2958 1766 3031 reprehendendos
1782 2973 1846 3011 nos·

108 3072 166 3127 quas
180 3071 349 3111 conservare
364 3055 539 3110 maluerunt.
1000 3052 1136 3125 metipsos
1152 3066 1266 3122 semper
1279 3048 1398 3104 accincti
1413 3053 1527 3104 scritum
1543 3049 1617 3103 circa
1632 3063 1685 3102 nos
1697 3045 1847 3100 stimulum

133 3145 272 3201 lloubites.
290 3144 442 3199 llaeretioos
471 3158 585 3215 semper
607 3142 643 3197 ab
667 3142 792 3197 Ecclesia
806 3143 946 3214 assepel-
999 3138 1403 3214 compunctionishabeamus,
1419 3138 1729 3209 quodterramnostrae
1741 3133 1848 3188 mentis

108 3234 195 3288 leudos
220 3232 375 3304 significat,
404 3231 498 3303 quasi,
524 3233 686 3286 Haereticam
722 3232 855 3286 bominem
883 3234 947 3302 post
998 3229 1176 3304 poenitentiee
1187 3229 1286 3284 dolore
1297 3226 1450 3295 confodiat,
1463 3231 1492 3282 et
1513 3226 1617 3298 quoda
1635 3225 1717 3280 nobis
1725 3222 1846 3279 latidum

108 3337 179 3377 unarn
191 3326 218 3376 ct
235 3323 351 3376 alteram
369 3322 557 3377 correctionem
579 3319 678 3375 devita.
909 3313 927 3342 ⁴
999 3311 1133 3392 erumpit,
1151 3318 1314 3374 abscondat.

135 3413 214 3466 Vsus.
231 3412 258 3466 i.
273 3440 309 3452 -
328 3412 398 3481 Quia
412 3411 557 3464 noluerunt
572 3409 648 3463 nodia
667 3423 804 3464 mcurrerc
817 3423 876 3463 cum
891 3411 944 3463 etc.
1034 3410 1115 3464 Vnus.
1139 3410 1181 3463 la.
1203 3436 1239 3448 -
1261 3408 1292 3462 ln
1315 3405 1410 3462 balteo.
1434 3405 1529 3460 Balteo
1545 3403 1623 3459 enim
1649 3417 1731 3457 renes
1757 3399 1849 3456 accin-

109 3500 225 3554 lradunt
251 3498 364 3554 llebraei
387 3499 464 3570 quod
497 3498 542 3553 hae
571 3501 670 3569 gentes
699 3497 870 3568 propinqua
890 3495 947 3553 sibi
999 3501 1118 3569 guntur,
1134 3496 1198 3552 ideo
1218 3510 1271 3566 per
1284 3493 1421 3562 balleum,
1439 3494 1522 3548 mala
1538 3489 1693 3546 voluntatis
1713 3488 1848 3544 contritio

109 3589 269 3643 creantibus
280 3587 314 3643 de
327 3587 451 3659 AEgyplo
465 3590 723 3642 occurreruntcum
735 3602 810 3657 pane
822 3590 946 3648 tantum.
999 3585 1175 3657 designatur,
1205 3585 1280 3639 uude
1300 3583 1352 3638 lob
1368 3599 1376 3638 ε
1395 3584 1518 3638 Balteum
1544 3596 1638 3650 regum
1661 3579 1795 3646 dissoluit,
1821 3582 1847 3632 et

109 3693 164 3733 cum
179 3679 288 3734 scireut
308 3694 360 3732 nos
380 3677 411 3731 in
435 3677 546 3732 desorto
563 3675 687 3730 maxime
704 3675 750 3729 siti
766 3674 905 3743 laborare,
919 3682 947 3732 et
996 3677 1144 3746 precinxit
1156 3677 1226 3742 sune
1239 3689 1315 3727 renes
1326 3687 1416 3728 eorum
1435 3671 1505 3743 (lob.
1523 3670 1563 3741 u).

109 3766 164 3822 ideo
179 3767 248 3823 huic
263 3765 458 3822 maledictioni
476 3764 598 3837 subjecti
612 3769 689 3819 sunt.
1035 3765 1121 3817 llumo
1150 3764 1261 3832 operies.
1291 3761 1416 3815 Terrena
1452 3757 1606 3830 fragilitate
1642 3756 1846 3820 considerata,

135 3857 249 3928 llystice
272 3855 423 3928 designant
448 3856 604 3920 haereticos,
635 3853 685 3926 qui
713 3853 891 3925 fugientibus
911 3853 947 3908 de
1000 3851 1096 3906 sordes
1110 3850 1248 3906 debemus
1263 3849 1385 3920 operire.

110 3946 217 4016 Egypto
230 3944 318 4016 hujus
331 3943 432 4000 mundi
456 3944 492 3999 ad
506 3959 601 3998 varam
616 3948 725 3997 terram
748 3941 948 4013 promissionis
1036 3941 1114 3993 Vnus.
1132 3942 1178 3993 15.
1199 3968 1233 3979 -
1248 3940 1306 3995 Non
1321 3937 1411 3992 trades
1423 3949 1531 3992 seruum
1555 3932 1648 4005 (Aue,
1676 3937 1772 4001 quam.
1788 3931 1847 3999 36.)

111 4033 223 4089 ollemnt
237 4049 342 4106 panem
356 4033 510 4104 pollutum,
526 4048 586 4087 uon
601 4048 674 4104 aqua
690 4031 946 4104 sapientioedulco·
1001 4028 1064 4083 Lllll
1080 4044 1087 4081 ε
1103 4029 1161 4084 Non
1186 4025 1277 4081 nudes
1296 4040 1412 4095 puerum
1435 4024 1543 4079 domino
1567 4037 1616 4076 suo
1637 4023 1686 4090 qui
1706 4021 1847 4090 appositus

111 4127 203 4188 ratum,
220 4129 249 4177 et
264 4121 328 4176 ideo
343 4122 378 4176 ab
393 4120 514 4176 Ecclesia
528 4120 645 4175 alienati
656 4125 731 4174 sunt.
1000 4120 1040 4170 est
1054 4116 1105 4170 tibi
1118 4131 1136 4169 a
1150 4115 1257 4170 domino
1269 4129 1327 4169 suo.
1345 4113 1407 4168 lion
1424 4110 1501 4184 quod
1513 4109 1654 4166 'domiuus
1669 4122 1736 4161 eum
1758 4121 1847 4176 appo—

138 4210 217 4265 Vaas.
246 4213 273 4264 5.
304 4212 453 4279 vertitque.
483 4209 555 4276 Quia
580 4225 655 4279 sape
679 4209 839 4279 persecutio
862 4223 947 4262 causa
1001 4203 1100 4272 suerit,
1121 4208 1184 4269 etc,
1204 4217 1289 4273 usque
1304 4201 1341 4258 ed
1362 4203 1417 4256 hoc
1437 4200 1569 4271 explanat
1584 4198 1683 4253 dtcens
1698 4211 1706 4249 t
1722 4193 1847 4249 Inoobis

112 4300 217 4369 majoris
231 4299 430 4371 prosperitatis
443 4303 495 4353 est.
512 4298 583 4365 Quia
597 4297 773 4366 diligentibus
789 4297 877 4352 Deum
889 4311 945 4352 om·
962 4291 986 4348 l)
1003 4293 1140 4349 habitabit
1151 4295 1180 4347 in
1190 4294 1263 4347 omni
1280 4292 1334 4347 leco
1365 4290 1412 4345 nbi
1430 4290 1567 4360 placuerit
1581 4289 1606 4342 ei
1624 4286 1654 4357 (1
1668 4286 1737 4354 Rep.
1753 4282 1846 4352 ravis).

112 4389 151 4441 nio
163 4393 340 4459 cooperantur
354 4388 384 4441 in
395 4387 492 4442 bonnm
506 4387 591 4458 (Rom.
608 4388 684 4456 vin).
1036 4384 1117 4438 Vnus.
1153 4385 1197 4437 37.
1230 4411 1265 4421 -
1292 4382 1350 4438 Non
1382 4382 1434 4434 erit
1469 4380 1611 4434 menna.
1641 4374 1722 4447 (Aua.
1751 4375 1845 4442 quast.

140 4476 217 4531 Vens.
245 4480 272 4530 7.
302 4504 337 4516 -
365 4477 425 4532 Non
460 4475 660 4531 abominaberis
692 4474 850 4530 ldumaeum.
880 4474 946 4530 ldu-
1001 4471 1056 4543 37.)
1075 4473 1137 4527 Lxx
1154 4488 1160 4527 :
1176 4472 1237 4528 Non
1261 4471 1314 4525 erit
1332 4471 1471 4533 meretrix,
1499 4473 1565 4533 ate,
1592 4479 1677 4536 usquc
1704 4462 1742 4517 ud
1771 4460 1847 4515 unde

113 4578 190 4619 naus
205 4563 381 4636 sanguineus
396 4565 441 4619 vel
456 4570 585 4619 terrenus
600 4579 714 4619 carnem
730 4564 822 4636 (cujus
836 4567 880 4618 est
892 4567 948 4618 ter·
1001 4560 1070 4632 quid
1087 4560 1170 4615 nobis
1188 4558 1342 4622 rideretur,
1358 4557 1398 4613 ibi
1412 4556 1604 4613 tractavimus.

112 4666 171 4706 rena
183 4653 314 4722 materia)
325 4652 481 4724 significat:
492 4653 651 4725 AEgyptius‚
665 4652 695 4707 id
709 4657 753 4708 est
767 4652 946 4720 tenebrosus,
1036 4650 1097 4706 Non
1110 4649 1204 4718 offeres
1227 4646 1374 4702 mercedem
1395 4645 1549 4717 prostibuli.
1581 4643 1662 4714 (dua.
1678 4643 1772 4710 quast.
1790 4635 1847 4707 38.)

112 4755 202 4812 eorpus
215 4741 389 4797 morbidum.
402 4741 523 4797 Carnem
533 4747 661 4797 nostram
672 4741 872 4796 nondebemus
882 4740 948 4796 abo·
1003 4739 1065 4794 Lllll
1081 4753 1088 4793 :
1115 4739 1175 4795 Non
1189 4737 1283 4806 offeres
1299 4776 1307 4804 ,
1334 4741 1416 4803 ate,
1443 4748 1529 4803 usque
1555 4731 1594 4787 ad
1613 4728 1766 4786 dicendum
1781 4725 1846 4792 tait,

111 4828 215 4898 minari,
239 4831 288 4887 sed
303 4829 398 4885 lovere
417 4835 446 4885 et
458 4830 620 4885 necessaria
633 4829 676 4884 illi
694 4830 834 4900 praebere,
848 4844 947 4884 curam
1001 4827 1079 4899 quod
1091 4825 1211 4882 llomiuo
1228 4823 1405 4880 abominatio
1421 4821 1465 4876 sit.

112 4920 195 4974 tamen
211 4919 274 4989 ejus
292 4919 323 4973 in
337 4918 487 4975 desideriis
508 4918 674 4974 nonfacere
692 4935 698 4973 :
716 4919 823 4986 Frater,
840 4917 946 4989 inquit,
1036 4917 1156 4970 Pretium
1166 4916 1268 4974 earnm,
1290 4911 1410 4983 rapacis.
1427 4912 1506 4965 Dona
1522 4908 1690 4978 iniquorum
1703 4921 1762 4960 non
1777 4920 1847 4975 pro·

111 5009 227 5070 trusest,
244 5007 315 5079 quia
328 5024 361 5063 ex
375 5023 571 5063 carneaumus
586 5011 615 5062 et
637 5006 743 5062 anima.
768 5006 945 5078 AEgyptium‚
1001 5005 1050 5061 bat
1075 5003 1246 5059 Altissimus.
1273 5002 1326 5068 Qui
1350 4999 1430 5070 offert
1455 4999 1619 5066 smripcium
1644 5010 1679 5049 ear
1691 4993 1848 5049 substantia

111 5092 134 5147 id
147 5099 188 5149 est
201 5110 307 5166 corpus
322 5111 381 5150 uon
397 5095 610 5163 abominemur,
625 5094 655 5150 in
674 5096 756 5165 cujus
771 5099 845 5149 terro
861 5095 946 5150 adve—
998 5107 1160 5165 pauperum,
1177 5092 1258 5162 quusi
1278 5090 1327 5159 qui
1339 5089 1462 5142 victimat
1475 5085 1563 5155 tilium
1588 5086 1619 5138 in
1640 5087 1781 5153 conspectu
1797 5097 1848 5151 pa·

111 5196 147 5237 ua
157 5183 279 5252 inimum
302 5183 400 5238 anima
420 5183 509 5250 enim,
525 5199 591 5255 quea
605 5184 746 5238 caelestem
761 5182 848 5237 habet
861 5182 948 5254 origi-
1001 5184 1053 5237 tria
1068 5181 1161 5251 (diocli.
1173 5178 1279 5246 xxxiv).

111 5285 176 5342 nem,
194 5273 403 5346 quasiadvena
422 5277 552 5328 moratur
574 5272 605 5327 in
628 5287 757 5342 corpore,
784 5272 947 5343 undaApo·
1036 5272 1117 5326 Vnus.
1147 5271 1195 5323 13.Ι
1217 5295 1251 5308 -
1271 5266 1331 5322 Non
1352 5262 1498 5331 immotis
1526 5263 1614 5329 tratri
1639 5264 1693 5315 tuo.
1724 5261 1845 5315 Usuram

110 5362 186 5416 stolus
201 5379 209 5416 ε
225 5365 297 5418 Dum
317 5375 410 5417 sumna
426 5364 458 5416 in
484 5375 604 5432 corpore,
617 5363 826 5431 peregrirmmur
850 5376 868 5415 u
894 5361 948 5416 Do·
1000 5363 1029 5414 et
1064 5357 1213 5413 avaritiam
1241 5357 1378 5420 removet,
1415 5356 1444 5407 et
1471 5351 1639 5405 charitatem
1677 5349 1845 5422 impendere

108 5450 171 5504 nino
198 5450 235 5521 (ll
260 5449 327 5503 Cor.
344 5449 380 5517 v).
396 5449 449 5515 Qui
464 5450 752 5517 nutifnerintecais,
775 5453 841 5516 ete,
861 5447 890 5503 id
905 5450 948 5502 eat
997 5447 1089 5519 jubet.

107 5537 236 5607 pauladm
255 5536 329 5594 lieni
338 5537 510 5609 spirituales.
668 5569 669 5572 =
1036 5538 1070 5592 Et
1083 5533 1216 5608 pecunia,
1239 5546 1305 5606 quea
1324 5531 1361 5588 ad
1377 5545 1493 5586 usuram
1508 5528 1571 5586 dari
1584 5526 1848 5601 prohibeturque
