3892 6106
150 235 184 291 tt
468 228 665 284 watultuut
687 226 809 283 stituit!
831 227 931 284 FUCD.
955 226 1033 283 ΜΘΝ.
1053 223 1128 281 ΟΡΡ.
1150 224 1238 281 PARS
1257 223 1276 279 l.
1297 253 1331 264 -
1350 224 1578 283 Tituotoutca

1757 240 1759 244 '
1846 232 1902 288 100

149 343 254 415 capra.)
272 340 748 412 interrogatllomiuuscain‚nou
769 319 886 408 ignarus
909 336 997 392 utdi·
1015 339 1035 393 h
1054 337 1110 392 tius
1142 340 1230 408 patet.
1260 336 1420 392 Secundum
1451 339 1523 393 Lxx.
1557 336 1686 394 «Omnis
1700 339 1750 410 qui
1765 341 1899 397 occiderit

149 438 216 500 scat,
234 431 285 486 sed
296 431 384 502 judex
397 433 430 484 ut
457 429 568 501 puniat.
587 430 679 500 Usque
699 425 782 481 hodie
805 423 906 490 ludaei,
932 438 996 478 cum

97 547 100 552 ’
148 538 201 594 per
214 520 375 591 Scripturas
389 534 439 574 eos
453 518 663 588 interrogamus
678 516 712 570 de
733 513 851 576 Christe,
878 527 995 582 respon-

149 613 258 667 deutse
269 608 376 663 nescire
391 623 455 678 qum
469 606 600 661 dicimus.
618 604 733 660 blandas
750 601 819 656 Cain
843 601 995 672 ignoratio,

149 699 313 755 ludaeorum
328 702 371 750 est
395 695 465 751 falsa
476 695 591 765 negatio
608 711 615 748 :
631 696 725 747 essent
745 706 811 744 vero
829 689 933 743 Christi
947 704 995 743 cu·

148 787 253 855 stodes,
269 785 291 840 si
306 785 390 839 corde
404 783 553 838 crederent
568 787 595 835 et
609 798 658 835 ure
673 781 839 834 faterentur.

184 877 266 931 Vnus.
284 877 327 930 10.
344 903 379 914 -
396 891 409 924 a
425 872 482 925 Vox
504 869 662 941 sanguinis,
679 888 692 920 a
720 873 773 923 etc.
791 867 893 936 Magna
907 865 997 920 virtus

144 965 275 1037 justicia,
291 979 356 1034 quar
372 960 523 1015 vindictam
539 958 648 1030 expetit
663 974 714 1029 pro
742 955 883 1027 sanguiue
912 954 995 1010 iuno·

148 1053 246 1110 centis.

185 1143 266 1196 Vana.
285 1142 327 1193 ll.
340 1166 377 1180 -
391 1160 404 1186 u
419 1138 499 1192 Nunc
524 1135 612 1205 igitur
638 1133 806 1188 maledictus
820 1133 887 1203 eris,
904 1152 917 1184 u
940 1138 993 1186 etc.

147 1231 237 1299 (Rau.)
255 1227 415 1282 Notandum
430 1226 505 1296 quod
523 1224 551 1277 in
567 1228 682 1293 peccato
710 1222 777 1277 hdre
802 1227 878 1277 terra
907 1222 994 1275 male-

147 1318 260 1372 dicitur.
276 1315 348 1371 Cain
369 1331 436 1368 vero
453 1312 643 1376 maledicitur,
668 1310 736 1383 quia
756 1311 848 1365 sciens
875 1310 994 1364 damna·

147 1408 255 1462 tionem
273 1405 373 1477 primm
392 1399 644 1475 praevaricationis.
663 1399 853 1453 fratricidium
875 1397 992 1453 addidit.

182 1496 262 1558 Vana.
276 1497 319 1549 lt.
334 1511 396 1543 -a
426 1492 506 1546 Nunc
521 1489 608 1561 igitur
624 1488 791 1543 maledictus
814 1487 881 1556 eris,
897 1506 910 1538 a
940 1494 993 1541 etc.

1052 425 1120 481 Cain
1136 431 1246 496 septem
1262 425 1400 480 vindictas
1420 427 1554 491 exsolvet,
1573 445 1587 476 a
1613 427 1709 494 idest,
1726 428 1900 502 quicumque

1051 514 1124 569 teia
1150 516 1271 587 septima
1294 515 1479 586 generatione
1510 515 1654 584 (reciderit,
1680 518 1805 573 exsolvet
1837 523 1901 574 tea

1050 603 1177 658 erriciatu
1190 620 1243 675 per
1255 611 1387 670 mortem,
1409 604 1458 675 qui
1475 620 1566 675 usque
1584 604 1621 659 ad
1635 610 1748 678 tempus
1764 606 1834 662 illud
1855 624 1901 663 re·

1051 692 1204 747 servandus
1220 709 1250 746 es
1267 693 1297 746 in
1314 691 1380 759 vita,
1410 697 1521 747 tautum
1536 693 1571 748 ad
1596 709 1721 765 poenam,
1737 710 1801 766 qum
1816 711 1901 766 poena

1050 781 1105 836 cito
1129 781 1269 850 liniretur,
1280 780 1304 834 si
1329 781 1385 835 cito
1411 781 1574 836 interlectos
1604 799 1688 837 esses.
1717 784 1759 838 lta
1778 785 1829 854 qui
1849 785 1900 841 lvr-

1049 870 1126 927 doeos
1141 869 1244 924 visibili
1269 875 1362 924 morte
1378 870 1505 942 puniret,
1530 877 1639 942 septem
1657 871 1794 927 vindictas
1808 873 1844 928 ab
1859 874 1901 929 eis

1050 959 1186 1027 auferret,
1199 957 1303 1030 quibus
1316 958 1432 1029 obligati
1449 964 1516 1013 sunt
1530 965 1651 1031 propter
1675 968 1786 1015 reatum
1815 963 1900 1018 occisi

1050 1047 1165 1114 Christi,
1180 1048 1248 1118 quia
1262 1047 1392 1101 miserias
1407 1052 1435 1102 et
1443 1047 1634 1119 dispersiones
1655 1065 1756 1104 eorum
1781 1050 1900 1106 leviaret

1050 1152 1121 1208 quas
1136 1135 1295 1206 patiuntur.

1087 1247 1097 1273 a
1116 1223 1215 1289 Omnis
1229 1223 1279 1295 qui
1293 1223 1516 1292 occideritCain,
1538 1231 1620 1281 retc.
1639 1226 1700 1280 Lxx
1717 1241 1723 1279 :
1743 1253 1756 1275 u
1783 1230 1897 1298 Septem

1048 1313 1187 1367 vindictas
1224 1313 1362 1367 exsolvet.
1392 1332 1405 1363 u
1439 1313 1551 1384 Aquila,
1579 1333 1592 1365 a
1621 1313 1861 1386 septempliciter:
1883 1338 1896 1366 a

1049 1401 1245 1472 Symmachus,
1271 1420 1285 1452 a
1310 1401 1467 1473 septulum
1501 1401 1724 1469 »Theodotiom
1749 1418 1802 1474 per
1828 1403 1897 1458 heb-

1049 1490 1200 1546 domadem
1217 1510 1230 1541 r
1246 1489 1473 1562 {interpretatum
1504 1489 1533 1544 in
1556 1506 1613 1561 quo
1636 1490 1813 1561 significatur
1830 1492 1897 1562 quia

147 1584 201 1638 Per
212 1583 305 1637 loeium
316 1596 381 1652 quse
396 1580 425 1634 in
446 1580 508 1633 loco
522 1582 590 1633 sunt
603 1576 818 1647 significantur;
835 1575 916 1646 quasi
932 1591 991 1629 ma·
1007 1619 1028 1676 B
1048 1579 1097 1634 diu
1113 1584 1140 1633 et
1153 1578 1276 1650 perlecta
1291 1579 1435 1650 punietur,
1453 1594 1488 1632 ne
1503 1579 1567 1649 quis
1582 1579 1771 1634 homicidium
1793 1580 1898 1635 airdeat

147 1672 265 1727 ledictus
278 1670 333 1725 eris
345 1669 381 1723 ab
400 1669 444 1724 his
468 1667 518 1739 qui
533 1670 601 1722 sunt
615 1682 703 1737 super
717 1671 835 1733 terram,
863 1664 912 1736 qui
928 1680 992 1734 ape-
1048 1667 1161 1723 iterare.

147 1764 269 1816 ruerunt
282 1774 314 1814 os
328 1773 412 1812 suum
441 1757 469 1811 in
499 1754 676 1810 confessione
702 1758 895 1826 peccatorum,
920 1751 992 1807 acrei·
1084 1776 1097 1807 a
1123 1756 1178 1822 Qui
1203 1755 1339 1811 occiderit
1360 1755 1439 1822 Cain,
1459 1775 1470 1804 ι
1493 1759 1547 1810 etc.
1575 1756 1716 1825 (Hieron,
1750 1760 1831 1827 epist.
1859 1757 1897 1811 od

147 1865 216 1921 pere
227 1846 409 1918 sanguinem,
423 1845 475 1918 qui
501 1844 608 1899 ellusna
622 1843 652 1898 in
667 1841 866 1897 remissionem
892 1858 992 1896 corum
1050 1846 1172 1913 Dumna)
1187 1844 1216 1901 Si
1236 1846 1300 1917 quis
1324 1849 1351 1898 te
1367 1843 1579 1899 interhecerit·
1601 1845 1765 1917 septuplum
1792 1845 1896 1916 punie-

145 1937 181 1994 de
197 1953 284 1992 manu
313 1933 512 2007 persecutoris,
537 1932 586 2004 qui
607 1932 701 1986 noluit
724 1946 784 1985 esse
811 1929 863 1984 sub
890 1930 991 1999 gravia,
1046 1940 1100 1996 tur,
1117 1953 1131 1985 a
1148 1933 1176 1989 id
1192 1937 1244 1994 est,
1260 1932 1428 2004 gravissima
1446 1932 1555 1988 ultione
1575 1933 1735 2005 punietur:
1761 1950 1820 1989 uon
1844 1934 1896 1988 de-

145 2027 193 2081 sed
206 2026 259 2081 sub
275 2027 348 2095 lege,
368 2029 401 2079 ut
414 2028 488 2078 esset
503 2020 670 2077 maledictus
692 2020 727 2075 ab
759 2019 897 2075 Ecclesia:
927 2034 992 2090 qum
1045 2021 1108 2077 buit
1124 2020 1586 2077 homooccidereeumcuilleus
1609 2022 1764 2078 resarserit
1792 2024 1894 2085 vitam,

145 2114 322 2185 inteiligitet
345 2112 471 2167 ostendit
486 2126 546 2166 esse
562 2109 769 2165 maledictum:
797 2108 848 2179 qui
866 2107 992 2163 euimex
1044 2109 1384 2182 reladpoeuamipsius,
1409 2110 1454 2165 vel
1475 2110 1511 2165 ad
1526 2111 1732 2165 correctionem
1760 2111 1883 2166 aliorum

146 2203 282 2275 operibus
296 2203 365 2273 legis
375 2207 451 2266 sunt,
466 2200 518 2255 sub
534 2199 683 2254 maledicto
697 2203 772 2252 siunt.
1081 2220 1095 2250 r
1111 2198 1164 2255 Sed
1179 2198 1273 2253 omnis
1284 2199 1335 2270 qui
1349 2198 1485 2254 occiderit
1498 2199 1577 2254 Cain.
1597 2220 1608 2249 ι
1624 2200 1713 2264 (isin,
1724 2199 1773 2254 ubi
1785 2201 1894 2268 supro.)

181 2292 260 2347 Vens.
278 2294 395 2346 ti.—r
419 2288 490 2346 Cum
515 2294 692 2358 operatua»
723 2290 780 2342 etc.
812 2286 990 2352 advocem,
1045 2289 1098 2343 Per
1112 2287 1240 2359 eclipsim
1257 2287 1420 2357 legendum,
1438 2293 1504 2348 etc,
1529 2288 1672 2357 usquead
1703 2295 1731 2343 et
1757 2288 1895 2359 impietur

144 2379 253 2436 uonad
279 2378 455 2433 intellectum
472 2376 504 2430 ht
525 2375 637 2441 relatio,
653 2373 721 2446 quia
746 2374 830 2428 aliter
844 2373 889 2428 hic
903 2378 989 2438 terra,
1044 2375 1115 2431 illud
1133 2394 1139 2431 :
1157 2396 1170 2426 a
1189 2376 1325 2446 Disperge
1339 2375 1402 2429 illos
1430 2375 1460 2430 in
1483 2376 1587 2431 virtute
1613 2382 1662 2431 tua
1679 2377 1760 2442 [Paul.
1788 2377 1857 2446 nris).
1878 2398 1893 2426 »

143 2470 228 2524 aliter
251 2483 337 2540 supra
361 2466 499 2537 accipitur
532 2480 539 2520 :
569 2464 609 2519 ibi
635 2479 688 2535 pro
711 2463 841 2530 Ecclesia,
868 2460 916 2517 hic
938 2477 990 2532 pro
1080 2464 1358 2536 (damniticam.)
1383 2463 1464 2528 Quod
1479 2464 1583 2536 Aquila
1609 2466 1705 2536 posuit
1730 2487 1742 2514 ι
1770 2471 1893 2536 septem·

144 2555 310 2627 operatione
326 2558 439 2608 terrena
453 2567 540 2624 quiam
559 2550 652 2606 adbuc
674 2550 790 2606 sudeus
816 2555 945 2616 exercet;
960 2549 990 2605 id
1043 2554 1165 2625 pliciter,
1183 2576 1195 2602 ι
1212 2557 1278 2622 ete,
1293 2567 1377 2622 usqae
1391 2553 1429 2608 ad
1442 2559 1471 2609 et
1481 2553 1589 2608 absolvi
1603 2557 1775 2611 mereretur.

142 2651 184 2700 est
197 2643 318 2699 carnalis
332 2641 521 2708 circumcisio,
535 2639 650 2712 pascha,
666 2638 826 2708 sabbatum,
843 2643 871 2693 et
885 2638 990 2693 similia
1080 2641 1265 2712 «posuitque
1283 2641 1417 2696 hominus
1442 2641 1510 2696 Cain
1535 2641 1661 2713 signum,
1680 2664 1691 2690 ι
1714 2647 1780 2707 etc,
1802 2642 1891 2714 (ism,

142 2750 207 2805 quae
222 2733 329 2787 habeut
343 2731 482 2785 occultam
509 2728 643 2784 virtutem
675 2727 870 2798 intelligendae
890 2728 989 2798 gratiae
1043 2732 1142 2798 Quart.
1157 2732 1186 2785 in
1202 2731 1278 2797 Gen,
1294 2737 1362 2785 tom.
1382 2729 1425 2800 V.)
1442 2729 1513 2785 Cum
1540 2746 1640 2785 omues
1665 2735 1765 2801 gentes
1792 2747 1809 2786 a
1830 2733 1891 2787 Ro-

142 2823 204 2892 liei,
219 2821 267 2876 sed
283 2836 340 2876 non
356 2816 542 2876 danttudaeis
557 2817 679 2872 fructum
691 2815 854 2871 uolentibus
869 2817 989 2870 transire
1043 2821 1136 2876 manis
1159 2818 1319 2890 subjugatae
1338 2819 1515 2873 transierunt
1544 2818 1574 2873 in
1603 2820 1673 2875 ritus
1688 2835 1802 2886 eorum,
1818 2837 1891 2891 gens

140 2912 175 2967 ad
192 2911 345 2967 Christum.
362 2909 457 2964 Potest
469 2907 498 2962 iu
514 2911 589 2961 terra
604 2921 670 2960 caro
688 2904 791 2961 Christi
815 2904 949 2976 intelligi,
962 2905 990 2960 iu
1010 2909 1152 2975 Cludaea,
1168 2907 1227 2963 sive
1241 2908 1293 2962 suh
1307 2908 1506 2979 gentibussire
1522 2908 1574 2963 sub
1585 2908 1753 2965 Christianis
1764 2909 1890 2981 regibus,

140 3016 198 3072 qua
210 3001 330 3054 salutern
345 3003 471 3052 nostram
491 2995 584 3050 ludaei
609 2994 801 3065 crucifigendo
827 3000 894 3050 sunt
917 3011 986 3066 ope·
1040 3012 1099 3053 nou
1127 2995 1245 3070 reliquit
1271 2996 1385 3068 siguum
1405 2995 1638 3063 circumcisionis,
1656 3002 1685 3052 et
1703 2997 1825 3052 carnalis
1839 2999 1890 3052 ob-

60 3167 63 3171 *
140 3087 201 3144 rati.
224 3088 382 3142 «Mortuus
407 3083 679 3155 esteuiurfpropter
706 3082 809 3138 delicta
835 3087 942 3149 uestra,
959 3086 986 3137 el
1040 3085 1201 3154 sonantia,
1231 3090 1297 3154 etc,
1325 3100 1410 3155 usque
1433 3085 1478 3140 od·
1497 3085 1546 3141 ubi
1564 3085 1708 3158 plantatus
1736 3091 1779 3141 est
1808 3103 1888 3159 para·

139 3174 293 3231 resurrexit
308 3171 668 3247 proplerjustificationem
683 3176 809 3226 nostram
827 3187 833 3226 :
854 3191 869 3220 a
898 3186 984 3243 quern
1040 3175 1127 3230 disus.

138 3263 207 3336 quia
221 3267 412 3334 negaverunt,
424 3259 572 3331 justificati
584 3275 643 3315 uon
661 3263 737 3314 sunt.
1075 3284 1087 3313 a
1106 3261 1245 3318 liabitarit
1260 3261 1378 3316 interra
1394 3261 1429 3317 ad
1446 3261 1616 3318 orientalem
1638 3264 1751 3336 plagam
1768 3264 1856 3319 Edeu.
1873 3288 1883 3312 ι

174 3354 298 3424 «Vagus
321 3355 349 3407 et
374 3349 555 3422 profugus»
580 3353 632 3403 etc.
658 3347 748 3418 tisun.)
778 3347 925 3420 Dispersus
955 3346 984 3401 in
1037 3352 1140 3420 (hina,
1170 3351 1218 3404 abi
1243 3351 1348 3419 supro.)
1377 3351 1461 3406 Lxx:
1493 3351 1664 3407 «habitavit
1680 3353 1711 3407 in
1727 3358 1802 3408 terra
1814 3349 1888 3406 Natd

136 3440 280 3513 gentihus,
297 3437 668 3511 profugusalliarusalem.
695 3435 758 3491 Lxx
787 3453 796 3490 ε
822 3456 836 3486 r
865 3451 984 3507 gemens
1037 3439 1160 3505 Naid,iu
1177 3438 1294 3494 Hebraeo
1323 3439 1594 3508 ttzluodtdicitur,
1616 3441 1717 3506 idest,
1745 3441 1887 3496 instabilis

136 3535 165 3586 at
173 3533 310 3584 tremens.
329 3549 341 3578 ι
359 3527 490 3592 Gemens,
505 3525 605 3581 delore
621 3523 718 3579 amissi
733 3523 831 3596 regni;
847 3531 982 3594 tremere,
1036 3533 1065 3585 et
1078 3529 1228 3584 fluctuans.
1246 3532 1274 3582 ct
1289 3530 1404 3583 incertae
1419 3528 1493 3584 sedis
1522 3530 1583 3584 Non
1598 3535 1642 3584 est
1656 3534 1731 3585 terra
1756 3529 1837 3597 Naid,
1854 3534 1886 3584 ut

56 3672 58 3679 ,
136 3616 319 3673 multitudiue
332 3613 487 3673 Christiani
502 3613 612 3686 populi,
629 3629 665 3667 ue
686 3612 833 3668 occidaris.
865 3613 984 3682 «llajor
1035 3617 1744 3689 vulgnsnnstrumprrtat,sedexpletuszeulentia
1760 3619 1885 3689 Domini,

134 3711 177 3762 est
191 3704 329 3778 iniquitas
344 3720 418 3769 mea,
433 3725 444 3754 ι
459 3706 512 3758 etc.
538 3703 657 3773 Culpam
673 3705 835 3772 exaggerat,
860 3702 908 3756 sed
934 3718 982 3755 su·
1034 3704 1103 3762 dnm
1119 3705 1175 3760 hue
1187 3704 1348 3777 atqneilluc
1363 3705 1500 3776 profugus
1516 3704 1637 3761 aberrat.

133 3795 221 3868 parba
235 3794 397 3861 confitetur,
414 3809 466 3849 nec
479 3792 593 3847 reniam
609 3789 729 3864 flagitat.
1070 3794 1149 3849 Vsus.
1181 3796 1223 3848 ll.
1260 3822 1295 3832 -
1325 3814 1336 3841 ι
1365 3792 1505 3863 Cognovit
1531 3797 1628 3848 autem
1667 3793 1738 3849 Cain
1767 3809 1885 3849 uxorem
1915 3844 1919 3851 .

170 3885 251 3940 Vens.
268 3887 358 3940 tb-
387 3900 401 3935 a
425 3880 514 3951 llajer
539 3883 582 3935 est
598 3878 735 3952 iniquitas
764 3893 841 3935 mea.
865 3877 980 3948 ·(Is1n.)
1037 3897 1181 3937 rsuamn
1200 3881 1288 3949 (isin,
1304 3881 1384 3947 ibid.)
1401 3881 1532 3952 Figurate
1547 3881 1700 3952 progenies
1715 3881 1884 3954 impiorum,

133 3975 249 4029 Peccata
277 3970 400 4045 peccatis
419 3969 555 4041 adjiciens
583 3968 724 4041 desperat,
754 3983 806 4022 uec
834 3967 921 4023 credit
950 3983 981 4023 se
1033 3969 1063 4026 in
1079 3970 1141 4042 ipsa
1161 3968 1385 4040 mundiorigine
1400 3969 1617 4025 laudamentum
1633 3970 1885 4041 quaerens,inbac

133 4062 245 4118 veniam
259 4077 341 4132 posse
351 4059 480 4132 adipisci,
500 4057 578 4130 quod
593 4063 637 4113 est
654 4055 833 4129 blasphemia
858 4055 888 4110 in
914 4055 980 4127 Spi-
1033 4058 1091 4113 vita
1114 4057 1257 4114 civitatem
1275 4057 1415 4113 exstruxit
1429 4074 1515 4129 quam
1530 4059 1641 4113 vocavit
1665 4060 1790 4125 lieuoch,
1806 4061 1882 4132 quod

131 4152 221 4207 ritum
236 4155 377 4217 sanctum,
394 4163 460 4220 qum
485 4163 542 4202 non
570 4145 728 4202 remittitur
757 4145 786 4200 in
808 4146 979 4200 hoesaecuto
1000 4146 1399 4255 ninterpretaturdedicatio,
1420 4146 1487 4217 quia
1503 4146 1530 4201 in
1546 4147 1715 4218 primordiis
1741 4147 1882 4217 dedicant,

132 4255 184 4296 nec
197 4238 227 4294 in
243 4238 338 4293 lutura
355 4237 443 4308 :quia
458 4240 541 4306 putat
552 4236 641 4290 Deum
666 4240 715 4289 aut
731 4233 807 4289 ualle
822 4233 977 4300 dimittere,
1033 4238 1103 4292 dum
1115 4236 1144 4290 in
1155 4236 1208 4291 hac
1220 4235 1278 4289 vita
1294 4251 1358 4306 qum
1372 4240 1438 4290 ante
1468 4240 1521 4301 est,
1539 4235 1633 4290 radice
1640 4253 1667 4290 ru
1693 4237 1787 4291 cordis
1801 4238 1883 4308 plan·

131 4333 253 4383 autnon
272 4342 364 4396 posse,
380 4329 519 4396 tanquam
533 4327 582 4377 aut
607 4321 704 4377 omnia
732 4337 790 4376 non
807 4321 906 4394 possit,
930 4327 980 4377 aut
1032 4329 1104 4393 taut,
1121 4323 1214 4379 utbic
1238 4324 1271 4378 ed
1296 4328 1394 4378 votum
1422 4322 1554 4390 floreant,
1577 4327 1645 4379 eta
1672 4325 1767 4380 tratura
1791 4325 1883 4397 gloria

131 4413 365 4471 inrideatsaluti.
397 4413 460 4467 Non
475 4412 565 4467 Deum
582 4409 635 4466 sibi
658 4410 765 4466 iratum
791 4426 877 4483 grave
899 4414 980 4482 putat
1032 4417 1169 4468 arescant.
1199 4411 1342 4467 Abrabam
1369 4413 1482 4467 veroin
1498 4413 1601 4467 casulis
1630 4413 1788 4479 habitabat,
1814 4415 1883 4487 quia

131 4504 181 4561 sed
194 4504 276 4559 timet
288 4519 322 4557 ne
337 4500 503 4557 inveniatur
516 4504 546 4554 et
557 4498 713 4554 occidatur.
1032 4499 1122 4555 suncti
1142 4499 1270 4571 hospitas
1302 4505 1331 4555 et
1360 4501 1526 4572 peregrinos
1550 4517 1579 4556 se
1606 4518 1667 4557 esse
1695 4509 1881 4574 cognoscunt,

167 4594 246 4648 tras.
264 4593 306 4648 ld.
331 4619 366 4632 -
393 4609 408 4641 ι
434 4589 534 4647 Omnis
561 4587 651 4659 igitur
675 4586 726 4659 qui
745 4585 977 4651 inv-auertiue»
1032 4593 1227 4660 exspectantes
1241 4587 1384 4645 civitatem
1412 4589 1567 4645 habentem
1583 4590 1804 4647 tundamentum
1831 4608 1881 4649 cu·

130 4685 184 4738 etc.
199 4678 318 4754 (Sraaa.)
332 4677 405 4746 Oraia
423 4694 458 4734 ex
481 4681 605 4732 tremore
630 4675 757 4748 eorporis
772 4681 801 4731 et
823 4675 979 4747 agitatione
1028 4677 1076 4750 jus
1091 4677 1193 4730 artilex
1208 4677 1282 4732 Deus
1297 4681 1348 4732 est.

132 4770 248 4825 luriosm
264 4768 379 4835 mentis,
394 4766 569 4839 quicumque
590 4763 730 4819 invenerit
744 4780 801 4833 me,
827 4767 980 4835 cognoscet
1069 4763 1290 4819 utitmdilicavit
1307 4765 1461 4828 civitatem,
1480 4786 1493 4817 e
1509 4771 1562 4821 etc.
1590 4768 1681 4837 (Auo,
1710 4767 1760 4825 lib.
1788 4785 1823 4823 xv
1847 4769 1881 4825 de

132 4873 179 4915 me
193 4875 274 4914 reum
288 4857 397 4914 mortis.
802 4851 806 4857 ’
1032 4854 1157 4920 ciuitate,
1171 4868 1233 4923 cap.
1250 4855 1276 4915 8,
1293 4859 1362 4909 tom.
1384 4855 1431 4908 Vll
1446 4857 1456 4924 t
1473 4854 1618 4920 Quaeritur
1636 4855 1742 4927 quibus
1765 4857 1880 4927 adjuto-

166 4947 249 5003 Vraa.
269 4948 349 5000 15-
378 4945 596 5017 «Nequaquam
624 4940 767 4997 italiet.»
792 4940 893 5005 idest,
918 4956 979 4996 non
1031 4942 1110 4998 ribus
1139 4957 1201 4996 earu
1231 4940 1426 5008 aedificaverit,
1442 4942 1465 4996 si
1481 4943 1576 5014 pluras
1597 4944 1729 4999 homiues
1743 4960 1802 4999 ηοη
1816 4945 1880 5000 irre·

132 5034 263 5090 morieris
275 5035 329 5089 cito
345 5035 419 5090 sicut
433 5039 462 5089 tu
478 5033 529 5101 vis,
546 5048 599 5104 pro
614 5029 740 5086 remedia
762 5028 804 5084 lui
826 5029 977 5095 cruciatus,
1032 5031 1091 5086 rint
1106 5045 1193 5101 quam
1212 5028 1359 5100 Scriptura
1386 5031 1464 5086 dicit.
1490 5031 1542 5087 Sed
1565 5033 1712 5088 sciendum
1732 5039 1774 5087 est
1790 5034 1881 5088 mirlto

131 5123 180 5179 sed
196 5121 331 5196 punietur
341 5121 573 5193 impersonaliter
589 5137 596 5177 ε
613 5120 641 5176 id
660 5124 712 5186 est,
729 5117 842 5189 punitio
869 5118 919 5173 llct
942 5118 977 5172 de
1031 5119 1127 5191 plures
1139 5118 1226 5172 luisse
1241 5123 1320 5188 tunc,
1337 5119 1406 5192 quia
1428 5119 1475 5175 diu
1494 5121 1615 5177 vivendo
1640 5122 1737 5192 plures
1751 5103 1882 5192 poterant

130 5209 563 5285 teseptuplum,quiaviresiu
587 5208 713 5264 cruciatu
729 5221 821 5279 usque
837 5206 872 5261 ad
887 5205 977 5278 septi·
1031 5222 1177 5278 generare.
1201 5206 1257 5262 Nec
1273 5206 1390 5276 mirum,
1410 5225 1474 5264 cum
1490 5207 1543 5264 lilii
1574 5210 1658 5265 lsrael
1683 5211 1883 5283 perquadriu·

129 5315 207 5357 mam
234 5299 464 5370 generationem,
494 5299 525 5354 in
552 5314 610 5370 qua
635 5314 652 5353 a
675 5296 796 5353 Lamech
824 5293 976 5361 occideris;
1032 5302 1236 5366 gentosannos
1250 5295 1291 5350 sic
1305 5297 1489 5370 multiplicati
1504 5295 1649 5370 leguntu'r,
1666 5305 1698 5354 ut
1715 5316 1773 5355 nou
1792 5301 1883 5372 possit

129 5405 199 5461 ergo
219 5387 313 5442 omnis
339 5385 389 5459 qui
411 5386 558 5463 occiderit,
585 5386 715 5449 subaudi,
743 5383 874 5440 liberabit
899 5388 926 5438 te
941 5382 978 5438 ab
1031 5382 1177 5440 numerari
1192 5384 1342 5440 exercitus.

130 5477 179 5535 illa
194 5475 322 5534 cruciatu
347 5474 429 5531 malae
456 5473 647 5529 conscientiae.
673 5474 724 5530 llic
748 5488 848 5529 seusus
863 5471 977 5528 criden·
1064 5473 1144 5529 Vens.
1158 5475 1200 5532 18.
1215 5504 1250 5516 -
1274 5493 1289 5528 a
1315 5476 1401 5531 Porro
1428 5474 1536 5544 Enoch,
1555 5495 1566 5524 ι
1584 5479 1635 5532 etc.
1664 5476 1803 5550 (Hieron.)
1819 5477 1879 5533 Non
