3892 6106
94 282 145 336 db'l
406 278 602 334 wtttltttul
620 277 745 335 stultu
763 276 863 334 vtttu.
884 276 966 334 nott.
986 276 1064 334 OPP.
1084 279 1172 335 PARS
1196 279 1218 335 l.
1238 306 1273 319 -
1292 276 1523 336 resolutius.
1793 283 1843 338 bit

93 407 264 470 summetur,
298 417 363 475 qnae
381 404 446 472 post
470 404 625 472 presentes
653 399 774 466 labores,
798 405 862 471 post
876 401 941 456 eni·
956 402 980 457 Α
997 399 1130 456 interiori
1156 401 1242 456 domo
1267 401 1373 456 tactum
1399 406 1451 468 est,
1474 400 1544 475 quia
1561 402 1593 458 in
1617 418 1746 476 superne
1759 404 1846 476 petria

95 506 208 547 marum
225 490 365 562 requiem,
381 489 466 559 plena
486 487 627 543 felicitatis
651 487 742 560 gloria
756 488 786 543 in
810 504 943 545 resurre-
995 490 1166 561 angelorum
1192 489 1263 545 visio
1291 495 1321 545 et
1334 491 1468 545 allocutio
1481 496 1510 546 et
1535 490 1599 564 ipsa
1616 491 1667 548 liei
1695 493 1844 563 praesentia

94 581 188 635 ctione
203 580 373 650 completur.
996 579 1178 635 revelabitur.
1206 579 1286 645 Quod
1314 579 1384 635 dicit
1408 579 1509 651 viginti
1537 580 1651 636 cubitos
1675 581 1843 649 altitudinis,

128 671 209 723 Vana.
236 669 262 721 l.
291 697 328 708 -
354 668 490 722 Portiuem
519 680 589 731 uero,
617 668 671 719 etc.
709 665 806 736 lpsum
833 666 943 722 scilicet
995 668 1136 738 parietem
1159 667 1308 723 cedrinum
1323 666 1475 739 signifieat,
1491 667 1542 740 qui
1564 669 1717 725 oraculum
1732 669 1839 727 abele

94 758 234 828 templum
260 755 337 827 quod
360 759 422 809 eret
436 769 488 824 pro
514 752 625 808 foribus
648 754 772 808 oraculi:
798 754 942 826 tripertita
996 756 1131 812 esteviori
1145 761 1288 829 segreget.

95 845 172 899 enim
198 844 254 898 fuit
272 843 387 898 fabricae
415 841 574 897 distinctio:
593 842 647 897 huc
665 847 709 897 est
736 843 861 913 porticus
875 850 942 900 ente
1032 845 1148 899 Gaeluuit
1163 845 1310 899 cherubim.
1325 843 1418 900 Habet
1433 844 1495 899 htec
1519 845 1840 914 domus‚sicutiu1le·

93 933 254 1004 templum:
278 931 326 985 et
320 946 415 1001 ipsum
432 931 597 1000 ternplum
590 947 620 985 su
636 947 693 1002 quo
713 933 803 986 elture
817 933 940 1004 tbymia-
996 948 1066 1004 gum
1082 933 1197 1005 legitur,
1214 933 1363 988 celaturas
1383 933 1552 997 eminentes,
1567 949 1635 989 cum
1650 934 1745 989 sancti
1759 951 1841 1007 opere

91 1020 186 1084 metis,
215 1035 315 1074 mensa
338 1019 550 1091 propositionis,
580 1024 608 1073 et
635 1019 840 1074 candelabrum
854 1019 942 1075 lumi
995 1021 1134 1077 virtutum
1151 1037 1207 1076 nou
1224 1021 1375 1077 inocculto
1386 1024 1481 1093 agent
1507 1021 1733 1095 sedexemplum
1753 1024 1840 1079 omui·

92 1108 136 1164 nis
152 1114 252 1163 erant:
273 1115 302 1162 et
314 1109 474 1173 orocnlum
489 1107 519 1162 id
544 1112 596 1172 est,
618 1108 752 1163 Sanctum
777 1113 942 1165 sauctorum
996 1109 1232 1180 buspraeferunt.

94 1198 224 1254 nbiarco
250 1197 415 1251 testamenti
438 1201 466 1251 et
487 1196 636 1252 cherubim
661 1202 726 1268 post
747 1198 843 1253 velum
858 1200 942 1253 eollo
1033 1199 1156 1254 Vens&
1179 1227 1215 1240 -
1233 1199 1310 1253 Fecit
1329 1213 1436 1269 quoque
1460 1199 1580 1266 domum,
1606 1203 1660 1255 etc
1692 1198 1840 1256 oraculum

93 1291 166 1343 cata.
188 1286 319 1342 Porticus
330 1302 398 1342 vero
413 1292 479 1341 unte
498 1287 640 1357 templum
658 1291 846 1354 antiquorum
870 1287 942 1357 flgu·
995 1285 1045 1341 ubi
1059 1291 1121 1342 erat
1143 1303 1208 1342 arca
1223 1286 1323 1359 viginti
1337 1286 1447 1342 cubitos
1461 1287 1586 1343 habebat
1601 1288 1632 1343 iu
1647 1287 1838 1360 longitudine,

92 1391 154 1432 rem
170 1379 262 1446 gestat
288 1374 426 1429 fidelium.
452 1374 549 1445 lpsum
574 1390 642 1429 vero
671 1374 811 1445 templum
840 1391 942 1432 eornm
995 1375 1159 1442 latitudine,
1174 1375 1337 1443 altitudine,
1362 1375 1516 1446 idestper
1540 1375 1840 1449 quadrumsquisiu

93 1464 144 1537 qui
166 1467 231 1536 pust
255 1462 483 1518 incarnationem
504 1462 620 1518 Domini
641 1462 672 1518 iu
702 1463 942 1520 muudumvene·
996 1463 1226 1536 supernapatria
1245 1463 1294 1519 ubi
1315 1478 1415 1534 regem
1432 1463 1648 1520 indecoresuo
1667 1464 1840 1521 videntem·

92 1555 168 1604 runt.
201 1551 309 1604 Domus
336 1555 434 1606 autem
458 1550 578 1606 interior
601 1550 683 1624 regui
703 1550 824 1606 coelestis
839 1554 943 1623 gaudie
995 1552 1043 1625 cti,
1073 1553 1133 1606 sula
1159 1552 1282 1606 charitas
1309 1552 1414 1607 divinoe
1439 1556 1468 1608 st
1495 1568 1629 1624 superum
1662 1553 1766 1626 gratia
1795 1569 1841 1627 pse

92 1638 221 1710 utrisque
238 1639 314 1694 dete.
956 1685 976 1740 B
996 1641 1094 1696 omnia
1107 1640 1212 1712 fulget.
1238 1641 1316 1697 Unda
1345 1641 1376 1696 in
1392 1641 1591 1713 aequantibus:
1616 1643 1744 1698 hominis
1756 1643 1840 1698 ouant

129 1727 290 1782 Notandum
320 1742 388 1800 ergo
413 1728 490 1800 quod
515 1728 639 1799 parietes
671 1728 775 1785 domus
797 1729 942 1801 lapidibus
996 1732 1138 1786 teniteum
1166 1730 1300 1799 (llchq.
1321 1728 1370 1802 vi),
1399 1730 1429 1786 id
1453 1735 1505 1798 est,
1521 1729 1629 1786 moenia
1646 1745 1782 1802 superne
1807 1729 1840 1787 ei·

92 1815 225 1887 pretiosis
241 1816 308 1872 fecti
326 1816 443 1871 fuerunt
468 1816 574 1871 tabulis
593 1817 763 1889 cypressinis
790 1819 834 1873 vel
854 1819 942 1875 cedri·
995 1817 1092 1873 vitatis
1106 1817 1353 1889 gratiecharitatis
1367 1817 1506 1890 implevit.

92 1904 138 1960 nis
152 1905 256 1974 operti,
279 1905 395 1960 leminis
416 1905 511 1959 eureis
529 1905 633 1960 vestiti.
662 1906 741 1962 bade
756 1907 786 1961 iu
810 1908 939 1979 Regum:
1032 1907 1150 1962 Talentis
1164 1910 1307 1973 sescentis,
1333 1912 1388 1963 ete.
1405 1905 1567 1963 lutulentis
1592 1906 1731 1978 ponderis
1750 1907 1839 1979 perfe-

92 1992 219 2048 Eteedro
248 1995 334 2048 omnis
362 1993 457 2048 mnes
483 1995 658 2061 vestiebatur,
683 1999 737 2050 etc.
759 1995 879 2066 Lapides
893 2010 941 2066 pa·
994 1995 1051 2049 etio
1065 2011 1131 2066 ques
1145 1995 1291 2050 eharitatis
1306 1994 1510 2067 perfectionem
1524 1995 1670 2066 exprimit,
1691 1995 1767 2051 sicut
1781 2012 1841 2066 per·

93 2079 172 2135 rietis
186 2080 230 2136 vel
259 2081 414 2151 pavimenti
428 2086 456 2137 et
479 2081 585 2137 tabulae
608 2086 636 2136 et
650 2098 753 2138 eurum
778 2087 941 2137 sanctorum
995 2080 1080 2136 fectio
1095 2081 1201 2136 senarii
1230 2098 1281 2153 per
1307 2098 1394 2154 quem
1420 2083 1602 2139 centenarius
1625 2082 1840 2155 multiplicatur,

92 2167 181 2223 vitam
205 2168 235 2222 in
251 2168 372 2223 Ecclesia
395 2155 566 2241 significant.
581 2169 699 2241 Lapides
721 2169 779 2225 vivi
793 2175 861 2225 sunt
874 2186 941 2224 sau·
995 2174 1028 2225 ut
1042 2171 1114 2225 liant
1128 2169 1262 2225 sexcenti.

92 2256 131 2313 eti
162 2256 330 2312 fortitudine
356 2257 425 2313 fidei
449 2257 479 2313 in
509 2274 598 2313 unam
632 2259 762 2330 regulum
783 2257 938 2330 conjuncti.
1031 2258 1116 2312 Vens.
1141 2261 1167 2314 9.
1184 2288 1218 2299 -
1242 2257 1296 2314 Sed
1321 2260 1460 2314 etclnuos.
1477 2258 1571 2330 (lisa.)
1589 2257 1840 2331 Quinquagenarlo

92 2346 208 2402 Tabulae
232 2362 346 2418 quoque
364 2347 488 2402 cedrinae
504 2348 546 2402 vel
562 2347 734 2419 cypressinis
758 2352 828 2402 suut
850 2346 941 2402 sancti
993 2361 1117 2400 numero
1150 2351 1331 2416 peccatorum
1355 2345 1496 2414 remissio,
1524 2352 1591 2412 etc..
1618 2361 1705 2416 usque
1730 2347 1770 2402 od
1794 2345 1842 2419 qui

91 2434 243 2490 latitudine
276 2435 420 2490 variarum
448 2436 585 2491 virtutum
621 2436 780 2491 secundum
809 2436 938 2491 donatio·
994 2435 1028 2490 ud
1050 2435 1221 2505 perfectiore
1236 2435 1405 2505 perveniens
1419 2434 1454 2490 de
1477 2433 1564 2490 clavis
1580 2434 1841 2506 perfectissimis.-

92 2538 159 2578 uem
177 2523 299 2596 Spiritus
322 2524 413 2579 saneti
425 2524 455 2578 iu
475 2525 577 2580 eadem
606 2524 661 2579 ilde
681 2524 865 2594 sibimetipsis
874 2541 941 2580 eou·
994 2525 1065 2579 tlibi
1079 2529 1170 2579 cutem
1183 2522 1322 2580 edisserere
1337 2526 1399 2588 lieo,
1415 2523 1516 2580 bouum
1529 2528 1569 2579 est
1581 2524 1666 2593 (Psoi.
1682 2530 1792 2590 mii).-

92 2611 167 2667 uexi.
203 2611 272 2666 Auri
310 2613 425 2667 lumime
458 2616 525 2667 sunt
555 2612 646 2667 saneti
678 2613 939 2684 supereminentem
1030 2612 1172 2669 tenacem
1203 2627 1317 2683 quoque.
1347 2611 1425 2669 Sicut
1452 2612 1554 2668 Sancta
1588 2617 1765 2679 sauctorum,
1796 2611 1842 2668 ubi

92 2699 218 2756 scientim
235 2701 402 2756 charitatem
433 2701 581 2767 habentes,
597 2705 625 2756 st
648 2702 734 2773 huJ'us
749 2701 858 2774 fulgore
873 2719 938 2774 gre·
994 2704 1055 2756 erat
1079 2715 1154 2767 arca,
1185 2699 1329 2755 internam
1351 2705 1513 2755 sanctorum
1543 2700 1631 2755 vitam
1661 2699 1692 2755 iu
1720 2716 1842 2770 eonspe-

92 2789 203 2845 tissime
218 2790 254 2845 ad
269 2790 390 2845 invicem
407 2791 631 2862 congaudentes.
992 2793 1040 2843 ctu
1075 2787 1276 2860 Redemptoris
1299 2787 1452 2858 signifieat,
1483 2789 1574 2845 unde:
1602 2788 1762 2845 Abscoudes
1799 2804 1841 2845 eos

127 2878 209 2933 Vens.
224 2881 251 2933 b.
266 2908 302 2920 -
323 2881 429 2936 Strauit
443 2894 547 2950 quoque
567 2882 761 2949 pauimentum,
780 2885 834 2936 etc.
860 2881 939 2937 Sicut
992 2879 1023 2932 in
1049 2877 1205 2932 abscondito
1231 2878 1317 2944 susim
1345 2882 1445 2943 tumn
1472 2877 1674 2933 conturbatione
1707 2877 1843 2932 beurim

91 2964 214 3021 latitudo
229 2967 347 3037 perietis
361 2967 392 3023 in
415 2967 504 3022 altum
519 2983 682 3039 exsurgens,
698 2974 727 3024 et
744 2969 778 3025 ad
794 2970 939 3042 laquearis
955 2965 976 3020 C
995 2965 1078 3036 (Paul.
1091 2967 1165 3034 xxx).
1183 2967 1225 3020 lte
1249 2981 1363 3020 coeuacu
1378 2966 1406 3021 la
1419 2965 1451 3020 iu
1470 2966 1527 3021 alto
1542 2966 1674 3022 eamdem
1699 2965 1800 3032 vitem,
1812 2965 1842 3021 id

92 3054 272 3125 perveniens,
308 3061 460 3127 provectus
489 3057 627 3111 virtutum
660 3057 767 3128 quibus
796 3059 885 3113 sancti
902 3059 937 3114 ed
993 3060 1037 3109 est
1051 3055 1081 3109 iu
1107 3054 1185 3110 coelis
1199 3070 1259 3109 esse
1273 3058 1372 3108 elnon
1386 3070 1417 3109 ru
1438 3055 1493 3109 hoe
1518 3055 1637 3110 mundo:
1664 3055 1743 3111 uude
1762 3055 1842 3122 :Qua

91 3142 195 3197 coelum
223 3142 403 3214 perveniunt,
429 3143 472 3197 vel
501 3148 666 3197 sanctorum
696 3144 797 3199 choros
817 3145 871 3200 sibi
887 3161 940 3217 per
992 3158 1099 3198 sursum
1127 3146 1192 3197 sunt
1220 3145 1333 3212 querite
1361 3143 1429 3214 (Cot.
1455 3145 1513 3212 nt),
1542 3143 1592 3198 ubi
1611 3143 1741 3199 Christus
1759 3143 1841 3198 estin

91 3228 169 3282 varie
185 3233 317 3299 tempora
332 3229 515 3285 succedentes
530 3230 707 3300 significant:
731 3230 771 3285 ita
790 3232 939 3303 equalitas
993 3232 1109 3287 dextera
1125 3230 1174 3285 Dei
1189 3232 1302 3287 sedans.

91 3316 247 3387 pavimenti
274 3319 442 3373 concordem
467 3334 566 3374 eorum
589 3319 792 3388 humilitatem,
821 3336 879 3391 qua
908 3321 938 3376 iu
1030 3321 1108 3375 Vens.
1138 3323 1180 3375 to.
1208 3350 1242 3360 -
1266 3321 1340 3375 Fecit
1363 3321 1456 3375 etium.
1490 3319 1581 3390 (lisa.)
1597 3320 1654 3375 Hoc
1676 3319 1707 3374 in
1731 3319 1838 3391 Regum

91 3401 144 3457 liae
158 3403 215 3457 vita
230 3405 315 3475 positi
339 3406 436 3460 sociali
458 3405 593 3461 charitate
621 3412 833 3463 conversantur.
857 3409 938 3463 Pevi·
992 3409 1107 3481 plenius
1118 3409 1234 3479 legitur,
1258 3414 1323 3476 etc,
1345 3423 1429 3478 usque
1444 3408 1481 3463 ud
1506 3407 1623 3464 denario
1647 3407 1780 3480 perpetui
1793 3423 1839 3463 re-

92 3496 223 3547 meatum
245 3494 371 3565 pretiosu
399 3512 544 3552 marmore
567 3501 689 3551 stratum
712 3496 802 3551 multo
823 3497 938 3564 decore,
992 3497 1305 3570 guiremunerandam.

92 3584 120 3633 et
133 3595 261 3636 marmor
275 3587 379 3638 tectum
409 3584 514 3640 tabulis
529 3585 668 3656 abiegnis,
685 3585 755 3658 quia
781 3585 938 3657 vitijusto·
1028 3587 1110 3640 Vsas.
1139 3590 1180 3641 tl.
1195 3614 1231 3628 -
1258 3585 1306 3640 lto
1329 3586 1430 3641 tetulo.
1453 3584 1585 3655 erinque
1601 3584 1766 3641 cubitorum
1781 3588 1838 3640 erat

91 3669 265 3739 cumprime
292 3672 359 3727 fidei
385 3672 520 3729 firmitate
548 3673 706 3728 munienda
720 3676 761 3728 est
786 3673 817 3728 in
832 3673 936 3728 eorde:
992 3675 1038 3729 ala
1052 3674 1160 3729 cherub
1174 3689 1242 3739 una,
1259 3677 1325 3743 etc,
1339 3674 1408 3745 quia
1433 3673 1528 3744 augeli
1556 3673 1650 3744 legem
1668 3673 1719 3729 liei
1741 3673 1838 3729 descri-

92 3758 301 3828 postvirtutum
316 3760 467 3817 latitudine
477 3762 607 3818 ornanda
621 3762 652 3818 iu
662 3777 759 3834 opere.
774 3762 846 3827 Quid
861 3763 939 3818 anim
992 3766 1071 3834 ptam
1086 3762 1117 3816 in
1146 3761 1274 3833 quinque
1303 3762 1383 3817 libris
1401 3762 1543 3817 indefessa
1567 3761 1720 3817 devotione
1745 3765 1836 3816 custu-

90 3846 209 3916 prodest
232 3848 317 3904 decor
344 3851 496 3906 marmoris
518 3850 622 3906 tabulis
650 3851 779 3918 obtectis,
808 3851 862 3906 nisi
885 3851 938 3906 ali·
993 3850 1084 3912 diunt,
1114 3850 1261 3921 diligendo
1281 3850 1388 3905 scilieet
1416 3851 1506 3905 Deum
1525 3865 1556 3905 ex
1583 3849 1721 3905 omuibus
1736 3849 1837 3905 viribus

93 3933 162 4006 quid
190 3937 342 4008 mysticum
368 3939 521 3995 ostendat?
536 3940 584 3995 sed
612 3940 755 3995 honorum
773 3940 940 4012 amplitudi·
993 3938 1062 4003 suis,
1077 3942 1105 3992 et
1120 3939 1415 4009 proximostauquam
1430 3938 1547 4008 seipsos.
1580 3937 1729 3994 Plenitudo
1752 3941 1836 3993 uuum

92 4038 160 4078 uem
176 4040 297 4097 operum
315 4027 485 4083 fortitudine
504 4028 571 4084 fidei
585 4027 759 4084 fulciendam
774 4028 938 4100 essssigui·
993 4029 1059 4095 legis
1074 4028 1248 4083 esteboritos
1266 4029 1355 4089 (Rom.
1372 4027 1451 4090 xiii).
1481 4025 1605 4082 Proximi
1631 4041 1749 4097 quoque
1763 4025 1836 4081 adiu·

91 4113 169 4168 licet.
183 4114 266 4169 Abies
284 4131 349 4170 vero
361 4117 417 4172 alta
431 4122 460 4171 et
473 4116 611 4172 durabilis
631 4120 758 4172 mentem
782 4117 939 4172 electorum
994 4115 1082 4170 vicem
1107 4121 1175 4170 sunt
1186 4114 1305 4186 spiritus
1324 4115 1447 4186 angelici
1462 4119 1491 4169 et
1503 4115 1638 4169 homines
1650 4113 1745 4170 electi.
1762 4113 1835 4169 Unde

91 4201 192 4257 infima
215 4208 408 4275 spernentem,
433 4204 595 4259 coelestibus
613 4205 815 4272 inhaerentem,
843 4205 939 4259 etvir·
994 4209 1114 4276 utraque
1146 4205 1191 4258 ela
1219 4204 1326 4259 cherub
1354 4203 1482 4275 ejusdem
1510 4218 1652 4257 mensure
1681 4208 1740 4257 est:
1774 4201 1835 4272 qula

89 4294 181 4346 tutem
210 4292 356 4363 patientiae
384 4294 566 4348 excellentem
583 4293 769 4348 demonstret.
799 4292 870 4347 Auri
898 4292 976 4348 le-l)
995 4291 1094 4348 eadem
1114 4291 1264 4346 devotione
1290 4307 1348 4362 qus
1375 4306 1436 4345 sese
1454 4291 1624 4345 alterutrum
1640 4289 1672 4344 in
1701 4287 1835 4346 lleodili·

92 4379 177 4435 minoe
191 4382 327 4436 marmori
342 4381 378 4437 ds
393 4381 497 4437 tabulis
514 4380 644 4452 abiegnis
658 4380 846 4453 superposite
872 4381 937 4435 lati·
992 4385 1073 4452 gunt,
1089 4386 1214 4435 nostram
1238 4395 1354 4452 quoque
1376 4380 1412 4434 ad
1425 4395 1456 4434 se
1483 4379 1699 4435 ascendentium
1722 4380 1834 4435 societa-

90 4466 161 4522 tndo
176 4472 220 4522 est
240 4466 387 4523 charitatis
400 4467 435 4524 de
450 4468 534 4523 corde
548 4483 622 4539 puro
634 4472 663 4522 at
678 4468 850 4524 conscientia
864 4469 938 4525 bona
991 4472 1049 4522 tem
1077 4467 1250 4522 desiderant.
1275 4466 1413 4522 Similiter
1440 4482 1508 4537 ergo
1536 4466 1586 4521 alae
1606 4466 1708 4522 decem
1732 4468 1835 4523 cubitos

92 4558 120 4609 et
133 4555 189 4611 lide
205 4571 262 4610 non
273 4556 349 4621 ficta,
372 4573 438 4630 que
454 4557 527 4613 sicut
546 4573 649 4613 aurum
664 4557 726 4612 aliis
745 4558 878 4625 metallis,
898 4558 938 4613 ita
991 4556 1148 4628 complent,
1164 4570 1230 4610 cum
1244 4554 1275 4610 in
1297 4555 1414 4626 gemina
1428 4555 1576 4610 eharitatis
1597 4555 1776 4612 exhibitione
1788 4571 1834 4610 au·

92 4644 366 4700 ceterisvirtutibus
379 4645 410 4700 in
423 4645 533 4716 templo
552 4645 601 4701 liei
617 4646 777 4717 praefulget.
991 4646 1059 4717 geli,
1076 4643 1230 4700 conditoris
1245 4643 1451 4714 suipraesentia
1465 4643 1607 4698 letantur.

129 4733 207 4788 Vane.
224 4737 249 4787 7.
267 4763 301 4775 —
324 4736 415 4790 Postes
431 4739 456 4788 et
478 4736 605 4803 peticus,
631 4738 683 4789 ete.
699 4733 872 4801 Texit,'cum
888 4734 937 4789 ad·
1027 4733 1109 4787 Vens.
1127 4735 1169 4787 it.
1195 4761 1230 4773 -
1259 4731 1396 4799 Tuugebot
1415 4733 1556 4802 parietem.
1581 4733 1660 4787 Duos
1683 4747 1768 4804 aeque
1793 4747 1836 4804 pe

90 4819 163 4874 itum
176 4820 243 4876 fidei
253 4821 316 4893 ipso
330 4822 453 4876 Domino
468 4823 675 4894 pandentequa
684 4821 803 4878 veritate
814 4823 939 4877 reluceat
991 4819 1076 4875 rietes
1101 4820 1153 4875 atis
1182 4820 1241 4875 suis
1264 4826 1395 4891 tangunt,
1429 4821 1497 4892 quia
1521 4821 1635 4877 tudaeos
1658 4826 1688 4876 el
1720 4820 1835 4894 gentiles

91 4908 223 4963 omnibus
239 4911 393 4965 Ecclesiam
412 4910 583 4965 intrantibus
597 4910 729 4965 ostendit.
746 4911 856 4967 Ostium
868 4916 940 4966 tem·
992 4925 1087 4963 seeum
1101 4908 1207 4964 habent
1234 4909 1355 4965 eoelestis
1369 4910 1443 4965 eules
1458 4925 1649 4981 possessores:
1676 4925 1738 4965 non
1762 4907 1835 4982 quod

91 4996 132 5066 pli
161 4997 289 5053 Christus
313 5003 365 5064 est,
393 5015 446 5070 per
460 5015 545 5070 quem
561 4998 674 5054 venitur
688 4999 723 5053 ed
747 4999 872 5066 Patrem,
888 4999 939 5070 qui
993 4995 1033 5050 ibi
1060 4997 1096 5051 sit
1121 4997 1218 5052 localis
1238 4996 1382 5054 distinctio
1410 4997 1486 5053 inter
1514 5002 1670 5069 utrumque
1700 4997 1835 5069 populum

92 5084 149 5140 ait:
166 5087 227 5154 Ego
253 5091 437 5152 sumostium,
466 5094 520 5144 cte.
536 5088 627 5159 (John.
656 5087 693 5159 ι.)
710 5088 741 5143 ln
765 5089 876 5158 Regum
897 5088 939 5143 ita
993 5085 1043 5139 sed
1072 5086 1140 5157 quie
1161 5087 1255 5157 major
1279 5093 1323 5141 est
1338 5086 1477 5142 festivitas
1499 5086 1620 5141 internae
1642 5084 1835 5146 beatitudinis,

92 5171 229 5242 scriptum
249 5178 307 5228 est:
325 5176 470 5231 &neutum
489 5175 604 5230 bobebut
617 5178 719 5245 uiginti
732 5175 836 5231 cubitos
851 5176 939 5242 lougi-
992 5174 1027 5228 de
1043 5174 1186 5230 consortio
1211 5175 1345 5230 adunctae
1367 5175 1398 5229 in
1425 5176 1483 5230 lieo
1510 5173 1711 5230 fraternitatis.
1739 5175 1835 5230 Exten-

92 5260 206 5326 tudiuis‚
223 5273 249 5316 et
265 5265 367 5328 uiginti
376 5263 533 5319 latitudiuis
553 5267 579 5318 et
600 5265 701 5332 uiginti
720 5263 877 5319 altitudinis
886 5262 938 5335 (ill
992 5262 1065 5317 dunt
1083 5279 1153 5335 ergo
1177 5263 1212 5317 ed
1227 5267 1383 5334 utrumque
1398 5263 1537 5333 parietem
1561 5264 1635 5332 ales3
1655 5263 1725 5335 quia
1738 5264 1835 5320 letas·

91 5349 155 5413 lien.
184 5349 235 5419 ιιι).
269 5349 421 5405 Oraculnm
459 5351 564 5407 dicitur
593 5352 728 5408 Sanctum
762 5359 937 5420 sanctorum,
991 5357 1035 5408 tes
1049 5351 1080 5407 in
1103 5351 1209 5407 coelesti
1225 5351 1317 5422 petria
1331 5351 1421 5424 justos
1449 5351 1711 5424 utriusquepopuli
1725 5353 1761 5409 ad
1784 5353 1836 5407 lau·

91 5435 210 5506 quiaibi
235 5437 331 5494 divina
351 5445 380 5494 et
402 5440 531 5513 angelica
547 5441 689 5496 locutione
712 5440 877 5497 hominibus
891 5457 938 5496 se·
992 5442 1058 5497 dem
1073 5442 1195 5497 excitent
1218 5441 1371 5497 creatoris.
1398 5442 1466 5497 Ales
1489 5445 1578 5497 tectas
1591 5454 1663 5497 euro
1676 5440 1717 5498 ed
1733 5437 1836 5498 omui

90 5530 168 5580 creta
189 5527 363 5583 revelentur.
387 5528 482 5585 Unde:
499 5529 646 5587 macutes
670 5530 817 5586 iuebditis
839 5530 937 5597 idest,
991 5530 1115 5603 parietes
1140 5529 1308 5598 extendunt,
1333 5529 1408 5586 sicut
1428 5529 1536 5587 habeut
1565 5528 1653 5585 facies
1679 5544 1778 5587 versas
1804 5526 1837 5585 ed
