3892 6106
90 284 142 338 82³

91 491 225 547 astritiam
236 491 367 560 potentes
380 486 467 559 hujus
482 484 581 539 mundi
593 484 679 556 rapit.

128 599 143 630 a
160 580 195 634 Et
208 593 275 632 cum
288 575 409 631 steterit.
427 594 441 626 a
459 574 520 629 Stat
535 573 564 627 in
579 573 633 628 hoc
657 571 767 627 mundo
791 586 942 644 perversus

93 667 272 742 praedicator,
297 679 446 736 quousque
470 668 585 718 terreno
605 662 674 716 vivit
701 661 732 716 in
747 677 878 733 corpore,
892 660 942 715 sed

93 758 157 812 rite
167 771 226 809 suae
241 753 356 809 credere
369 752 475 820 renuit,
488 752 557 824 qnia
571 751 605 806 de
621 751 678 805 Deo
693 766 759 805 vera
771 764 942 821 cognoscere

95 843 264 902 contemnit.

133 954 148 982 a
163 929 244 987 Oculi
260 934 357 984 autem
368 928 439 1000 ejus.
456 950 470 978 »
485 925 594 999 (Gaas.)
608 929 637 980 in
647 926 724 992 Jot,
741 925 759 980 l.
775 926 863 995 xvir.)
878 923 943 977 llius

390 279 586 334 walamunt
605 277 729 334 sanant
749 276 847 333 FULD.
869 275 948 331 llOti.
969 273 1048 331 OPP.
1071 276 1158 331 PARS
1181 276 1202 331 l.
1223 304 1258 315 -
1277 274 1506 332 Tfluototttca
1799 279 1849 333 eti

90 419 151 459 sua
166 399 312 474 pravitatis
326 399 415 455 tortas
431 397 566 464 detrahit,
594 412 660 451 cum
687 412 741 468 par
767 396 811 450 sui
836 395 941 451 erroris
959 397 982 451 A

1312 431 1427 487 CAPUT
1441 431 1532 488 xxvi.

1033 574 1115 627 Vans.
1147 577 1171 626 l.
1196 603 1230 613 -
1245 595 1259 623 α
1275 573 1461 645 Respondeas
1487 579 1585 631 autem
1614 576 1681 631 tob.
1710 596 1724 629 a
1752 577 1849 633 Finitis

998 660 1156 716 amicorum
1171 661 1275 726 veritis,
1295 662 1355 727 ¹jam
1375 662 1405 716 in
1430 663 1567 719 extremis
1594 664 1660 732 lob,
1685 668 1786 719 centn
1803 682 1848 720 eos

998 747 1108 803 acutius
1119 748 1221 820 surgit,
1234 757 1266 803 ut
1281 767 1342 803 mos
1358 753 1400 803 est
1413 750 1525 822 peritis,
1541 750 1572 806 in
1586 751 1776 807 conclusione
1793 740 1849 807 tor·

998 838 1072 893 tiora
1088 852 1212 892 servare.

1035 924 1128 995 (ibid.)
1147 948 1161 974 a
1174 926 1262 997 Cujus
1273 926 1412 998 adjutor?
1426 927 1563 1001 Nunquid
1577 927 1744 984 imbecillis.
1761 949 1776 978 ιι
1790 928 1848 983 Ad-

95 1037 161 1075 suas
174 1024 305 1092 peccator
320 1018 458 1082 intuetur,
475 1017 541 1088 quia
562 1016 622 1068 sola
646 1015 781 1085 cogitare,
807 1012 866 1067 sola
882 1027 943 1066 cer·
994 1015 1096 1087 juvare
1110 1015 1284 1070 imbecillem
1299 1016 1445 1071 charitatis
1458 1022 1501 1071 est
1516 1034 1523 1084 ;
1539 1016 1678 1088 adjurare
1704 1020 1848 1089 potentem

95 1125 165 1165 nere
195 1107 308 1171 nititur,
340 1122 406 1178 quoe
434 1104 488 1159 sibi
518 1104 553 1159 ad
579 1103 763 1157 commodum
786 1101 943 1172 temporale

96 1198 300 1268 suffragentur.

132 1288 214 1340 Vsus.
230 1287 274 1339 24.
289 1315 323 1323 -
352 1306 362 1332 ι
392 1281 501 1336 Elevati
521 1278 639 1334 suntad
665 1278 819 1333 modicum.
840 1300 850 1326 ι
868 1277 943 1332 Sub·

97 1373 198 1428 sistere
215 1372 292 1428 enim
308 1374 468 1444 nequeunt,
484 1369 534 1442 qui
555 1368 590 1423 ab
616 1371 723 1422 aeterua
741 1365 883 1421 soliditate
897 1364 944 1420 di·

97 1462 243 1517 viduatur.

135 1571 149 1600 «
160 1551 194 1604 Et
207 1547 438 1604 humiliabuntur
447 1547 520 1601 sicut
533 1545 640 1601 omnia.
661 1563 676 1594 o
692 1544 795 1600 Omnia
816 1542 945 1615 prolecto

97 1642 221 1693 terrena.
249 1638 282 1691 Et
309 1639 353 1691 est
376 1650 492 1690 sensus:
516 1633 597 1689 Stare
622 1632 702 1687 nullo
721 1632 807 1687 modo
824 1635 943 1703 meunt,

99 1726 169 1799 quia
181 1725 244 1797 ipsa
262 1740 377 1797 quoque
401 1722 518 1794 tugiunt
533 1720 638 1794 quibus
664 1720 844 1775 innituntur:
861 1718 944 1774 dum·

99 1830 156 1886 que
170 1812 341 1884 temporalia
355 1811 490 1882 diligunt,
505 1826 571 1865 cnm
590 1809 675 1865 biset
690 1809 828 1880 temporis
837 1808 947 1863 volubi-

100 1903 181 1958 litate
191 1905 372 1975 percurrunt.

137 1992 198 2046 alit
212 1990 285 2045 sicut
296 1988 476 2043 summitates
499 1987 653 2059 spicarum,
668 2007 682 2036 »
714 1991 767 2041 etc.
797 1985 947 2057 Spicarum

100 2079 280 2134 summitates
293 2077 387 2133 aristae
400 2081 477 2143 sunt,
492 2080 558 2146 etc,
584 2091 668 2145 suque
696 2076 734 2130 od
756 2074 865 2130 triturre
879 2075 947 2130 ulti·

100 2184 156 2223 mae
170 2166 340 2223 fortitudine
357 2165 509 2236 frangitur,
530 2168 558 2219 et
572 2180 661 2237 grana
675 2169 825 2235 apparent.

136 2258 217 2312 Vsus.
233 2258 277 2311 25.
293 2285 328 2294 -
343 2273 358 2307 e
373 2253 493 2320 Quodsi
519 2269 577 2308 non
601 2256 644 2308 est
664 2251 713 2320 ita,
731 2270 745 2304 a
771 2257 825 2307 ete.
854 2252 948 2325 (Ibid.)

100 2345 206 2402 Sensus
220 2347 278 2399 eet:
296 2344 338 2398 lta
352 2347 419 2397 sunt
434 2346 534 2397 cuncta
545 2345 576 2396 ut
587 2339 703 2412 protuli,
720 2343 785 2407 etc,
813 2356 899 2411 usqae
911 2340 949 2396 od

101 2449 160 2489 non
172 2436 216 2488 est
228 2432 347 2503 dignum
357 2434 464 2485 tamem
479 2436 537 2484 uta
551 2428 804 2501 pravisjudicetur.

138 2544 152 2571 a
163 2521 231 2587 Quis
246 2535 293 2575 me
313 2524 408 2591 potest
428 2534 549 2589 arguere
564 2534 624 2572 osse
647 2518 841 2572 mentitum.»
863 2518 948 2584 Quasi

100 2610 224 2669 diceret:
243 2610 313 2676 Oura
329 2609 443 2679 loquor,
459 2622 567 2678 ponere
583 2611 648 2661 ante
657 2605 786 2677 judicem
802 2608 949 2662 nonvale-

101 2701 148 2767 tis,
178 2697 248 2772 quia
265 2698 327 2769 ejus
353 2696 432 2752 vobis
460 2694 561 2750 taciem
586 2697 736 2764 peccantes
764 2692 947 2749 absconditis.

101 2787 193 2843 Verba
203 2785 314 2842 fallacia
328 2788 395 2839 ante
407 2785 499 2839 Deum
515 2782 606 2856 ponit,
620 2783 670 2854 qui
685 2799 718 2837 aa
734 2782 810 2855 apud
834 2797 863 2836 se
879 2797 950 2836 con-

101 2881 198 2948 spectu
213 2874 338 2930 veritatis
355 2873 510 2938 examinat,
524 2870 583 2943 qui,
595 2870 784 2927 consideratio
791 2870 893 2925 intimo
904 2869 951 2941 ju·

101 2965 173 3035 dice,
187 2963 328 3020 exteriora
337 2967 450 3034 pensat·

424 3102 538 3158 CAPUT
556 3102 632 3157 XXV.

140 3230 219 3285 vans.
238 3232 263 3284 l.
289 3258 323 3268 -
348 3248 363 3277 «
387 3226 574 3299 Respondeas
593 3228 700 3292 autem,
725 3242 739 3275 a
768 3226 821 3278 etc.
846 3223 948 3296 (lota.)

103 3316 176 3382 Quia
193 3315 246 3372 Job
263 3315 354 3369 multa
368 3314 449 3381 dixit,
465 3317 531 3382 eta,
545 3328 631 3381 usque
644 3310 682 3366 od
706 3326 770 3382 qua
792 3310 858 3382 iure
874 3312 949 3382 ejus·

104 3407 170 3460 dem
188 3402 325 3475 potentiae
341 3402 456 3472 quando
472 3404 577 3468 careat,
592 3399 704 3454 nescit‘l

139 3495 228 3548 Vana.
245 3494 271 3546 2.
287 3521 320 3530 -
334 3511 348 3538 a
360 3490 414 3555 Qui
439 3489 506 3544 iacit
531 3487 725 3543 concordiam.
742 3508 756 3540 a
778 3490 807 3542 ln
832 3504 949 3543 concor·

105 3581 181 3637 diam
196 3583 411 3649 componuntur
422 3594 547 3643 summa,
560 3583 627 3642 etc,
650 3593 735 3646 usque
756 3578 794 3632 od
808 3577 884 3649 quod
899 3577 950 3632 ob·

104 3670 196 3726 tinere
212 3686 269 3724 non
283 3670 378 3723 valent
394 3683 541 3739 nunquam
556 3664 666 3721 nolunt.¹

139 3761 220 3814 Vnus.
236 3762 263 3814 3.
278 3788 314 3798 -
326 3779 341 3808 a
356 3756 491 3828 Nunquid
506 3761 557 3811 est.
574 3777 588 3805 »
619 3757 651 3811 ln
673 3755 834 3826 cognitione
849 3755 951 3811 huma·

104 3865 141 3904 na
164 3846 345 3918 superiorum
371 3860 508 3899 numerus
533 3843 685 3914 spirituum
713 3858 770 3897 non
801 3847 853 3908 est,
883 3843 950 3914 qnia

103 3942 211 4009 quanta
235 3936 272 3991 sit
293 3935 350 3990 illic
370 3932 530 4005 frequentia
558 3931 707 3985 invisibilis
732 3931 880 4000 exereitus,
895 3947 950 3985 ne-

103 4027 156 4081 scit
167 4043 175 4080 :
186 4025 236 4097 qui
250 4023 355 4079 milites
367 4022 511 4085 dicuntur,
527 4020 595 4093 quia
619 4020 765 4075 decertant
787 4025 887 4075 contra
901 4036 949 4075 ae·

102 4130 166 4168 reas
180 4117 344 4185 potestates,
361 4126 418 4164 non
437 4108 545 4174 labore,
566 4108 614 4162 sed
638 4107 770 4178 imperio.

139 4220 153 4252 e
171 4201 204 4256 Et
218 4214 312 4271 super.
330 4218 344 4250 a
361 4197 432 4264 Ouia
446 4195 571 4250 militum
586 4196 754 4250 eorumdem
769 4195 827 4250 sire
842 4196 945 4252 electo·

103 4305 168 4344 rum
178 4289 268 4343 virtus
282 4303 341 4341 non
367 4284 493 4356 propriis
522 4282 639 4351 viribus,
659 4284 707 4338 sed
731 4299 863 4354 supemae
878 4301 945 4357 gra-

102 4378 151 4432 tiae
166 4377 310 4432 inlusione
324 4374 494 4430 roboratur:
510 4388 576 4445 quae
591 4371 656 4425 siin
677 4372 763 4427 corde
778 4378 874 4428 nostro
889 4391 948 4430 non

997 1106 1079 1172 veile,
1095 1104 1227 1159 elationis
1242 1109 1291 1159 est.
1308 1106 1342 1160 Et
1351 1109 1394 1160 est
1408 1121 1508 1159 sensus
1522 1125 1528 1159 :
1559 1107 1630 1161 durn
1655 1122 1724 1160 enm
1751 1106 1848 1176 iurare

997 1193 1135 1259 intendis,
1160 1193 1213 1248 sub
1243 1193 1324 1263 cujus
1351 1194 1550 1264 magnitudine
1576 1194 1760 1249 succumbis:
1776 1195 1848 1266 qnod

998 1279 1141 1351 impendis
1156 1280 1290 1335 solatium
1304 1281 1339 1336 de
1359 1282 1553 1337 ostentatione
1577 1286 1630 1351 est,
1660 1298 1720 1336 non
1741 1282 1779 1337 de
1792 1282 1849 1353 pie·

998 1372 1065 1423 tate.

1035 1458 1122 1512 Vuae.
1137 1459 1164 1513 ³.
1175 1476 1238 1510 -e
1254 1457 1304 1513 Cui
1320 1457 1432 1513 dedisti.
1450 1480 1464 1508 a
1479 1458 1571 1530 (ibid.)
1598 1457 1764 1514 Consilium
1786 1457 1851 1514 dare

1000 1546 1087 1601 stulto
1116 1545 1263 1601 charitatis
1293 1551 1345 1614 est,
1372 1547 1525 1602 consilinm
1549 1546 1620 1603 dare
1645 1547 1704 1618 ipsi
1731 1547 1852 1618 sapienti

999 1634 1193 1706 perversitatis
1203 1640 1255 1701 est,
1270 1635 1348 1689 unde
1361 1636 1509 1708 sequitur:

1038 1743 1052 1771 «
1066 1723 1302 1794 Etprudentiam,
1320 1743 1333 1775 a
1350 1729 1403 1779 etc.
1419 1724 1517 1780 Omnis
1534 1725 1583 1797 qui
1594 1723 1755 1798 prudentia
1781 1728 1852 1780 recta

1000 1814 1052 1877 est,
1068 1811 1194 1882 plurima
1208 1828 1266 1866 non
1282 1817 1342 1867 est:
1367 1812 1507 1884 quianon
1522 1814 1588 1885 plus
1613 1813 1729 1886 appetit
1758 1828 1850 1886 sapere

1000 1915 1085 1971 qiram
1102 1903 1214 1970 oportet
1227 1916 1338 1971 sapere.

1038 2008 1052 2037 «
1064 1987 1232 2042 Plurimum.
1246 2009 1257 2037 ι
1271 1988 1349 2042 Ultra
1364 1988 1494 2056 modurn,
1519 1992 1552 2043 ut
1570 1989 1621 2061 qui
1645 2004 1710 2060 prae
1733 1989 1798 2044 aliis
1816 1991 1849 2044 ri·

1000 2075 1061 2131 deri
1086 2079 1228 2147 appetunt
1254 2075 1406 2144 doctiores,
1435 2078 1513 2132 unde
1538 2078 1573 2132 lit
1599 2083 1635 2133 ut
1668 2078 1847 2134 immoderati

1000 2165 1086 2220 etiam
1102 2164 1356 2236 tatualoquautur,
1373 2165 1452 2220 unde
1466 2181 1595 2221 excessus
1606 2166 1776 2237 prudentia
1793 2166 1846 2222 sub

1001 2252 1094 2307 ditur:

1037 2341 1156 2397 Vans.4
1183 2373 1217 2381 -
1234 2362 1248 2391 «
1262 2340 1352 2406 Quem
1373 2343 1483 2398 docere.
1501 2363 1516 2392 »
1530 2342 1721 2414 Spirameuto
1737 2343 1848 2399 virinus

1001 2428 1062 2484 sine
1077 2445 1134 2501 qno
1145 2445 1202 2484 non
1217 2430 1354 2501 sapimus,
1371 2431 1483 2501 sedper
1507 2431 1598 2502 quod.
1630 2432 1689 2497 Qui
1713 2448 1788 2506 ergo
1808 2433 1848 2488 dat

1001 2517 1100 2585 vitam,
1114 2518 1163 2572 dat
1176 2518 1393 2589 etsapientiam.

1040 2624 1053 2658 a
1068 2607 1292 2677 Spiramentum.
1310 2606 1401 2679 (Aac.)
1417 2629 1431 2657 »
1446 2607 1527 2663 Sicut
1553 2624 1614 2663 non
1628 2625 1787 2682 possumne
1799 2625 1847 2665 non

1003 2695 1039 2750 de
1053 2701 1151 2749 nostra
1169 2700 1279 2762 natura,
1310 2701 1377 2761 etc.,
1406 2711 1489 2765 usque
1507 2697 1545 2751 od
1571 2697 1642 2769 quia
1669 2713 1734 2753 non
1750 2703 1848 2754 creatus

1003 2789 1143 2841 creatum.

1042 2874 1170 2927 «Nonne
1187 2887 1253 2926 eum
1272 2871 1332 2943 qui.
1349 2894 1363 2922 a
1380 2872 1472 2942 (lbtd.)
1489 2873 1609 2928 Baldath
1635 2874 1709 2946 qnia
1729 2875 1780 2930 Job
1801 2875 1849 2930 tla-

964 2960 986 3016 G
1006 2961 1154 3033 gellatum,
1171 2967 1236 3028 etc,
1252 2976 1337 3029 usque
1352 2961 1390 3015 ad
1401 2976 1454 3032 per
1470 2961 1628 3017 sententias
1653 2963 1794 3036 expendit
1815 2963 1851 3018 di-

1004 3063 1088 3103 cens:

1041 3139 1141 3192 «Ecce
1160 3137 1291 3209 gigantes
1313 3141 1433 3209 gemunt
1454 3137 1507 3193 sub
1522 3137 1629 3210 'aquis
1654 3158 1668 3190 e
1703 3142 1850 3214 Postquam

1003 3226 1142 3296 repressit
1165 3230 1308 3281 tumorem
1332 3226 1481 3298 sapientia
1496 3231 1563 3295 etc,
1578 3242 1666 3297 morae
1680 3229 1721 3284 ud
1743 3247 1800 3302 quo
1824 3230 1851 3286 in

1003 3316 1095 3370 altum
1111 3330 1140 3369 se
1153 3314 1248 3386 erigit.

1039 3405 1129 3458 Vane.
1146 3407 1171 3458 5.
1184 3433 1216 3444 -
1233 3423 1248 3452 «
1257 3403 1345 3475 thui
1353 3403 1484 3459 habitant
1496 3420 1573 3459 curn.
1584 3424 1599 3456 a
1610 3405 1725 3462 Pariter
1737 3411 1850 3480 &munt

1003 3492 1034 3547 hi
1048 3491 1098 3563 qrri
1111 3492 1216 3546 talibus
1234 3492 1391 3561 sociantur,
1402 3493 1471 3565 quia
1486 3492 1543 3564 ipsi
1557 3494 1643 3548 etiarn
1671 3495 1781 3551 laboris
1806 3511 1848 3550 eo-

1003 3596 1068 3634 rum
1082 3580 1303 3651 participatione
1315 3580 1536 3652 deprImuntur3
1550 3588 1579 3636 et
1597 3583 1668 3654 quia
1688 3583 1850 3640 desiderata

1003 3669 1185 3725 celsitudines
1200 3669 1260 3723 sina
1283 3671 1405 3740 peccatis
1427 3675 1575 3741 nequeunt
1596 3671 1803 3739 administrari,
1826 3679 1850 3728 et

1003 3758 1112 3834 malum
1127 3758 1202 3829 quod
1218 3758 1429 3829 agiturdivinae
1442 3759 1492 3813 irae
1509 3774 1567 3814 non
1587 3759 1786 3818 absconditur.

1040 3847 1125 3902 Vane.
1142 3850 1167 3901 6.
1189 3876 1224 3887 —-
1253 3865 1266 3898 u
1297 3846 1397 3901 Nudus
1429 3851 1471 3902 est
1491 3847 1630 3903 internus.
1660 3871 1676 3899 »
1705 3850 1850 3906 Infamiet

1004 3933 1174 4007 perditionis
1193 3935 1310 3990 uomine
1321 3935 1469 3991 diabolum
1487 3940 1514 3991 et
1540 3938 1633 3991 omnis
1659 3937 1847 3994 damnationis

1004 4023 1066 4094 ejus
1080 4023 1170 4078 socios
1185 4023 1327 4095 designat.

1039 4114 1119 4168 Vens.
1134 4118 1159 4168 7.
1171 4145 1206 4153 -
1223 4135 1236 4163 α
1248 4114 1302 4178 Qui
1317 4114 1451 4170 extendit.
1474 4136 1488 4166 »
1507 4115 1603 4188 (leid.)
1626 4116 1780 4188 Aquilonis
1801 4134 1847 4173 no·

1004 4202 1081 4256 mine
1092 4201 1222 4257 diabolus
1237 4203 1407 4273 appellatur,
1419 4203 1469 4274 qui
1481 4209 1514 4258 ut
1525 4204 1653 4274 corporis
1666 4205 1776 4279 frigore
1789 4221 1845 4278 gen·

1003 4290 1076 4345 tium
1093 4289 1179 4345 corda
1201 4290 1418 4363 constringeret,
1447 4291 1535 4347 dixit:
1560 4290 1672 4348 Sedabo
1698 4294 1730 4349 in
1755 4300 1844 4349 monte

1002 4378 1166 4434 testamenti
1182 4378 1213 4432 in
1237 4379 1324 4433 latera
1355 4379 1507 4450 aquilonis.
1529 4379 1584 4445 Qui
1611 4397 1701 4453 super
1729 4398 1844 4439 vacuum

102 4471 242 4538 surgeret,
252 4464 381 4536 prolecto
395 4477 477 4517 mens
500 4463 597 4515 nostra
611 4459 641 4514 in
663 4460 788 4516 tenebris
807 4468 945 4532 manerat,
1002 4466 1173 4534 extenditur,
1190 4468 1259 4539 quia
1277 4467 1326 4522 illa
1344 4468 1430 4523 corda
1445 4468 1569 4539 possidet
1584 4485 1650 4541 quae
1665 4469 1757 4527 divini
1772 4488 1843 4527 amo·

102 4555 177 4609 unde
190 4553 304 4608 subdit:

137 4644 218 4698 Vens.
238 4643 265 4697 l.
277 4671 311 4681 -
328 4662 339 4689 ι
356 4639 492 4711 Nunquid
502 4638 663 4709 justificari.
680 4639 780 4705 »Ouia
806 4656 859 4711 par
883 4656 946 4695 mu·

1001 4555 1041 4611 ris
1055 4555 1147 4626 gratia
1161 4571 1218 4610 non
1233 4555 1422 4626 possidentur.

1040 4667 1049 4693 ι
1069 4646 1102 4699 Et
1120 4643 1384 4715 appenditterram.
1405 4667 1419 4694 n
1431 4644 1526 4716 (ibid.)
1541 4646 1637 4701 Terra
1652 4646 1774 4717 uomina
1800 4648 1843 4701 Ee·

102 4730 203 4786 lierem
223 4730 315 4800 culpat
329 4727 472 4783 subditam
489 4727 616 4782 nascitur
627 4728 726 4796 homo,
743 4733 841 4785 reatus
860 4728 946 4802 primi
1001 4731 1085 4787 etesia
1098 4732 1265 4803 designattr,
1283 4736 1348 4799 etc,
1360 4747 1445 4802 usque
1458 4733 1496 4787 od
1508 4754 1521 4783 a
1534 4733 1640 4789 Omnes
1658 4740 1760 4805 gentes
1776 4737 1845 4790 velut

100 4817 251 4872 infirmitas
260 4817 292 4873 in
301 4817 381 4889 prole
391 4823 578 4888 propagatur.

137 4907 227 4963 Vens.
250 4911 275 4962 5.
291 4935 328 4949 -
351 4928 361 4955 ι
383 4908 450 4960 Ecce
472 4905 560 4960 enim.
587 4907 669 4960 »Per
688 4906 786 4961 lunam
811 4906 944 4974 Ecclesia,

1000 4820 1125 4875 nihilum
1139 4824 1167 4875 et
1186 4821 1272 4876 inane
1285 4826 1425 4891 reputatae
1439 4824 1514 4876 sunt.
1529 4839 1544 4874 s

1036 4910 1116 4964 Vens.
1130 4913 1156 4965 8.
1173 4940 1207 4951 -
1228 4932 1239 4959 s
1265 4910 1320 4975 Qui
1336 4911 1446 4982 ligat.»
1475 4910 1571 4982 (ibid.)
1599 4909 1686 4968 Initia
1709 4912 1844 4968 nascentis

100 5012 152 5067 per
166 4996 261 5051 stellas
279 4994 457 5067 singulorum
470 4993 542 5049 benc
557 4993 714 5049 viventium
744 4994 847 5050 animae
874 4996 946 5050 desi·
1000 4997 1130 5054 Ecclesia:
1145 4997 1358 5066 narratdicens,
1374 4999 1593 5068 etc,usqueorl
1607 4999 1643 5054 de
1659 5000 1843 5056 immensitate

100 5090 246 5156 guantur:
271 5084 321 5156 qui
340 5083 438 5156 culpas
461 5083 594 5155 subigere
621 5084 747 5154 perlecta
771 5082 944 5138 desiderant.
1000 5086 1063 5156 ejus
1073 5084 1218 5140 auditores
1233 5085 1440 5157 opprimerent.

100 5172 155 5228 Sed
169 5188 318 5245 quousque
328 5171 512 5242 corruptione
538 5171 631 5227 carnis
660 5170 869 5242 astringuntur,
885 5172 945 5243 ejus

1034 5176 1115 5230 Vsus.
1129 5178 1154 5230 9.
1167 5207 1201 5215 -
1218 5195 1233 5224 «
1248 5173 1302 5240 Qui
1317 5179 1396 5230 tenet
1410 5175 1532 5230 vultum.
1548 5196 1562 5225 »
1581 5176 1614 5231 ln
1628 5177 1713 5233 rultu
1724 5176 1841 5250 cognitio

100 5261 220 5315 vinculis
234 5260 371 5331 ligantur,
394 5282 408 5310 «
423 5265 530 5331 quanto
551 5260 643 5333 magis
671 5260 758 5314 horno
778 5259 914 5331 putredo!
931 5281 942 5311 ι
1000 5262 1221 5319 demonstratur.
1245 5263 1315 5319 Solii
1326 5279 1393 5334 ergo
1408 5265 1470 5335 ejus
1485 5263 1580 5320 vultus
1595 5269 1725 5335 tenetur,
1752 5266 1842 5339 quiae

135 5349 218 5404 Vaas.
235 5352 264 5404 6.
282 5381 317 5389 -
333 5368 348 5400 r
362 5348 490 5418 Etfilius,
502 5370 515 5398 »ι
528 5365 560 5403 ac
575 5347 598 5402 si
613 5348 698 5416 dicat,
715 5353 780 5415 etc,
804 5364 888 5419 usque
906 5350 945 5404 od
999 5354 1082 5409 nobis
1096 5354 1126 5407 in
1143 5355 1195 5408 hac
1214 5355 1270 5409 rita
1288 5355 1370 5425 regni
1385 5355 1446 5425 ejus
1461 5355 1554 5434 gloria
1577 5371 1639 5411 non
1653 5358 1839 5430 cognoscitur.

99 5436 216 5492 sicutex
234 5437 350 5493 homine
364 5437 588 5508 illiusbominis,
612 5438 653 5494 ita
676 5455 711 5494 ex
728 5439 881 5510 putredine
894 5456 944 5494 na·
998 5441 1090 5512 Super
1104 5441 1180 5513 quod
1202 5442 1323 5513 expandi
1349 5442 1454 5497 nebula
1481 5442 1598 5514 dicitur,
1627 5445 1700 5518 quia
1713 5445 1839 5512 sieuteet,

99 5525 187 5581 scitur
201 5525 315 5582 vermis.
408 5570 412 5577 .

997 5529 1047 5584 illa
1061 5529 1183 5586 celestis
1193 5530 1287 5602 gloria
1297 5545 1356 5586 non
1369 5530 1490 5588 videtur.
