3892 6106
89 240 141 294 lbi
680 233 807 291 GLOSSA
825 232 1027 290 enarretis.
1047 263 1083 273 -
1103 231 1170 289 hle.
1192 231 1294 290 DEUT.
1795 240 1850 300 m

91 361 330 417 basubtrahere:
347 359 393 415 ria
413 356 587 429 euimregia
605 356 796 413 incedendum
811 360 864 422 est,
884 359 980 414 nouit
999 357 1068 411 lieres
1092 359 1153 410 tuus
1182 369 1252 410 unus
1277 358 1318 410 est
1344 355 1431 426 (licut.
1461 356 1516 426 vr),
1544 361 1579 413 ui
1596 358 1652 414 hoc
1666 359 1774 418 seilicet
1794 381 1849 420 au-

94 449 125 505 ad
155 451 306 504 dexteram
329 447 373 502 rel
398 447 432 502 ad
452 446 617 512 sinistram,
647 445 746 500 uude:
771 445 844 511 Quia
866 448 947 500 recte
1001 443 1092 514 diens,
1108 459 1197 499 uuum
1222 443 1442 500 licumPatrem
1463 446 1549 513 celas,
1574 463 1634 502 nen
1657 450 1762 506 multoe
1783 452 1850 509 deas

93 541 143 594 cie
166 540 289 606 ermini,
305 542 331 593 et
348 537 422 607 justi
438 535 615 591 ambutabunt
629 537 658 589 in
678 536 715 588 eie
730 533 801 602 (Ore.
823 533 888 600 xrs).
904 531 947 586 Si·
1000 531 1147 604 suscipias.
1163 532 1325 587 Secundum
1349 533 1477 605 pertinet
1491 534 1528 588 ad
1553 535 1668 606 Filium,
1683 538 1719 594 de
1733 541 1852 612 quohic

96 627 204 684 militer
228 627 425 682 aittoauues:
450 626 559 695 Siquis
583 623 740 693 apposuerit
763 620 801 676 ad
815 621 880 686 bac,
896 635 949 690 ap·
1001 620 1120 676 dicitur:
1149 622 1210 678 Non
1231 636 1351 677 meumes
1377 637 1473 677 neruus
1498 626 1546 679 liei
1573 627 1615 679 tui
1633 628 1663 680 in
1685 643 1796 698 uanum,
1821 630 1852 686 id

96 720 174 786 pauet
200 719 272 771 Deus
295 730 376 784 super
399 714 476 769 iilam
498 713 595 782 plapas
614 712 730 780 scriptas
744 712 774 765 in
792 709 863 765 libro
876 711 946 777 isto;
1001 712 1055 775 est,
1075 724 1133 762 nou
1152 708 1274 763 aestimes
1288 713 1449 764 creaturam
1471 726 1533 765 esse
1547 712 1597 767 lbei
1612 712 1725 770 Filium.
1751 717 1851 772 Omnis

96 807 119 860 si
140 807 206 876 quis
225 805 396 871 diminuerit,
411 804 517 870 auferet
537 801 610 855 Deus
632 804 741 870 partem
755 798 814 869 ejus
829 797 862 852 de
880 798 949 852 tibre
1002 796 1081 853 euim
1103 800 1234 852 ereatura
1248 797 1376 868 subjecta
1391 801 1435 853 est
1450 800 1580 866 vanitati,
1604 801 1653 857 sed
1665 803 1764 859 credes
1785 821 1852 861 eum

96 896 158 950 πη
172 895 273 966 (ΑΜ,
291 893 368 963 xxu).
1002 886 1143 958 aequalem
1160 885 1246 954 Patri,
1264 886 1353 940 Deum
1378 887 1507 957 dearum,
1531 888 1622 944 Deum
1646 892 1723 963 apud
1751 894 1852 963 Deum,

128 983 217 1038 Vsus.
236 986 264 1037 7.
286 1011 319 1021 -
349 981 402 1038 Nec
428 982 468 1033 est
486 978 553 1042 alia,
569 980 623 1031 ete.
650 975 713 1031 Neu
733 973 846 1029 estalia
871 971 950 1027 natio
1003 989 1055 1046 per
1074 989 1159 1045 quem
1184 972 1282 1028 omnia
1304 973 1378 1030 iacta
1402 978 1479 1032 sunt.
1504 976 1684 1033 Tertiumad
1703 979 1853 1050 Spiritum,

99 1078 153 1129 um
170 1069 299 1143 grandis,
323 1067 473 1139 dignitate,
498 1066 606 1121 scilieet
629 1065 781 1131 donorum,
805 1062 951 1117 nonmul·
1004 1062 1085 1134 cujus
1108 1052 1185 1117 duu'e
1203 1061 1318 1133 requies
1338 1066 1445 1117 aeterm
1468 1064 1667 1134 promittitur:
1688 1068 1756 1139 quia
1776 1071 1854 1126 enim

99 1160 221 1216 titudine
245 1158 432 1231 papularum.
458 1153 606 1210 Necenim
629 1169 699 1225 gaus
712 1151 878 1208 iudaeorum
893 1166 952 1204 uu·
1005 1150 1128 1223 Spiritus
1151 1155 1265 1206 sanctus
1290 1150 1395 1206 dicitur
1421 1151 1604 1222 septiformis,
1620 1154 1684 1211 ideo
1698 1157 1856 1228 septimum

103 1266 180 1305 mero
195 1247 331 1304 vincebat
344 1245 413 1300 alias
441 1248 540 1315 gentes
553 1247 603 1298 aut
616 1241 755 1314 petentia,
772 1239 821 1295 sed
836 1243 951 1311 patrum
1005 1238 1082 1294 diem
1098 1239 1284 1295 sanctificavit
1300 1239 1383 1294 lleus.
1399 1241 1432 1295 ln
1449 1240 1513 1296 aliia
1528 1241 1606 1298 euim
1620 1243 1720 1300 diebus
1733 1261 1855 1319 eperum

104 1336 292 1410 prerogativa
306 1338 335 1389 et
348 1331 514 1405 dignatione
528 1331 635 1387 diuina.
1007 1325 1193 1382 sanctificatio
1216 1343 1274 1382 uon
1298 1327 1472 1395 nominatur,
1489 1328 1544 1384 uisi
1565 1330 1596 1386 in
1611 1332 1739 1402 sabbate,
1754 1335 1784 1389 in
1798 1352 1857 1408 quo

135 1427 218 1482 liras.
234 1428 260 1481 9.
278 1453 314 1466 -
328 1421 543 1491 Queuiderunt.
572 1420 653 1475 Visus
674 1418 750 1473 inter
774 1432 953 1473 emnessen-
1007 1414 1150 1486 requierit
1177 1416 1261 1470 Deus.
1287 1416 1372 1471 Recte
1388 1431 1457 1488 ergo
1471 1418 1525 1472 hec
1549 1421 1717 1478 mandatum
1734 1424 1858 1495 pertinet

108 1533 149 1571 sus
159 1513 275 1570 obtinet
283 1510 476 1583 principatum
486 1526 492 1563 :
504 1508 567 1563 ideo
578 1524 630 1580 pro
639 1506 718 1562 amni
731 1522 815 1562 sensu
824 1505 952 1577 ponitur.
1008 1501 1044 1558 ad
1059 1502 1197 1573 Spiritum
1212 1520 1219 1558 :
1242 1508 1304 1557 turn
1327 1508 1445 1575 propter
1472 1506 1703 1565 sanctificationis
1730 1528 1856 1581 uomeu;

140 1605 222 1659 l'nas.
250 1605 293 1658 lb.
311 1631 345 1641 ·-
359 1598 499 1669 Sculptam
518 1596 733 1652 similitudinem.
751 1596 840 1666 (Aua,
858 1597 952 1664 quest.
970 1637 990 1693 B
1009 1596 1070 1647 tum
1096 1596 1214 1664 propter
1242 1596 1379 1646 aeternam
1405 1591 1545 1664 requiem,
1574 1596 1610 1650 ad
1636 1597 1745 1653 donum
1768 1603 1859 1655 sancti

112 1690 270 1761 linlleut.)
292 1689 423 1745 Forsitan
447 1683 775 1742 hisduebusrecabulis
791 1699 878 1738 unam
894 1697 954 1737 rem
1009 1679 1143 1756 Spiritus⁸
1158 1680 1361 1752 pertinentem.
1390 1680 1591 1736 Dicitureniur
1612 1683 1670 1739 sic:
1686 1688 1816 1744 Memento
1828 1695 1860 1744 ut

113 1778 288 1853 significarit,
302 1781 373 1844 ete.,
393 1773 529 1846 usquead
544 1773 621 1844 quod
636 1773 670 1827 de
687 1772 852 1828 homiuibus
867 1770 956 1827 usita-
1009 1767 1081 1823 diem
1103 1768 1213 1824 sabbati
1230 1769 1401 1837 sanantem
1425 1783 1474 1824 sea
1495 1770 1589 1827 diebus
1614 1774 1777 1844 operaberis,
1803 1782 1857 1833 etc.

113 1875 166 1925 mm
179 1871 232 1923 „g
1009 1857 1041 1911 ln
1056 1873 1142 1929 opere
1156 1873 1204 1912 sex
1219 1857 1343 1926 dierum,
1359 1863 1422 1922 etc..
1438 1858 1552 1915 videtur
1565 1877 1613 1916 sex
1626 1861 1750 1918 millium
1765 1880 1860 1920 anuo-

142 1959 221 2013 h’aas.
238 1958 281 2011 le.
298 1985 331 1994 —
348 1952 403 2019 Qui
416 1951 475 2007 sub.
503 1950 598 2017 (Aua,
618 1954 713 2021 quest.
730 1949 769 2019 5.)
791 1949 836 2002 An
850 1959 956 2018 aquam
1010 1961 1075 2001 rum
1101 1945 1230 2016 operatio
1258 1947 1377 2017 signari,
1402 1947 1433 2002 iu
1456 1948 1579 2021 septimo
1604 1954 1720 2022 tempus
1746 1958 1861 2009 aetem

116 2052 211 2102 terram
235 2041 359 2113 intelligi
382 2040 481 2106 veluit,
507 2045 572 2108 eta,
601 2054 685 2109 usque
708 2037 746 2092 ad
765 2042 794 2092 et
820 2034 958 2091 animalia
1010 2033 1127 2106 quietis,
1143 2034 1172 2088 iu
1198 2050 1255 2106 que
1269 2040 1335 2106 post
1363 2036 1439 2090 huna
1453 2052 1540 2109 opera
1554 2038 1636 2110 quies
1660 2047 1768 2096 oeoerua
1790 2058 1862 2114 pre-

117 2140 218 2191 ren-011⁸
231 2133 339 2189 hahere
353 2147 411 2186 uon
423 2132 530 2201 posset.
1011 2121 1145 2178 mittitur.
1166 2122 1310 2194 Quidquid
1324 2139 1393 2194 ergo
1417 2123 1540 2194 agimus,
1557 2126 1580 2180 si
1602 2131 1721 2199 propter
1735 2130 1861 2187 laturam

144 2225 223 2280 Vnus.
252 2224 295 2278 19.
323 2251 357 2262 -
382 2220 448 2287 Quae
470 2218 583 2274 creauit.
606 2215 698 2287 (Aue,
714 2219 808 2286 quest.
831 2211 871 2283 6.)
895 2211 958 2267 Non
1010 2210 1284 2282 requiemlacimus,
1306 2210 1456 2267 sabbatum
1472 2213 1665 2271 observamus.

119 2316 149 2370 its
161 2314 270 2370 dictum
282 2313 335 2373 est,
352 2313 418 2375 ela,
446 2321 532 2377 usque
554 2304 592 2361 ad
605 2303 655 2359 sed
670 2320 728 2359 nou
747 2303 856 2358 uultum
871 2315 959 2373 quem
1047 2300 1128 2355 Vnus.
1147 2301 1193 2354 lb.
1209 2328 1245 2340 -
1269 2301 1377 2355 Bonam
1396 2304 1504 2370 patrem
1520 2306 1596 2358 tieem
1614 2308 1639 2359 et
1651 2310 1774 2362 matrem.
1793 2311 1864 2364 sicut

123 2403 214 2459 hebent
227 2401 291 2456 alias
306 2403 417 2470 gentes.
1008 2390 1138 2459 precepit
1149 2388 1208 2443 tibi.
1221 2388 1287 2442 Pest
1296 2387 1349 2443 tria
1360 2395 1503 2461 praecepta
1514 2391 1670 2449 succedunt
1680 2399 1863 2469 septemque

150 2493 229 2547 leus.
245 2490 291 2545 23.
310 2517 344 2528 -
360 2485 500 2554 sculptam
522 2481 738 2538 similitudinem.
765 2480 862 2549 (Aua,
876 2493 903 2548 q.
918 2473 959 2546 7.)
1013 2474 1048 2530 ad
1062 2475 1225 2547 proximum
1235 2475 1389 2548 pertinent.
1405 2478 1484 2532 luter
1496 2482 1606 2550 septem
1616 2481 1754 2552 primum,
1769 2486 1817 2541 sed
1832 2486 1863 2541 in

125 2582 162 2636 llic
173 2576 347 2652 generaliter
369 2575 491 2646 loquens
515 2569 730 2626 similitudinem
753 2567 858 2641 posuit,
886 2565 960 2620 ima·
1014 2563 1114 2619 ordine
1124 2564 1255 2619 emnium
1265 2570 1401 2636 quartum
1410 2568 1588 2623 est:llanera
1594 2573 1795 2639 parennem,
1807 2578 1862 2628 etc·

123 2666 205 2736 giuem
220 2661 321 2728 tacent,
338 2659 407 2731 quia
422 2656 446 2710 si
459 2656 497 2739 sit
512 2655 591 2710 nulla
601 2653 770 2718 similitudo,
785 2668 838 2707 nec
853 2650 958 2721 image.
1013 2651 1216 2723 aparentibus
1241 2652 1319 2707 enim
1348 2653 1548 2709 bomaecnles
1572 2656 1675 2728 aperit,
1688 2663 1718 2714 et
1732 2658 1863 2717 ntehac

148 2754 226 2809 laxs.
251 2753 297 2806 ⁴26.
323 2778 356 2788 -
386 2746 581 2801 Testesinuoco
597 2742 675 2798 bodie
690 2743 794 2805 caium,
810 2744 863 2795 etc.
880 2744 961 2792 hlrro·
1013 2739 1049 2794 ab
1076 2756 1176 2796 eorum
1210 2740 1361 2797 dilectione
1390 2743 1541 2799 exordium
1569 2746 1678 2801 sumit:
1706 2749 1782 2804 uude
1809 2751 1864 2806 hec

122 2850 220 2915 capreae
234 2856 288 2912 per
313 2837 342 2893 id
357 2835 436 2909 quod
452 2835 578 2909 continet
601 2831 628 2887 id
644 2830 721 2904 quod
744 2829 907 2885 continetur
920 2827 960 2882 si·
1013 2829 1191 2896 mandatum,
1219 2829 1376 2886 maximum
1396 2835 1424 2886 et
1446 2832 1573 2903 primum
1595 2833 1701 2892 dicitur
1723 2837 1754 2893 iu
1775 2839 1866 2895 altura

122 2929 225 3001 efflat
975 2917 1122 2984 cecilicet
1145 2918 1251 2974 tabula
1280 2919 1419 2975 iubemur
1438 2935 1508 2992 ergo
1523 2925 1825 2997 parentesbenorare,
1838 2934 1868 2985 et

148 3019 226 3072 vaus.
241 3017 287 3071 ³0.
303 3043 339 3056 -
354 3010 506 3070 Nouissime
520 3012 619 3063 auten
636 3005 857 3063 couversionem
872 3003 961 3058 lsrae·
1014 3006 1141 3063 officium
1164 3006 1278 3078 pietatis
1304 3011 1334 3063 et
1360 3009 1551 3065 reverentiam
1578 3011 1620 3067 eis
1642 3013 1798 3086 exhibere;
1814 3018 1865 3090 qui

64 3148 66 3165 ,
118 3104 296 3161 lisadlidem
317 3097 421 3157 Christi
436 3095 619 3170 praenuntiat,
641 3099 675 3148 ut
689 3097 842 3165 postquam
865 3090 960 3165 pleni·
1014 3095 1093 3150 euim
1116 3094 1170 3150 bec
1206 3096 1374 3166 parentibus
1413 3113 1470 3153 nen
1496 3097 1572 3168 iacit,
1611 3103 1757 3172 quomodo
1784 3104 1868 3161 faciet

64 3206 67 3233 l
119 3192 324 3267 indagantium
339 3186 499 3254 intraverit,
514 3183 608 3241 omnis
623 3183 708 3239 lsrael
721 3183 814 3237 sulvus
828 3181 888 3236 ilat.
1014 3183 1099 3238 aliis?
1113 3183 1270 3249 Quintum:
1287 3187 1349 3243 Non
1367 3187 1551 3243 mechaberis.
1568 3188 1599 3244 ld
1616 3194 1660 3245 est
1673 3197 1779 3262 praeter
1793 3195 1867 3264 legi·

147 3285 226 3340 laxs.
245 3283 289 3338 bi.
305 3308 340 3320 -
363 3279 389 3332 A
405 3290 508 3332 summe
530 3274 601 3329 cato.
617 3271 709 3342 (tua,
727 3274 821 3342 queat.
844 3270 888 3341 8.)
905 3269 961 3324 Cur
1015 3271 1117 3327 timum
1138 3287 1254 3327 uxorem
1272 3273 1345 3328 nulli
1369 3274 1541 3330 misceberis.
1563 3275 1698 3335 Sextum:
1714 3281 1775 3338 lion
1796 3284 1867 3338 occi·

64 3416 67 3435 ,
118 3389 170 3429 nen
184 3368 289 3428 dixerit
311 3365 601 3422 similiterasumme
623 3365 718 3426 terre,
740 3362 806 3423 eta,
825 3373 910 3428 suque
924 3356 962 3412 ad
1015 3360 1073 3416 des.
1090 3359 1201 3417 Occidit
1227 3360 1314 3417 etiam
1329 3361 1378 3434 qui
1393 3362 1469 3418 lame
1484 3364 1528 3419 rel
1553 3365 1683 3421 nuditate
1703 3367 1868 3440 proximum

64 3452 66 3461 '
118 3477 177 3518 cnm
189 3461 245 3518 hec
258 3458 294 3515 de
318 3453 472 3512 norissima
493 3452 649 3505 electorum
672 3447 895 3521 congregatione
914 3446 982 3502 diu
1015 3447 1091 3505 meri
1112 3448 1199 3518 ridet,
1222 3465 1274 3504 uec
1293 3450 1426 3507 subvenit
1439 3451 1471 3506 in
1491 3458 1631 3524 quantum
1656 3461 1759 3527 potest.
1775 3456 1884 3530 Septi·-

1016 3553 1115 3593 mum:
1131 3539 1191 3596 Non
1212 3539 1320 3606 sterium
1339 3540 1434 3607 foaiea
1460 3541 1491 3596 lu
1510 3557 1569 3612 que
1594 3558 1711 3599 emnem
1735 3545 1869 3616 rapinam

456 3609 568 3666 CAPUT
586 3607 621 3665 V·
1015 3626 1159 3698 prohibet.
1181 3627 1337 3684 Octavum:
1361 3629 1423 3686 lton
1448 3630 1552 3698 salsum
1573 3635 1758 3689 testimenium
1780 3635 1867 3691 dices.

64 3754 66 3761 ι
149 3728 229 3782 γης,
257 3726 282 3779 l.
297 3751 333 3765 -
360 3717 448 3785 Audi,
476 3714 575 3785 lsrael,
603 3717 656 3769 etc.
680 3712 776 3785 (Aue,
792 3712 964 3782 quast.9in
1018 3715 1133 3771 Crimen
1155 3715 1299 3771 mendacii
1322 3721 1352 3772 et
1370 3716 1504 3772 falsitatis
1523 3718 1715 3776 abominatur.
1734 3723 1867 3780 Nouum:

64 3822 66 3873 ῑ
120 3816 202 3887 brut.)
218 3816 263 3869 Au
278 3811 344 3867 ideo
365 3808 475 3864 dictum
496 3808 548 3873 est,
574 3806 639 3871 etc,
661 3801 796 3872 mquead
811 3805 840 3856 et
855 3800 962 3870 videre,
1017 3802 1078 3860 Nan
1103 3804 1272 3873 cancupisces
1298 3819 1412 3860 uaorern
1434 3806 1560 3873 prosim
1582 3808 1635 3861 tui.
1656 3808 1689 3863 ln
1709 3811 1869 3881 quostiam

119 3908 144 3956 οἱ
156 3901 265 3965 „dim
283 3895 466 3954 ammom
479 3891 627 3949 retinere?
1017 3889 1209 3946 adulterinam
1257 3890 1460 3961 cogitationem
1497 3890 1650 3948 interdicit.
1696 3895 1869 3954 Decimum:

150 3992 229 4046 laxs.
252 3989 280 4044 4.
311 3987 448 4041 -Facie
473 3981 641 4047 adfaciem,
669 3982 722 4034 etc.
753 3977 846 4048 (Aua.)
876 3976 964 4033 Paulo
1018 3981 1078 4037 Non
1107 3980 1277 4048 eanmpisces
1312 3994 1369 4033 rem
1399 3981 1523 4048 proaimi
1552 3982 1599 4035 tui
1620 3982 1653 4037 ln
1690 3999 1748 4056 quo
1778 3987 1869 4042 ambi·

120 4086 180 4136 ante
204 4078 361 4135 admonere
381 4071 500 4139 curarit,
524 4074 590 4138 ete,
611 4082 696 4139 usque
709 4066 891 4139 adquamris
911 4065 964 4121 ali-
1018 4068 1126 4124 tionem
1153 4073 1182 4123 et
1202 4067 1464 4139 concupiscentiam
1489 4069 1621 4141 percutit.
1650 4072 1780 4129 Primum
1801 4089 1870 4146 erge

119 4168 165 4240 qui
177 4168 233 4223 hoe
250 4161 438 4236 speraverint,
1019 4153 1152 4227 prohibet
1164 4153 1377 4226 subreptionem
1389 4171 1397 4222 ;
1410 4155 1581 4225 secundum,
1597 4174 1723 4215 errorem
1734 4177 1742 4229 ;
1754 4163 1870 4218 tertium

149 4257 230 4312 Vns.
248 4256 275 4308 5.
288 4283 321 4293 -
334 4252 412 4306 Inter
420 4262 466 4304 uos
479 4249 505 4301 rt
519 4248 602 4302 Deum
627 4244 695 4315 (lu,
711 4245 805 4313 quest.
825 4241 881 4312 le.)
891 4241 963 4296 'lan-
980 4255 1005 4312 p
1022 4243 1120 4299 saeculi
1133 4258 1279 4313 amerem;
1293 4248 1439 4316 quartum,
1454 4244 1805 4321 impietatem;quintum,
1816 4251 1871 4307 tar·

120 4360 203 4417 auem
218 4341 358 4399 Dominus
375 4343 451 4393 essct
469 4335 500 4391 iu
514 4335 586 4402 luce,
607 4337 674 4402 etc,
699 4347 785 4403 usque
799 4330 837 4386 ad
849 4329 969 4385 audiens
1022 4331 1216 4401 uicatienem;
1232 4337 1355 4402 sextum,
1369 4333 1568 4390 crudelitatem
1580 4352 1587 4404 ;
1598 4337 1763 4408 septimum,
1789 4356 1872 4413 rapa·

121 4432 263 4490 demedio
277 4428 354 4502 ignis
373 4441 472 4482 vocem
495 4423 545 4479 lbei
561 4420 682 4479 dicentis
702 4421 870 4491 decalogum
886 4417 968 4490 legis.
1023 4421 1137 4476 citatem
1148 4440 1156 4488 ;
1168 4425 1308 4489 octavum,
1334 4420 1507 4490 falsimw
1523 4439 1646 4491 uenum,
1668 4425 1873 4497 cogitationem

150 4525 234 4578 vans.
252 4523 278 4576 b.
298 4548 333 4559 -
357 4515 479 4573 Reddens
502 4514 685 4582 iniquitatem,
710 4513 763 4565 etc.
786 4506 878 4580 (lem.)
897 4507 970 4563 Sunt
1024 4508 1178 4580 adulterii3
1203 4509 1358 4577 decimum,
1380 4510 1570 4583 cupiditatem
1582 4513 1693 4571 muudi.
1714 4515 1747 4571 lit
1770 4520 1873 4571 notan·

123 4612 221 4684 quiite
241 4608 411 4672 edisserant,
426 4608 492 4669 etc,
508 4616 592 4671 usque
605 4599 643 4654 ad
664 4598 714 4654 scd
733 4597 905 4653 senteutiam
920 4595 970 4651 dia
1024 4598 1106 4668 dum,
1132 4598 1209 4671 qued
1231 4598 1304 4655 sieut
1327 4599 1426 4654 decem
1454 4600 1546 4672 plagia
1566 4601 1766 4674 percutiuntur
1789 4606 1873 4677 AEgy·

125 4701 240 4757 ffiffmg·
1024 4687 1088 4761 ptii,
1114 4686 1155 4743 sie
1179 4686 1277 4743 decem
1304 4688 1456 4760 praeceptis
1482 4688 1594 4759 regitur
1615 4692 1738 4763 papulus
1761 4692 1822 4760 liei,
1846 4698 1876 4749 et

153 4790 202 4846 His
232 4788 283 4859 qui
308 4783 422 4839 admei
445 4795 496 4846 me,
520 4783 545 4834 et
572 4778 676 4847 taciens
701 4773 918 4831 nemesi-deam
941 4773 972 4828 in
1025 4777 1173 4833 daemones
1187 4775 1366 4831 occiduntur.

127 4879 203 4935 auia
221 4869 502 4941 miltiaditipentibus
514 4882 565 4930 me,
581 4869 634 4921 etc.
651 4863 832 4932 liisecilicet,
846 4861 897 4935 qui
911 4862 971 4917 hae·
1061 4865 1145 4920 t'ans.
1163 4866 1207 4919 ht.
1233 4862 1313 4920 -ln
1327 4864 1433 4920 duabsu
1464 4864 1565 4922 tabuiis
1589 4865 1706 4936 lapideis
1728 4883 1798 4936 auus
1813 4873 1876 4926 tra·

128 4963 256 5021 melitana
269 4960 418 5034 impietate
431 4956 585 5012 Dominum
598 4953 732 5009 oderunt.
749 4952 917 5006 Peruersum
930 4954 974 5006 est
1025 4953 1100 5009 didit
1112 4955 1190 5008 mibi.
1206 4952 1296 5025 (lem.)
1311 4954 1372 5009 liue
1387 4955 1574 5020 testamenta,
1586 4960 1653 5024 ete,
1666 4957 1799 5026 usquead
1813 4975 1876 5014 seu·

131 5056 196 5111 cuim
218 5057 338 5127 peccata
361 5052 476 5119 patrum
495 5043 562 5100 tiliis
585 5058 644 5098 nen
671 5039 854 5113 peccantibus
878 5038 975 5111 impu·
1027 5041 1110 5098 sibile
1124 5041 1272 5097 seilicetet
1286 5041 1478 5112 intelligibile.

132 5145 267 5214 turicum
282 5155 334 5213 per
348 5134 524 5192 Ezechielem
546 5132 654 5188 dietum
670 5129 726 5186 sit:
741 5130 828 5185 Filius
841 5144 895 5184 nen
911 5144 975 5199 per-
1063 5128 1147 5184 Vsas.
1174 5131 1216 5184 29.
1239 5158 1275 5169 —-
1290 5129 1356 5196 Quis
1382 5127 1427 5184 det
1451 5131 1530 5184 talem
1553 5145 1596 5187 eos
1617 5130 1716 5188 babere
1742 5138 1878 5194 mentem

134 5234 391 5303 tabitwquitatem,
407 5228 460 5280 ete.
473 5222 583 5296 (Ezecb.
599 5223 688 5293 xvru).
1029 5217 1096 5272 Vult
1120 5218 1194 5272 Deus
1219 5216 1342 5287 intelligi
1364 5215 1455 5288 gratie
1483 5233 1534 5271 sua
1549 5217 1603 5273 boe
1618 5219 1790 5278 beuellcium
1810 5240 1878 5279 eeu·

157 5325 236 5380 Vm.
269 5323 313 5376 lt.
340 5345 378 5359 -
403 5317 462 5372 Nan
488 5310 638 5382 usurpabis
666 5324 761 5364 namen
786 5308 896 5362 barrum
923 5307 976 5362 Dei
1030 5303 1102 5371 cedi,
1131 5309 1163 5359 ut
1189 5303 1220 5358 in
1248 5304 1383 5359 omnihus
1406 5304 1444 5359 sit
1463 5303 1575 5375 justitia
1600 5308 1651 5363 llei
1674 5325 1707 5364 ex
1731 5310 1798 5378 lide,
1821 5328 1881 5368 uon

133 5413 237 5478 imm,
262 5414 319 5466 etc.
335 5405 465 5462 Primum
487 5399 653 5457 mundatum
668 5397 704 5453 ad
720 5398 835 5452 Patrem
851 5392 977 5467 pertinet
1031 5392 1114 5464 quasi
1137 5391 1255 5465 propria
1268 5407 1301 5446 ex
1315 5391 1389 5462 lege,
1417 5392 1511 5448 uude:
1535 5399 1671 5465 Auferam
1686 5401 1727 5453 eis
1738 5415 1783 5454 cor
1806 5401 1881 5471 laps·-

134 5503 196 5573 md
218 5499 329 5559 dicitnr
345 5494 375 5549 in
391 5488 578 5565 sequentihus
596 5506 602 5544 :
618 5487 704 5554 Audi,
727 5485 825 5554 lsrael,
849 5485 976 5539 murinus
1030 5481 1120 5551 deum,
1149 5484 1174 5534 et
1202 5479 1271 5534 dubo
1292 5494 1338 5534 cor
1361 5496 1486 5536 carneum
1515 5485 1621 5553 (Erech.
1651 5501 1752 5558 xxxvi),
1779 5489 1808 5545 id
1828 5497 1882 5561 est,

278 5570 421 5637 Parnon.
448 5561 541 5630 Clllll
1573 5564 1613 5622 15
