3892 6106
138 256 193 317 idi
447 252 646 312 wausrmbl
664 251 789 311 stultit
808 250 906 309 rusb.
927 248 1010 308 tlon.
1029 247 1106 307 OPP.
1126 248 1216 306 PARS
1234 249 1256 306 l.
1276 276 1312 290 -
1329 245 1560 308 resoluatur.
1841 249 1895 308 lit

135 381 267 457 'gicnrel
289 379 417 452 magice,
439 381 484 436 rel
499 379 651 451 cujuslibet
669 378 816 445 doctrinae,
839 392 904 449 quie
919 391 990 432 oon·
1002 391 1024 447 q
1044 373 1117 430 siam
1131 378 1271 446 pugnant,
1287 372 1337 429 sed
1352 372 1485 429 resistere
1510 388 1570 430 nun
1599 374 1705 442 valent,
1740 375 1898 432 traduntur

138 475 183 526 “⁸
194 470 332 542 Ρῑθῑᾶῑθω
346 474 398 534 θῦῑ,
421 466 545 538 amplius
570 481 625 520 non
652 470 746 519 sumet
771 480 778 518 :
796 463 846 519 sed
861 463 942 518 bibet
955 462 991 518 de
1045 463 1110 520 ricti
1123 463 1154 518 in
1166 478 1269 517 manus
1283 468 1449 518 sanctorum
1461 478 1527 518 cum
1538 461 1707 520 habitaculis
1720 466 1792 521 suis.

140 559 268 616 lontibus
291 556 454 620 Salvatoris,
489 570 549 609 non
571 552 752 624 derelinquet
775 552 884 607 iontem
908 567 991 622 equ·

141 649 222 714 vivre,
238 651 272 701 ιιι
286 645 364 700 bibat
377 643 413 697 de
430 642 511 698 fonte
528 640 635 708 Sehun,
650 638 701 694 sed
713 640 826 695 incedet
840 639 885 694 ria
899 639 990 710 regia,
1379 605 1494 662 CAPUT
1513 607 1562 662 1¹1·

39 714 49 732 ’
141 751 206 808 quse
234 738 276 788 est
299 731 436 797 Christus,
452 729 503 802 qui
512 729 599 784 dicit:
619 731 677 797 ligo
694 743 755 785 suan
767 730 825 797 oie,
838 731 949 794 emtus,
966 735 991 783 ct
1079 729 1158 785 Vens.
1187 733 1211 784 l.
1236 758 1271 771 -
1296 730 1395 799 Itaque
1424 731 1553 784 cunensi.
1575 728 1616 784 nd
1638 728 1691 800 0g,
1716 729 1768 801 qni
1789 734 1900 786 estrex

140 827 199 879 uilo
213 822 308 892 (Juun.
323 818 390 890 xlv),
406 824 434 873 et
448 834 509 884 rex,
533 816 691 873 secundnm
713 816 796 883 illud,
818 819 898 881 licus,
911 816 990 886 judi·
1045 815 1145 882 basan,
1169 831 1222 870 nec
1236 817 1346 886 legatos
1360 812 1655 887 dignantur'mittere,
1673 832 1727 871 nec
1740 817 1896 873 transitum

141 914 212 966 dum
229 915 306 965 tuum
329 910 389 975 reus·
410 907 448 962 du
473 906 560 978 (Prot.
587 906 672 978 uxr).
702 906 765 961 Non
791 905 945 961 declinabit
959 906 990 961 in
1043 918 1097 974 per
1108 909 1213 959 terram
1228 906 1291 976 ejus
1305 909 1403 975 petere
1419 920 1427 958 ε
1441 903 1578 959 continuo
1593 905 1753 977 cunttignnt
1766 920 1834 960 cum
1850 921 1896 965 eo.

141 1013 253 1069 agrum.
270 1012 364 1068 neque
383 995 414 1050 in
430 995 543 1050 vineam
558 995 631 1065 ejus,
653 994 690 1050 ad
704 1010 792 1066 opera
813 993 930 1061 scilicet,
945 995 990 1050 rel
1043 997 1209 1064 superantes
1223 1008 1289 1048 eum
1304 998 1333 1048 st
1351 993 1491 1065 populum
1506 1008 1602 1048 suum.
1616 993 1706 1048 liasan
1722 993 1894 1066 interpreta-

141 1087 176 1143 ad
195 1102 296 1158 prasos
309 1100 408 1140 sensus
435 1085 506 1154 ejus.
535 1083 695 1140 Amorrlraei
724 1084 875 1156 loquentes
897 1083 989 1140 inter-
1042 1085 1091 1136 tur
1105 1081 1275 1154 turpitudo:
1297 1081 1400 1137 merito
1423 1097 1492 1153 ergo
1507 1097 1559 1137 nec
1575 1082 1661 1153 legati
1685 1083 1889 1139 mittuntured

140 1178 301 1246 pretentnr,
329 1173 373 1227 vel
388 1173 586 1238 amaricantes,
615 1172 684 1245 quia
713 1173 804 1229 lisum
817 1172 855 1228 ud
883 1172 989 1228 ammi·
1043 1174 1158 1240 gentem
1180 1171 1276 1237 istam,
1303 1187 1357 1226 nec
1372 1171 1661 1244 transitus-petitum
1691 1171 1788 1227 nullus
1812 1173 1889 1228 enim

141 1262 270 1321 tudinem
283 1266 447 1333 provocant,
462 1266 492 1318 et
505 1261 535 1316 in
551 1260 646 1316 verbis
655 1265 770 1316 tantum
786 1259 990 1330 confiduntut
1041 1258 1178 1314 transitus
1202 1259 1288 1315 debet
1302 1259 1385 1314 nobis
1400 1275 1472 1325 esse,
1487 1260 1533 1314 rel
1560 1275 1696 1315 ascensus
1709 1260 1744 1315 ad
1766 1260 1889 1331 turpitu-

138 1355 242 1424 poetre,
266 1350 415 1421 astrologi,
440 1348 617 1421 philosophi,
637 1347 688 1420 qui
700 1349 799 1404 inania
813 1349 987 1420 loquuntnr;
1040 1346 1150 1417 dinem,
1165 1363 1231 1420 quse
1245 1348 1347 1418 {statim
1362 1346 1564 1419 expugnanda,
1580 1351 1610 1402 et
1624 1347 1745 1403 omnino
1764 1347 1889 1403 carenda

137 1453 259 1511 regnum
276 1444 372 1494 nutem
398 1439 447 1493 liei
470 1443 586 1494 nonest
606 1439 636 1493 in
653 1453 796 1506 sermone,
809 1438 858 1493 sed
871 1437 986 1494 virtute.
1042 1441 1094 1491 est.
1114 1436 1157 1507 Og
1188 1441 1285 1491 autem
1308 1437 1515 1508 interpretatur
1534 1435 1693 1503 conclusi03
1709 1435 1838 1492 carnalia
1863 1437 1898 1491 si·

138 1530 243 1584 Volunt
261 1527 361 1583 fideles
388 1543 455 1582 cum
482 1543 552 1598 pace
580 1526 713 1593 transire,
730 1530 759 1580 et
784 1525 895 1598 pacifici
925 1542 987 1581 esse
1041 1523 1168 1596 gnillcat,
1183 1540 1308 1597 qnorum
1329 1523 1472 1579 desiderio
1500 1523 1597 1579 anima
1617 1524 1791 1592 excluditur,
1805 1529 1835 1580 et
1850 1540 1897 1580 se·

137 1617 225 1672 etiam
241 1631 307 1670 cum
322 1615 447 1671 inimicis
464 1615 561 1686 pacis:
589 1614 638 1669 sed
654 1630 688 1668 eu
708 1615 802 1686 magis
826 1614 987 1687 principem
1040 1616 1159 1683 paratur
1174 1629 1191 1667 a
1206 1614 1273 1668 lieo.
1294 1612 1435 1668 Adversus
1450 1612 1512 1667 haec
1525 1611 1566 1667 sic
1594 1615 1637 1667 est
1660 1611 1840 1679 bellandum,
1865 1617 1898 1668 ut

137 1705 240 1761 mundi
267 1703 429 1770 offendunt,
458 1719 516 1775 qno
533 1719 564 1758 se
578 1718 644 1758 cum
660 1703 710 1759 illu
725 1704 801 1758 nolle
821 1705 928 1758 murari
943 1704 986 1760 di·
1002 1685 1023 1740 Β
1042 1701 1155 1756 ιιιιΙΙιιιιι
1170 1701 1349 1773 relinquetur
1363 1701 1475 1756 vitium.
1492 1701 1609 1756 Nullum
1626 1700 1705 1756 euim
1720 1706 1836 1772 oportet
1850 1716 1896 1755 re·

139 1798 218 1860 cunt,
232 1808 285 1848 nec
298 1791 410 1862 aliquid
431 1792 497 1862 ejus
519 1791 694 1863 contingere.
718 1791 787 1847 lnde
803 1793 988 1848 exacerbatus
1042 1789 1136 1861 linqui
1157 1788 1187 1844 in
1211 1806 1302 1861 regno
1329 1789 1534 1861 turpitudinie;
1563 1789 1668 1845 debent
1694 1789 1774 1857 euim
1799 1789 1898 1862 turpis

137 1881 230 1952 magis
256 1881 449 1951 persequitur,
475 1880 603 1951 pericula
626 1879 754 1939 suscitat.
782 1880 925 1935 cruciatus
944 1880 989 1935 in·
1042 1877 1176 1945 resecari,
1190 1884 1223 1934 ut
1247 1878 1366 1933 honeste
1380 1882 1409 1933 et
1424 1876 1560 1950 religiosa
1573 1877 1686 1948 possint
1696 1877 1846 1934 aedificem.
1863 1880 1896 1935 ln

138 1974 240 2035 tentat,
253 1973 410 2040 congregat
425 1968 564 2039 populum
581 1984 677 2037 suum,
692 1967 752 2023 exit
767 1967 921 2041 conlligere
934 1968 984 2023 ad·
1042 1980 1133 2036 regno
1151 1966 1246 2021 Sebon
1273 1967 1317 2020 vel
1339 1966 1422 2022 lloab
1443 1982 1500 2021 uon
1528 1966 1583 2021 hoc
1604 1965 1782 2038 praeripitur.
1813 1966 1896 2022 Forte

137 2074 252 2113 versum
266 2057 352 2113 lsrael
369 2072 377 2111 ι
393 2056 518 2127 pupulus
536 2057 599 2124 ejus
614 2063 681 2110 sunt
698 2056 854 2128 principes,
868 2061 896 2110 et
907 2056 988 2127 judi·
1042 2053 1170 2108 enimes
1185 2053 1241 2108 illis
1256 2053 1365 2125 aliquid
1387 2054 1471 2109 nobis
1492 2071 1565 2126 opus
1585 2059 1636 2122 est,
1656 2070 1715 2126 quo
1744 2055 1895 2122 multiplex

139 2162 186 2200 ces
209 2144 320 2212 mundi,
335 2145 488 2215 cunctique
504 2143 642 2216 nequitias
670 2145 804 2211 ministri,
819 2144 870 2216 qui
894 2160 989 2216 perse·
1041 2143 1189 2213 praesentis
1204 2142 1268 2198 vitae
1288 2157 1357 2197 usus
1370 2147 1434 2214 eget
1449 2159 1457 2198 ι
1473 2143 1603 2217 alioquin
1620 2143 1793 2200 deberemus
1814 2145 1893 2201 exire

138 2239 268 2308 qunutur
290 2234 430 2306 populum
459 2232 508 2288 liei
523 2250 531 2288 :
546 2234 597 2288 sed
622 2238 652 2288 et
676 2234 736 2304 ipse
763 2235 842 2289 venit
869 2233 986 2301 inlesa,
1042 2230 1077 2286 de
1092 2231 1147 2286 huc
1161 2230 1279 2286 mundo.
1301 2230 1341 2285 lle
1357 2231 1446 2286 &san
1461 2247 1538 2299 veru,
1554 2230 1583 2286 id
1599 2237 1644 2287 est
1656 2231 1692 2287 de
1703 2233 1893 2302 turpitudine,

139 2323 216 2397 quod
245 2323 450 2394 interpretatur
474 2322 603 2378 mandati
618 2321 757 2393 impletio.
777 2322 831 2388 uui
855 2323 933 2378 enim
952 2324 987 2379 ad
1041 2319 1114 2375 nihil
1129 2319 1330 2392 relinquimus,
1352 2319 1422 2392 quia
1436 2319 1526 2375 nihilo
1548 2320 1722 2392 indigemus.
1738 2322 1895 2379 ilonestum

140 2411 336 2483 expletionem
364 2410 568 2466 mandatorum
597 2411 647 2465 Dei
673 2412 794 2479 venerit,
821 2411 917 2467 Sebon
943 2411 988 2466 rel
1043 2408 1131 2464 etiam
1144 2424 1205 2464 esse
1218 2424 1277 2463 nou
1294 2413 1396 2480 potest,
1417 2409 1496 2480 qnod
1509 2412 1592 2482 turpe
1607 2416 1659 2466 est.

139 2499 296 2554 exercitum
324 2498 387 2570 ejus
421 2498 586 2553 saevientem
618 2514 677 2554 non
713 2499 835 2556 timebit.
859 2500 988 2556 Mandata
1078 2496 1159 2550 Vsss.
1174 2495 1201 2550 4.
1224 2525 1258 2537 -
1281 2496 1442 2565 Seuugintu.
1460 2497 1643 2569 Superiorem
1663 2514 1763 2554 senem
1785 2500 1891 2555 confir·

138 2587 217 2641 enim
250 2587 301 2642 liei
328 2587 482 2657 complere,
515 2591 561 2655 est
586 2586 743 2654 diabolum,
777 2592 806 2642 et
833 2588 989 2643 exercitum
1042 2588 1112 2640 mat.
1128 2583 1334 2656 Sexagenarius
1362 2585 1469 2658 quippe
1488 2601 1636 2654 numerus,
1665 2587 1893 2658 sicntsenarins,

139 2676 202 2747 eius
229 2690 374 2747 superare.
399 2675 445 2731 Sic
458 2675 536 2730 enirn
562 2675 684 2731 conterit
713 2677 789 2732 lleus
819 2676 907 2733 Satan
934 2677 988 2732 snb
1041 2672 1248 2746 perfectionem
1270 2674 1422 2746 significat.
1439 2676 1513 2731 Bene
1528 2664 1626 2731 autem
1642 2676 1890 2750 sexagintanrbes

138 2764 261 2836 pedibus
289 2764 403 2833 nostris,
433 2764 470 2820 da
497 2763 580 2820 nubis
603 2751 763 2837 potentiam
790 2765 918 2822 calcandi
940 2782 988 2821 sn·
1043 2765 1184 2816 memoret
1208 2766 1331 2817 vastatm
1344 2761 1375 2818 in
1397 2763 1513 2834 regione
1529 2763 1572 2847 og
1585 2763 1661 2837 regis
1682 2765 1783 2831 Busan,
1808 2766 1838 2823 id
1853 2772 1897 2822 ost

138 2869 192 2924 per
205 2858 350 2925 serpentes
374 2858 404 2909 et
419 2853 593 2926 scorpiones,
617 2858 647 2908 et
662 2870 748 2926 super
762 2870 877 2911 omnem
897 2854 987 2911 rirtu-
1044 2849 1161 2918 diaboli,
1191 2850 1242 2922 qni
1267 2855 1311 2905 est
1325 2866 1375 2906 rex
1389 2851 1593 2924 turpitudinis;
1611 2854 1680 2926 quia
1693 2854 1893 2926 perfectuum-

138 2946 199 2998 tem
213 2940 332 2999 inimici.
1006 2939 1124 3033 cuium
1148 2939 1284 2995 viliorum
1307 2940 1523 2997 delectationem
1547 2943 1750 3000 destruendam
1773 2961 1836 3002 esse
1859 2947 1894 3002 si·

173 3030 255 3086 Vens.
270 3032 314 3086 30.
340 3059 376 3073 -
402 3031 476 3098 Quia
497 3030 688 3087 induraverat.
713 3032 810 3105 longa
836 3033 985 3105 patientia,
1043 3028 1168 3099 gnificat.
1190 3029 1288 3101 argob
1305 3039 1403 3096 ιιιιιι,
1427 3029 1457 3085 id
1480 3036 1523 3085 est
1546 3031 1698 3087 maledicta
1716 3032 1892 3099 sublimitas,

139 3135 199 3176 non
217 3119 398 3190 corrigendo,
426 3119 504 3174 unde
526 3117 556 3191 in
578 3119 673 3175 hod:
700 3122 758 3188 squ
785 3121 915 3177 turiurum
942 3137 988 3178 cor
1039 3120 1183 3171 terrsnnrn
1199 3117 1374 3188 superbiam,
1390 3117 1544 3190 significat,
1560 3136 1626 3192 qnae
1638 3119 1669 3174 in
1684 3120 1752 3176 tiliis
1765 3121 1818 3176 iras
1845 3137 1890 3177 re·

138 3209 293 3265 Pioruuna'a
324 3207 425 3279 (Eruci.
454 3209 500 3279 x),
524 3213 553 3262 et
580 3209 749 3264 Psalmista:
779 3210 917 3267 Convertit
942 3226 988 3267 cor
1041 3210 1128 3275 gnat:
1145 3205 1295 3260 destructis
1308 3206 1437 3276 urbibus,
1450 3208 1526 3263 viros
1541 3224 1574 3263 ac
1589 3209 1725 3264 mulieres
1739 3226 1771 3264 ac
1785 3226 1890 3283 perro·

140 3309 240 3364 ewam,
267 3300 298 3348 ut
321 3295 432 3350 odirent
456 3296 588 3364 ροριιιιιιιι
615 3298 674 3366 ejus
698 3297 783 3368 (Paul.
812 3298 876 3370 cir).
897 3299 988 3355 causa
1041 3293 1085 3348 los
1099 3292 1168 3349 dicit
1181 3293 1355 3358 interlectos,
1367 3295 1501 3367 jumenta
1516 3302 1545 3352 et
1555 3297 1649 3368 spolia
1663 3297 1788 3370 direpta,
1809 3298 1890 3371 qnia,

138 3393 207 3434 reru
235 3377 427 3433 indurationis
452 3377 578 3446 additur,
607 3385 637 3435 ut
657 3380 812 3437 truderetur
833 3384 864 3438 ιἰι
890 3398 988 3439 munus
1042 3382 1206 3437 munitione
1218 3383 1325 3438 diaboli
1340 3389 1484 3456 superata,
1500 3385 1641 3458 quidquid
1652 3387 1682 3441 in
1692 3403 1779 3442 carne
1792 3393 1894 3442 nostra

140 3471 212 3529 tuus,
227 3464 257 3521 id
269 3470 314 3520 est
326 3471 359 3521 ut
372 3470 568 3521 contereretur
582 3473 655 3537 ate3
670 3470 747 3541 quod
763 3485 822 3525 non
836 3470 919 3526 deret
932 3471 989 3526 nisi
1043 3470 1158 3539 rebelle,
1175 3472 1316 3544 quidquid
1335 3472 1472 3530 lascivum
1493 3475 1668 3530 senserimus
1681 3491 1747 3530 cnm
1764 3476 1894 3547 parvulis

140 3553 295 3622 resisteret,
317 3569 370 3609 nec
384 3553 530 3609 resisteret
553 3555 608 3610 nisi
623 3555 773 3612 induratus
788 3563 871 3614 esset.
897 3559 989 3631 liujus
1041 3557 1337 3630 cogitationibus,zelo
1349 3560 1682 3630 lieiestcunterendurnr
1694 3562 1839 3636 quidquid
1849 3579 1898 3619 an·

140 3641 183 3697 rei
193 3640 336 3713 justitiam
350 3640 374 3696 si
388 3641 598 3713 quesierimus,
617 3642 814 3703 inscrutabilia
832 3652 899 3703 sunt
908 3648 990 3720 judi·
1042 3650 1100 3701 tsm
1112 3645 1145 3702 in
1159 3647 1339 3719 simplicitate
1353 3648 1419 3721 puri
1442 3665 1553 3719 sensus,
1573 3651 1618 3707 rel
1633 3652 1832 3708 membrorum
1848 3669 1894 3708 or·

77 3749 82 3755 ·
141 3730 269 3800 ciaejus,
284 3729 334 3785 sed
348 3728 486 3802 iniquitas
500 3746 558 3785 non
573 3735 616 3786 est
628 3733 706 3802 apud
719 3733 820 3790 licum.
1043 3740 1125 3804 natu,
1138 3736 1254 3792 servitio
1271 3737 1321 3793 liei
1332 3742 1433 3810 aptum
1447 3739 1637 3810 inveniemus,
1649 3756 1794 3797 reservare
1808 3741 1894 3797 debe·

178 3820 264 3874 Vens.
290 3821 333 3874 ³3.
364 3848 398 3859 -
420 3820 658 3890 Percussimusqec
684 3836 753 3877 eum.
780 3823 835 3889 Qui
849 3828 916 3879 sunt
930 3826 990 3881 veri
1046 3832 1119 3878 mus.

142 3906 289 3974 israelites,
303 3922 363 3962 non
389 3921 474 3963 carne
491 3908 584 3964 ludrei
599 3909 648 3964 sed
674 3910 787 3983 spiritu,
812 3912 944 3968 habitent
958 3913 1013 3969 in·
1079 3912 1159 3968 Vens.
1178 3915 1220 3968 lt.
1235 3943 1271 3956 -
1285 3917 1457 3986 lucrumque.
1478 3916 1588 3988 (Gara,
1614 3917 1665 3974 lib.
1693 3921 1894 3989 xrvullorut,

142 3994 772 4066 omnibnscivitatibusAmorrhmurum,cum
784 3998 816 4055 in
831 4001 989 4057 omniorbe
1044 4016 1107 4074 cap.
1125 4002 1183 4072 tu.)
1198 4002 1271 4058 Sunt
1285 4003 1370 4059 multi
1385 4004 1416 4059 in
1426 4004 1559 4073 Ecclesia,
1577 4010 1640 4071 etc„
1664 4022 1749 4078 usque
1768 4009 1807 4064 ud
1821 4025 1896 4065 rans

141 4088 284 4139 terrarum
295 4083 399 4139 Christi
423 4085 553 4141 Ecclesia
576 4091 782 4158 propagantur,
793 4092 823 4143 et
837 4090 990 4163 unusquis-
1044 4089 1153 4145 scilicet
1165 4090 1307 4147 desideria
1322 4096 1351 4146 et
1364 4092 1574 4148 irrationabiles
1584 4095 1674 4150 enimi
1687 4101 1794 4151 motus.

142 4187 198 4243 que
212 4176 343 4226 nostrum
359 4170 457 4226 civitas
470 4171 524 4227 luit
537 4173 614 4244 regis
628 4173 722 4230 &hun
740 4192 747 4230 :
770 4175 839 4248 quia
853 4179 991 4248 regnabat
1078 4179 1176 4234 Buten
1198 4185 1224 4235 et
1252 4179 1314 4235 Gud
1337 4180 1431 4251 (nis.)
1447 4182 1546 4238 ltaben
1560 4183 1773 4256 primogenitus
1794 4186 1895 4259 lecob,

141 4261 172 4315 in
201 4258 282 4314 nobis
305 4259 436 4327 stultitia,
452 4259 597 4330 superbia,
613 4260 756 4332 impietas,
771 4269 801 4318 et
814 4266 912 4321 omnia
929 4281 994 4337 quse
1010 4270 1112 4331 neto..
1127 4283 1213 4337 usque
1230 4267 1267 4322 ud
1279 4268 1405 4324 sedcnm
1421 4269 1491 4341 ipsis
1503 4271 1673 4328 mulieribus
1692 4279 1721 4328 et
1736 4273 1897 4331 infantibus

143 4346 275 4402 diabulus
295 4345 434 4418 suggerit.
450 4345 504 4401 Sed
527 4346 577 4403 ubi
591 4346 682 4402 victus
705 4354 747 4405 est
769 4349 863 4418 tortis,
877 4356 907 4407 et
925 4368 993 4408 rasa
1045 4356 1221 4412 contendunt
1228 4357 1350 4413 transire
1364 4362 1394 4413 et
1407 4358 1442 4414 ad
1453 4359 1575 4431 patriam
1591 4362 1748 4433 pervenire.
1789 4348 1791 4351 ¹

142 4436 205 4508 ejus
220 4432 435 4505 direptajsiacti
449 4449 549 4489 sumus
567 4434 696 4491 ciuitates
714 4437 813 4506 lsrael,
840 4439 991 4497 haereditas
1080 4444 1161 4499 Vras.
1190 4447 1234 4501 28.
1263 4476 1299 4488 -
1326 4448 1446 4518 Pracipe
1471 4450 1559 4517 lusae,
1583 4455 1628 4505 etc
1655 4451 1755 4523 llagua
1774 4451 1897 4524 dispen-

143 4527 319 4589 sancturum,
344 4521 438 4576 excisa
462 4519 541 4592 prius
553 4521 656 4577 arbore
686 4523 873 4595 infructuosa,
892 4533 921 4583 et
942 4529 991 4584 de·
1044 4531 1156 4587 setium
1182 4531 1233 4588 liei
1260 4533 1368 4589 lactum
1394 4539 1447 4602 est,
1472 4552 1508 4591 ne
1531 4537 1629 4604 lluses,
1649 4538 1700 4610 qui
1732 4545 1778 4595 est
1808 4546 1898 4613 typus

141 4610 216 4681 jectu
231 4608 304 4663 elatu
319 4622 397 4679 rege,
413 4612 443 4663 et
456 4613 594 4680 regnante
608 4608 639 4664 in
654 4611 738 4668 nubis
752 4621 924 4682 mansuseto,
941 4615 992 4688 qni
1044 4617 1126 4689 legis,
1146 4619 1341 4677 introduceret
1355 4624 1495 4695 populum
1516 4623 1665 4681 interram
1683 4627 1895 4697 promissionis,

145 4697 235 4754 dicit:
250 4699 448 4764 Discurrens,
473 4699 540 4768 quio
552 4699 628 4753 mitis
645 4713 706 4754 sum
720 4704 747 4756 et
769 4701 879 4760 inmitis
901 4705 990 4772 aude,
1044 4705 1114 4776 quia
1129 4706 1174 4761 lex
1189 4709 1335 4764 neminem
1362 4709 1397 4765 ad
1413 4710 1573 4781 perlectum
1589 4712 1725 4781 adduxit;
1740 4714 1828 4770 losne
1848 4732 1899 4771 au·

145 4789 198 4839 etc.
225 4782 333 4854 (dluttb.
368 4783 417 4855 ιιι).
443 4782 565 4838 Nomina
588 4800 704 4856 quoque
731 4787 861 4843 locorum
888 4807 991 4847 conre-
1043 4797 1103 4849 tem
1115 4799 1200 4867 typus
1212 4796 1327 4866 Christi,
1343 4799 1394 4871 qni
1414 4800 1539 4856 salvator
1552 4801 1767 4874 interpretatur.
1796 4804 1898 4874 (Chri-

145 4873 252 4926 niunt:
282 4877 374 4928 Aruer
387 4888 513 4945 namque
529 4872 680 4929 sublevem
695 4874 919 4949 interpretatur;
938 4884 991 4936 dr·
1044 4886 1104 4938 stus
1143 4883 1221 4939 enim
1246 4886 1386 4958 pupulum
1411 4904 1494 4944 suam
1523 4889 1660 4961 salvarit),
1692 4893 1900 4949 convenienter

147 4976 217 5028 non,
233 4977 352 5017 acervus
376 4962 515 5032 tristitiae3
539 4963 655 5032 Galaad,
685 4966 793 5021 acervis
822 4968 989 5027 testimonii.
1045 4971 1102 5028 dux
1112 4975 1141 5028 et
1155 4972 1325 5047 princepsin
1338 4980 1445 5032 terrem
1455 4977 1640 5048 promisionis
1654 4979 1823 5037 introduxit.

144 5045 186 5101 sb
200 5049 290 5101 Aruer
305 5063 386 5120 ergo,
402 5065 462 5121 quc
479 5056 520 5107 est
538 5066 619 5122 super
633 5054 726 5123 ripum
739 5058 869 5112 torrentis
883 5058 989 5126 Arnon,

145 5140 198 5189 etc.
212 5133 285 5199 Quia
308 5137 403 5192 omnis
428 5154 550 5209 persone
577 5140 730 5213 cujuslibet
747 5142 894 5215 dignitatis
916 5147 992 5203 fastu
1383 5118 1496 5176 CAPUT
1516 5119 1561 5175 [γ’

144 5221 287 5292 superbire
306 5223 351 5278 rel
364 5240 472 5296 pompe
486 5229 632 5286 conlidens
641 5231 798 5299 mundana,
811 5247 877 5287 cum
891 5248 992 5304 perse-
1080 5239 1162 5296 viss.
1177 5244 1202 5298 l.
1218 5272 1253 5283 -
1267 5244 1304 5299 lit
1324 5259 1406 5312 amic,
1419 5245 1517 5311 lsrael,
1542 5245 1611 5300 uadi
1622 5250 1759 5317 precepto
1776 5250 1803 5302 et
1813 5248 1899 5318 judi-

144 5309 290 5366 catoribus
313 5311 474 5384 quinariis
498 5317 732 5376 tribulationibus
746 5319 921 5376 Gbrutienos
943 5337 993 5377 en·
1045 5329 1099 5382 eiu.
1113 5329 1173 5387 Nun
1185 5328 1304 5386 addetis.
1331 5331 1418 5387 Docet
1432 5348 1566 5388 normam
1594 5334 1749 5406 requitatis,
1775 5340 1806 5392 et
1832 5353 1897 5393 om·

143 5397 286 5471 gnstient;
316 5415 407 5472 usque
428 5401 464 5458 ad
482 5402 684 5462 hereticorum
712 5409 909 5480 muciliabula,
941 5410 992 5483 qui
1044 5428 1112 5469 nem
1139 5414 1273 5472 haeresim
1299 5418 1432 5489 percutit.
1450 5419 1533 5476 Vetat
1556 5420 1635 5477 enim
1655 5427 1740 5479 rectas
1755 5422 1899 5483 doctrin·

145 5484 319 5543 testimoniis
352 5485 566 5560 scripturarum
598 5492 758 5566 depravatis
775 5502 875 5555 contra
900 5499 992 5557 liecle·
1044 5502 1154 5575 aliquid
1177 5519 1271 5576 preses
1287 5505 1443 5564 intentioni
1459 5507 1576 5576 addere,
1595 5508 1640 5568 rel
1655 5510 1766 5583 aliquid
1789 5513 1897 5570 serim·
1932 5505 1938 5517 '
