3892 6106
144 258 191 311 791
458 251 659 307 wanasmnt
677 249 801 304 sinant
820 249 919 306 FULD.
941 249 1022 304 ΜΟΝ.
1044 247 1124 303 ΟΡΡ.
1141 247 1230 303 PARS
1248 247 1269 301 1.
1284 274 1317 286 -
1337 245 1566 301 naumurum.
1848 247 1896 297 tae

144 371 276 428 modoiu
300 371 478 427 subditorum
507 370 636 426 moribus
659 369 754 425 studio
783 365 996 439 praedicationis
1014 368 1202 424 tricordiam
1228 368 1427 439 deprecamur.
1459 369 1530 423 Cum
1553 383 1587 423 eo
1617 366 1810 439 disputamus,
1830 366 1895 422 darm

145 477 205 516 nou
219 460 382 533 exquirunt.
1048 473 1099 512 nos
1124 457 1201 512 illius
1227 457 1347 528 justitia
1363 457 1570 529 conjungentes
1584 456 1657 512 iacta
1681 461 1782 511 nostra
1805 456 1895 510 subtili

184 553 248 606 «Et
274 549 427 621 optimates
446 549 620 619 supplantat.
651 545 794 617 «(ῦρρρ.)
823 544 904 609 Quia,
927 559 993 599 cum
1048 546 1233 618 indagatione
1247 547 1427 602 discutimus.
1449 547 1498 601 Vel
1524 563 1589 601 cum
1620 548 1679 601 [leo
1702 545 1833 615 disputat
1849 544 1895 616 qui

148 645 274 695 mentam
298 637 470 709 regentium„
483 638 561 708 J'usto
591 634 700 706 judicio
727 633 842 700 deserit,
868 632 995 688 colestia
1048 635 1095 690 hic
1111 637 1138 690 ei
1153 636 1300 702 obediens,
1316 639 1382 706 post
1395 651 1461 689 cnm
1476 650 1510 689 eo
1532 635 1657 706 populos
1679 634 1833 705 judicabit,
1848 633 1894 705 qui

147 728 309 800 negligunt,
326 731 354 781 et
368 725 398 780 in
415 725 473 780 suis
486 725 533 779 hic
547 722 743 794 voluptatibus
757 722 872 778 cadunt.
1048 724 1134 780 etiam
1144 724 1261 779 interim
1270 725 1305 779 da
1320 724 1429 796 iniquis
1437 723 1568 794 judicare
1583 739 1643 778 non
1657 727 1760 778 cessat.

181 818 262 869 Vsus.
289 817 334 870 20.
360 844 395 853 -
419 814 637 868 «Commutans
665 811 775 866 labium
808 810 992 865 veracium.»
1084 813 1256 868 11ρρε.1.-
1278 835 1288 859 ι
1313 813 1393 866 Prius
1419 828 1469 867 vos
1495 812 1655 880 ostendam,
1678 831 1693 864 ρ
1720 815 1776 867 ete.
1804 810 1895 882 (ibid.)

146 903 218 970 Ouia
230 918 306 973 saepe
321 903 362 969 hi,
379 902 428 973 qui
439 902 564 957 coelestia
579 900 762 973 praedicando
773 914 886 954 veraces
901 903 992 967 eraut,
1047 901 1092 958 Sic
1109 902 1231 956 Ecclesia
1245 902 1279 956 dc
1305 901 1458 966 licereticis,
1480 923 1494 952 e
1521 900 1602 972 prius
1616 917 1666 955 vos
1689 900 1843 955 ostendam
1857 901 1894 955 ia-

145 992 214 1047 dum
241 990 411 1063 temporalia
430 990 565 1062 diligunt,
593 990 627 1044 ad
643 994 756 1044 terrena
770 988 917 1061 diligenda
929 1004 994 1044 eor·
1047 991 1223 1058 bricatores;
1241 1012 1255 1039 a
1271 990 1436 1046 sicutenim
1451 989 1605 1046 editicium
1622 990 1658 1045 da
1685 988 1845 1061 lapidibus,
1859 989 1895 1043 ita

144 1086 244 1149 ruunt,
260 1080 370 1135 labium
385 1079 528 1134 veracium
542 1083 745 1133 commutatur.
760 1078 808 1133 llel
829 1078 863 1132 de
887 1076 993 1133 ludaeis
1048 1079 1135 1133 etiam
1150 1079 1332 1134 mendacium
1347 1078 1527 1134 sermonibus
1541 1077 1707 1134 fabricatur.

144 1171 240 1238 potest
254 1168 387 1239 intelligi,
404 1167 455 1238 qui
470 1174 535 1221 ante
553 1182 666 1220 veraces
681 1166 825 1222 Christum
839 1170 993 1220 venturum
1084 1168 1162 1221 Vsus.
1191 1171 1217 1222 5.
1248 1198 1282 1207 -
1311 1187 1325 1219 s
1353 1169 1445 1239 Atque
1471 1167 1583 1222 utinam
1609 1167 1786 1221 taceretis.»
1809 1167 1896 1237 (laid.)

145 1256 361 1320 nuntiaverunt,
377 1271 406 1309 se
417 1259 588 1326 praesentem
603 1254 680 1309 bunc
698 1255 885 1324 negaverunt.
1049 1256 1215 1311 Videnseos
1243 1257 1315 1312 velle
1341 1273 1491 1327 apparere,
1529 1261 1597 1322 etc,
1617 1270 1703 1326 usque
1730 1255 1769 1310 ud
1797 1255 1896 1327 quibus

182 1347 245 1400 «Et
263 1344 461 1400 doctrinamve
485 1342 580 1414 (ibid.)
606 1342 741 1397 Doctrina
767 1357 869 1396 sanum
899 1341 994 1395 ablata
1048 1345 1178 1399 infirmas
1193 1350 1306 1400 ruentes
1320 1346 1465 1400 seducant.

145 1438 196 1500 est,
213 1433 281 1505 quia
301 1431 393 1487 ludaei
408 1446 591 1503 nequaquam
608 1449 640 1485 ea
656 1430 797 1485 credendo
812 1429 901 1484 secuti
916 1435 992 1496 suut,
1085 1435 1164 1489 Vens.
1181 1438 1254 1490 6.-
1279 1455 1292 1487 a
1321 1435 1425 1490 Audite
1440 1449 1510 1506 ergo
1525 1433 1734 1489 correctionem
1761 1448 1894 1488 meam.»

145 1540 209 1595 quoe
221 1528 316 1594 patres
336 1538 400 1576 suos
415 1521 580 1590 praedixisse
596 1519 800 1575 meminerunt.
1047 1526 1149 1596 (laid.)
1167 1528 1242 1582 liene
1257 1543 1327 1598 ergo
1347 1527 1428 1597 prius
1442 1526 1646 1581 correctionem
1662 1531 1729 1597 post
1758 1526 1896 1597 judicium

180 1613 260 1666 Vsus.
272 1614 317 1666 11.
331 1642 366 1650 -
380 1629 394 1661 α
406 1609 532 1665 Etinndit
557 1608 770 1678 despectionem
798 1622 884 1678 super
909 1607 992 1678 prin·
1007 1651 1029 1708 B
1048 1614 1155 1681 intulit,
1168 1614 1236 1685 quia
1249 1615 1304 1668 nisi
1320 1630 1372 1685 per
1386 1614 1592 1669 correctionem
1608 1613 1689 1685 prius
1704 1613 1788 1669 stulti
1803 1619 1895 1669 tumor

145 1699 232 1771 cipes.
248 1699 409 1754 »Judaeiin
425 1698 497 1770 legis
512 1697 655 1753 mandalis
677 1701 881 1768 permanentes
909 1694 993 1766 prin·
1047 1703 1236 1774 deprimatur,
1252 1717 1436 1774 nequaquam
1449 1717 1501 1773 per
1519 1701 1744 1773 intelligentiam
1756 1701 1894 1773 judicium

144 1788 233 1860 cipari
258 1804 310 1859 per
337 1786 424 1842 tidem
457 1786 645 1841 ridebantur:
670 1785 793 1857 gentiles
807 1785 837 1839 iu
852 1783 993 1855 profundo
1044 1790 1115 1862 justi
1132 1791 1326 1862 cognoscitur.

144 1876 302 1948 pressiper
322 1875 522 1930 infidelitatem
547 1876 717 1942 latuerunt;
745 1874 793 1929 sed
815 1872 994 1929 cumiucar-
1084 1881 1164 1934 Vens.
1193 1882 1219 1934 9.
1248 1899 1311 1929 -ι
1329 1878 1492 1951 Decipietur
1519 1883 1548 1933 ut
1578 1878 1664 1933 homo
1691 1878 1797 1934 restris
1824 1878 1893 1934 tran·

144 1965 271 2020 nationis
287 1964 444 2019 Dominicis
463 1963 631 2035 mysterium
655 1962 892 2035 negaritludoea,
921 1976 994 2032 gen·
1048 1966 1197 2022 dutentiis.
1215 1986 1229 2018 a
1247 1967 1379 2022 Haeretici
1393 1968 1523 2022 fraudem
1542 1968 1600 2022 lieo
1622 1967 1773 2035 exhibent,
1804 1968 1894 2038 quies

145 2053 233 2108 tilitas
252 2052 384 2108 credidit.
401 2050 462 2107 Sic:
571 2126 572 2130 Ἰ
1048 2060 1180 2110 astmunt
1198 2071 1264 2127 quae
1291 2055 1317 2110 ei
1336 2071 1388 2126 pro
1414 2071 1470 2128 quo
1498 2057 1658 2128 loquuntur
1689 2072 1752 2112 uun
1777 2058 1891 2129 placent,

182 2143 262 2197 Vsus.
289 2145 334 2197 22.
355 2170 390 2182 -
418 2158 432 2192 a
449 2140 565 2196 neverat
587 2140 731 2211 profunda
757 2140 792 2195 de
815 2137 960 2205 tenebris;
978 2157 993 2189 a
1048 2149 1077 2199 et
1091 2160 1169 2210 eum,
1183 2145 1253 2199 dum
1265 2144 1421 2199 detondere
1435 2144 1578 2209 nituntur,
1591 2143 1754 2200 offendunt.

147 2246 210 2285 cum
229 2229 340 2300 mystici
368 2228 573 2300 allegoriarum
597 2244 695 2283 sensus
713 2228 744 2283 in
764 2227 858 2283 verbis
877 2224 996 2281 occultis
1082 2233 1162 2288 vens,
1183 2234 1275 2287 10‚-
1301 2234 1400 2304 «lpse
1422 2248 1471 2287 vos
1497 2238 1600 2304 arguet
1624 2233 1776 2304 quoniam.
1798 2234 1890 2289 »Sunt

145 2318 353 2391 prophetarum
369 2322 574 2390 agnoscuntur.
1047 2321 1259 2394 quiverimtem
1274 2321 1325 2375 Dei
1339 2319 1369 2376 in
1391 2321 1477 2377 corde
1492 2321 1630 2388 sentiunt,
1661 2327 1730 2385 etc„
1759 2337 1846 2391 usque
1859 2322 1888 2376 ad

183 2418 245 2471 «Et
263 2414 440 2487 producitiu
469 2414 562 2469 lucem
590 2413 723 2469 umbram
740 2412 879 2469 mortis.»
896 2410 994 2481 tldid.)
1048 2415 1156 2483 quanto
1170 2411 1200 2465 in
1211 2412 1320 2465 occulto
1332 2409 1512 2481 cogitationis
1541 2414 1616 2465 recta
1637 2410 1688 2465 Dei
1717 2409 1832 2482 judicia
1850 2425 1888 2464 co

147 2505 283 2562 Umbram
316 2504 416 2559 mortis
444 2504 521 2571 dicit,
556 2509 623 2572 etc,
652 2519 738 2573 usque
758 2500 996 2558 admorsoarnis
1049 2504 1201 2571 guoscunt.

146 2594 265 2650 minime
284 2595 409 2649 limetur.
1084 2588 1165 2644 Vsus.
1184 2592 1226 2642 11.
1251 2610 1315 2638 -ι
1347 2587 1488 2643 Statim·
1514 2586 1609 2658 (ibid.)
1641 2589 1776 2643 ltumauo
1801 2590 1887 2654 verbo,

182 2684 263 2736 Vsus.
278 2684 326 2736 13.
345 2711 380 2723 -
413 2680 493 2745 ·Qui
518 2680 688 2750 multiplicat
713 2685 821 2749 gentes.
851 2697 865 2730 a
896 2677 995 2748 (ibid.)
1049 2675 1418 2746 mctuslleidicitur,ipsa
1438 2675 1618 2731 rectitudinis
1646 2676 1711 2747 ejus
1739 2676 1887 2732 districtio:

147 2771 219 2838 Quia
235 2776 335 2841 gentes
362 2774 391 2825 et
411 2786 463 2841 per
491 2769 697 2824 fecunditatem
726 2766 831 2823 sobolis
858 2766 995 2834 exlendit,
1049 2781 1114 2836 qum
1131 2764 1280 2835 reprobos,
1304 2764 1352 2834 qui
1376 2764 1422 2819 bic
1450 2780 1502 2835 per
1524 2765 1684 2835 potentiam
1712 2766 1819 2821 uolunt
1838 2772 1890 2822 tur·

146 2863 281 2914 ettamen
301 2857 332 2911 iu
347 2856 465 2928 propria
479 2856 647 2911 infidelitate
663 2854 847 2927 derelinquit,
873 2857 902 2909 et
925 2869 996 2925 quas
1049 2852 1122 2919 bari,
1139 2868 1191 2923 per
1202 2852 1355 2906 vindictam
1370 2851 1506 2907 turbabit.

145 2946 176 3001 in
191 2945 368 3001 infidelitatis
386 2961 451 3000 casu
467 2945 634 3016 reliqueret,
659 2944 832 3016 quandoque
847 2943 882 2998 ad
907 2942 1029 2999 iidemC
1087 2941 1148 2995 «nt
1176 2943 1267 2994 terror
1290 2941 1352 3011 ejus
1373 2941 1502 2995 irruet.»
1531 2939 1603 3006 Quia
1625 2940 1760 3012 reprobis
1784 2960 1841 2999 nou
1862 2944 1891 2998 ti·

147 3034 273 3102 reduxit,
288 3034 394 3105 quibus
409 3034 448 3089 ita
462 3034 600 3089 restitutis
614 3034 646 3088 iit
661 3034 737 3105 quod
752 3032 891 3105 sequitur,
916 3054 927 3080 ι
946 3032 996 3103 qui
1049 3043 1113 3081 mur
1128 3027 1268 3098 requiem,
1285 3027 1334 3082 sed
1346 3043 1430 3098 poenn
1455 3029 1587 3082 timorem
1614 3028 1701 3098 parit,
1728 3031 1806 3086 uude
1831 3048 1892 3103 pro-

147 3122 382 3189 immutatcor,»
399 3126 455 3176 etc.
1049 3116 1155 3187 pheta:
1187 3135 1200 3166 a
1227 3116 1293 3171 Sola
1318 3116 1429 3170 vexatio
1467 3115 1646 3169 intellectum
1676 3116 1759 3172 dabit
1788 3117 1891 3174 auditui

183 3211 266 3266 Vens.
276 3213 390 3265 tie«
405 3209 460 3275 Oui
473 3209 608 3264 immutat
621 3224 671 3262 cor
684 3207 859 3280 principum.
871 3226 885 3259 a
897 3208 994 3279 (ibid.)
1049 3205 1113 3276 (lea.
1129 3205 1245 3276 xxvru):
1258 3205 1351 3276 »quia
1364 3220 1429 3259 cum
1440 3205 1648 3276 propraeceptis
1659 3206 1711 3260 Dei
1727 3209 1892 3280 contemptis

149 3298 203 3352 Car
229 3297 392 3368 principum
414 3302 500 3352 terrae
527 3296 712 3351 immutatum
740 3300 794 3363 est,
821 3300 886 3364 etc,
912 3311 997 3366 usque
1049 3295 1219 3366 puniuntur,
1238 3298 1306 3347 tuuc
1320 3293 1488 3365 intelligunt
1502 3294 1578 3365 quod
1598 3295 1765 3352 audieruut.

147 3386 298 3454 adpatere
312 3384 358 3438 via
373 3400 430 3440 uon
446 3389 558 3455 poterat
573 3390 673 3438 contra
688 3388 837 3438 arrctorem
852 3385 993 3439 omnium.
1085 3383 1164 3437 Vens.
1184 3385 1273 3436 {2-
1299 3401 1313 3433 s
1341 3382 1477 3437 Memoria
1504 3387 1608 3437 vestra.
1638 3405 1652 3433 ι
1682 3383 1892 3448 Quantumlibet

184 3473 266 3528 Vsus.
285 3475 376 3527 as-
398 3471 860 3544 «Patpahuntquasiiuteuebris.
877 3472 995 3542 »(Ιὸίἀ.)
1048 3471 1113 3543 quis
1128 3487 1180 3542 pro
1195 3470 1344 3536 memoria,
1362 3475 1427 3537 etc,
1442 3485 1528 3540 usquc
1542 3471 1580 3526 ud
1597 3476 1626 3525 et
1640 3472 1717 3527 elata
1736 3489 1804 3528 caro
1824 3474 1891 3530 tabe·

147 3559 420 3625 Quasiinteuebris
446 3561 553 3632 palpat,
580 3566 647 3628 etc,
674 3575 758 3628 usque
786 3560 824 3615 ud
853 3580 867 3610 e
895 3561 995 3615 Nonne
1048 3561 1102 3615 scit
1117 3559 1324 3631 inputredine.

147 3648 481 3706 bicasttlliusfabrilr
1084 3650 1164 3702 Vens.
1194 3650 1235 3702 13.
1265 3670 1331 3697 -«
1361 3649 1460 3703 Tacete
1493 3649 1640 3720 paulisper
1669 3655 1702 3704 ut
1736 3651 1849 3724 loquar.
1875 3669 1887 3703 r

477 3773 589 3828 CAPUT
601 3772 671 3827 xm·
1048 3736 1137 3791 Sensu
1152 3734 1245 3790 carnis
1256 3735 1366 3791 locutos
1385 3735 1509 3790 indicat:
1526 3753 1598 3808 quos
1625 3737 1732 3794 idcirco
1757 3739 1796 3795 ad
1816 3739 1889 3794 silan

1048 3826 1121 3880 tium
1149 3825 1305 3896 restringit,
1334 3829 1367 3878 ut
1389 3839 1424 3878 ea
1444 3840 1509 3895 quae
1535 3826 1578 3880 illi
1606 3841 1689 3881 mens
1710 3829 1888 3900 suggesserit,

183 3914 264 3968 Vsus.
281 3916 305 3967 1.
321 3943 357 3954 -
386 3934 397 3962 ι
424 3914 492 3968 Eece
519 3914 627 3968 omnia.
653 3915 795 3987 »(ὓρρρ.)
826 3915 891 3970 Hac
919 3915 996 3971 enim
1049 3913 1132 3968 dicat.
1160 3914 1199 3967 Ac
1224 3913 1248 3967 si
1270 3913 1390 3967 diceret:
1422 3913 1485 3967 Non
1499 3929 1552 3984 ego
1567 3914 1730 3981 carnaliter,
1746 3917 1797 3972 sed
1811 3916 1887 3988 spiri·

148 4007 250 4057 cuncta
263 4000 355 4068 beato,
378 4006 443 4069 ete,
469 4004 604 4071 usquead
620 4002 675 4057 alia
700 4004 772 4058 vidit
794 4019 855 4059 esse
873 4003 903 4058 in
925 4020 995 4074 cpe·
1049 4001 1167 4056 tualiter
1180 4003 1293 4072 loquor,
1308 4001 1374 4072 quia
1383 4017 1434 4073 per
1444 4017 1560 4057 sonsum
1572 4002 1692 4072 spiritus
1705 4004 1808 4073 audio,
1821 4002 1890 4076 quod

100 4138 103 4143 .
147 4089 239 4156 ribus,
255 4090 311 4144 alia
326 4090 355 4144 in
371 4090 463 4158 dictis,
477 4090 623 4161 sequitur:
1048 4105 1102 4160 per
1116 4089 1310 4144 ministerium
1332 4090 1461 4161 corporis
1475 4090 1598 4162 protero.

184 4179 276 4233 «llaec
295 4178 367 4233 vidit
382 4179 482 4234 oculus
498 4193 588 4247 meus,
605 4184 634 4233 et
648 4179 758 4233 crudivit
784 4179 861 4234 auris
890 4196 993 4236 mea.»
1087 4178 1169 4234 Vsus.
1192 4180 1235 4233 11.
1269 4209 1300 4218 η
1332 4200 1344 4227 ι
1375 4177 1468 4243 Quare
1493 4179 1699 4234 lacerocarues
1724 4196 1807 4237 ruem
1828 4182 1889 4236 deu·

148 4267 204 4324 Sed
219 4267 288 4339 quia
315 4267 390 4322 dicta
409 4268 563 4323 utilitatem
582 4284 641 4323 uon
666 4267 783 4335 habent,
799 4269 823 4323 si
847 4268 994 4326 intellectu
1010 4297 1033 4353 n
1051 4268 1137 4323 tibus.
1170 4288 1183 4319 a
1210 4271 1313 4324 Dentes
1340 4269 1370 4323 in
1405 4270 1459 4323 hoc
1483 4269 1544 4323 loco
1576 4269 1743 4341 significant
1772 4271 1891 4326 internos

148 4361 253 4421 carent,
271 4356 417 4428 sequitur:
1051 4374 1160 4424 sensus,
1176 4361 1245 4420 etc„
1270 4359 1411 4427 usquead
1437 4358 1460 4411 si
1486 4357 1558 4412 meis
1583 4359 1805 4429 spectatoribus,
1817 4361 1845 4415 id
1854 4363 1889 4414 est

185 4447 243 4500 0nt
257 4444 385 4499 intellexi
403 4443 526 4514 singula,
544 4465 557 4492 «
573 4445 643 4499 Cum
671 4444 749 4498 enim
773 4445 882 4516 aliquid
903 4451 997 4502 osten·
1049 4445 1130 4500 vobis
1146 4446 1277 4517 prodesse
1293 4462 1349 4500 non
1365 4462 1492 4517 possum.

89 4537 91 4541 ’
148 4534 235 4601 ditur,
254 4533 298 4587 vel
315 4532 442 4599 auditur,
459 4532 659 4587 siintellectus
678 4548 737 4587 non
765 4533 910 4604 tribuitur,
928 4551 995 4607 pro·
1086 4534 1255 4589 «Dentibus
1273 4534 1355 4590 meis.
1385 4553 1399 4585 a
1427 4536 1531 4590 Dentes
1545 4540 1614 4589 suut
1638 4535 1748 4591 interni
1781 4553 1885 4593 seusus.

148 4620 456 4690 phetiaminimoest;
473 4621 580 4692 dequo
602 4621 748 4676 intellectu
775 4622 842 4693 quia
866 4638 925 4679 nou
945 4640 995 4678 cx·
1049 4622 1099 4695 qui
1114 4623 1226 4695 singula
1241 4623 1402 4694 inquirunt,
1429 4626 1493 4691 etc,
1511 4624 1647 4692 usquead
1674 4640 1712 4679 ue
1737 4625 1889 4697 spiritualia

148 4709 269 4776 tollitur,
283 4708 408 4765 ostendit
424 4724 489 4763 cum
506 4708 563 4763 ait:
1049 4711 1185 4767 mandere
1197 4712 1297 4783 possit.

182 4797 263 4852 Vsus.
280 4801 308 4853 t.
327 4825 362 4840 -
389 4819 401 4846 ι
427 4796 590 4853 Secundum
615 4796 762 4851 scientiam
786 4814 894 4856 veram.
917 4799 995 4855 »His
1086 4822 1099 4850 u
1120 4801 1154 4854 Et
1169 4800 1296 4854 animam
1312 4815 1406 4855 meam
1430 4806 1514 4871 porto
1546 4799 1579 4855 iu
1603 4800 1747 4858 manibus.
1767 4824 1780 4853 ι
1801 4801 1890 4868 (ibid.)

147 4885 240 4941 verbis
268 4885 396 4940 innotuit
414 4889 528 4957 quantes
543 4885 714 4940 humilitatis
731 4886 794 4953 tuit,
821 4888 871 4959 qui
900 4905 929 4943 sc
955 4887 996 4943 eis
1049 4890 1182 4944 Animam
1197 4889 1225 4942 in
1242 4888 1374 4944 manibus
1388 4894 1514 4959 portare,
1530 4895 1572 4944 est
1581 4889 1778 4946 intentionem
1804 4890 1890 4946 cordis

147 4973 314 5029 inferiorem
344 4978 431 5046 negat
458 4990 581 5046 quorum
607 4976 693 5046 louge
715 4976 804 5031 vitam
834 4982 930 5033 sancte
949 4978 995 5032 vi·
1049 4977 1257 5049 inoperationa
1285 4977 1447 5045 ostendere,
1469 4981 1547 5048 quant
1566 4978 1598 5033 tlt
1627 4994 1682 5050 pro
1707 4978 1890 5035 edificatione

147 5064 239 5119 vendo
256 5063 486 5119 trausceuderat:
504 5070 533 5118 et
548 5064 705 5120 secundum
719 5081 821 5120 eorum
846 5066 995 5122 scientiam
1049 5065 1179 5138 proximi.
1197 5067 1227 5121 Et
1244 5070 1287 5121 cst
1301 5082 1418 5121 seusus:
1436 5067 1492 5123 Cur
1520 5082 1566 5121 me
1580 5068 1624 5122 vel
1651 5068 1784 5123 districta
1801 5083 1889 5123 coram

147 5167 177 5207 se
204 5168 288 5207 nosse
311 5153 473 5218 coufirmat,
503 5153 553 5225 qui
582 5153 697 5209 sciendo
732 5154 857 5210 coetestia
893 5171 995 5210 eorum
1048 5153 1215 5208 hominibus
1230 5153 1421 5224 diiudico‚vel
1435 5155 1504 5226 quid
1519 5155 1798 5228 appetaminopere
1811 5163 1892 5212 osten·

148 5243 275 5294 terrenas
290 5241 477 5313 cogitationes
491 5257 544 5312 per
565 5241 725 5313 prophetias
741 5242 875 5315 spiritum
904 5249 994 5298 traus-
1048 5240 1096 5309 do,
1112 5241 1136 5294 si
1151 5241 1291 5311 proximis
1307 5258 1359 5297 nec
1374 5243 1450 5297 mala
1459 5243 1628 5314 judicando,
1643 5245 1787 5302 ueeboua
1804 5253 1892 5303 osteu-

149 5327 217 5383 ibat.
1048 5329 1142 5384 dendo
1155 5328 1294 5400 proficio?

185 5417 266 5472 Vsus.
284 5418 439 5473 3.-«Sed
454 5423 551 5473 tamen
562 5419 599 5473 ad
613 5419 846 5492 Omnipoteutem
860 5419 992 5492 loquar.»
1084 5420 1168 5474 Vana.
1190 5423 1230 5475 15.
1247 5451 1281 5460 -
1298 5438 1312 5472 a
1329 5420 1666 5488 Etiamsioccidsritme,
1696 5423 1728 5479 in
1758 5424 1822 5498 ipso
1834 5439 1891 5496 spe·

148 5504 337 5576 (IbidJCum
352 5507 555 5578 Omnipoteute
569 5507 725 5579 loquimur,
748 5509 818 5564 dum
830 5509 893 5580 ejus
908 5509 992 5564 miss-
1047 5508 1129 5574 raba,
1158 5529 1170 5558 r
1199 5513 1253 5565 etc.
1285 5509 1380 5581 (ibid.)
1409 5511 1459 5566 illc
1481 5527 1557 5567 rere*
1572 5512 1686 5584 patiens
1708 5518 1764 5583 est,
1793 5513 1843 5588 qui
1865 5515 1891 5567 st
