3892 6106
501 318 504 323 .
558 274 690 333 utosm
701 275 905 335 oliblttttitn
924 307 959 320 ·-
978 279 1045 335 titt.
1065 277 1185 337 esaim
1679 280 1748 339 tots

74 410 114 457 ns.
143 398 188 452 25.
205 396 263 451 -0
279 397 401 463 Domine,
422 398 542 466 eduum,
559 401 612 453 etc.
639 399 707 454 Ecce
727 399 841 455 deside·
859 403 976 469 Auem,
991 417 1079 474 quam
1094 402 1225 473 superior
1240 402 1368 473 psalmus
1381 402 1464 459 unita
1490 402 1626 461 varietate
1650 410 1747 460 caum·

77 498 193 555 magum
207 483 364 554 petitionis.
376 484 497 551 Saluum,
512 485 547 540 de
557 485 638 541 clade
651 486 758 541 saeculi.
770 487 841 543 Pro·
900 489 951 558 rit,
966 495 1031 559 eta,
1047 506 1132 560 sesque
1152 491 1190 546 ad
1217 490 1262 546 his
1277 506 1346 563 ergo
1359 491 1496 561 madfflus
1509 492 1651 549 iuollenso
1675 494 1747 564 pede

74 589 110 642 re,
125 578 159 630 ut
175 574 290 629 dolores
304 574 352 629 isti
361 578 508 630 vertantur
521 576 550 630 in
567 581 672 631 aterna
689 577 805 647 gaudia.
898 579 1004 634 mentis
1025 579 1189 635 ascenditur
1208 584 1294 651 atque
1317 579 1509 635 descenditur.
1533 582 1625 653 (Auo.)
1653 584 1750 639 Gonti-

74 665 168 719 rs.ii.
190 692 225 703 -
248 663 417 731 Bersediotus,
442 669 496 720 etc.
529 663 628 735 (Cass.)
655 665 762 729 Quarto
785 667 842 721 fre·
897 667 1747 741 cumqraduum.Graduumnomenambiguomnpudnos,

74 751 124 809 eri
139 752 212 808 atria
228 751 278 806 llel
303 752 414 820 suadet,
447 753 482 808 de
510 753 633 808 adventu
650 754 756 809 Christi
771 770 843 826 gau·
898 759 962 821 etc,
989 770 1074 825 usque
1089 756 1127 810 ad
1141 760 1171 811 et
1186 755 1367 811 altitudinem
1383 756 1499 811 deitatis
1522 756 1622 827 ipsius.
1638 759 1750 816 Primus

88 840 183 913 (huo.)
199 840 365 896 Maledictus
399 857 468 912 ergo
497 841 549 913 qui
573 842 702 898 venitin
725 844 844 899 nomine
898 842 1014 914 gradus,
1034 859 1050 897 a
1072 843 1155 898 mulis
1184 842 1281 898 soeculi
1306 844 1395 909 exire,
1420 847 1450 898 et
1469 843 1611 900 universae
1629 846 1749 903 vanitati

74 934 137 997 eta,
153 944 238 998 usque
252 929 351 1001 adqui
364 930 422 985 erit
435 931 614 986 maledictus.
636 931 737 1003 (Cass.)
763 934 844 988 Bene·
898 930 1075 987 renuntiare.
1103 931 1206 1004 (Cass.)
1240 930 1359 986 Initium
1382 931 1527 1003 proiectus
1554 936 1597 987 est
1622 935 1749 991 carnalia

74 1032 94 1074 t.
115 1018 188 1073 Laus
199 1017 234 1073 de
247 1017 383 1083 adventu,
400 1022 429 1072 et
442 1034 459 1072 o
474 1017 582 1089 reliqui
610 1017 775 1086 Christiani,
791 1034 843 1073 nos
898 1019 966 1074 vitia
987 1017 1150 1091 relinquere
1167 1024 1196 1074 et
1220 1019 1340 1074 llomino
1360 1019 1535 1091 supplicare,
1556 1021 1633 1077 unde
1647 1021 1677 1077 in
1701 1038 1749 1078 re·

74 1123 121 1163 res
130 1106 381 1179 quasisacerdotes
394 1106 579 1161 benedicimus
589 1106 674 1173 eoin,
687 1103 765 1176 quod
775 1101 846 1157 mul-
898 1107 953 1163 teri
966 1108 1041 1179 lege,
1065 1108 1181 1179 quaudo
1194 1108 1344 1164 emebatur
1358 1107 1535 1179 mancipium
1555 1109 1672 1180 gentile,
1698 1128 1748 1166 ra·

74 1196 196 1271 prodest,
213 1195 281 1267 quia
293 1194 479 1250 benedicimus
493 1194 569 1251 uobis
584 1194 617 1248 de
631 1194 710 1248 domo
726 1191 843 1260 Domini,
899 1193 1043 1251 dabantur
1057 1211 1168 1268 ungues
1187 1197 1250 1267 ejus
1274 1201 1304 1251 el
1324 1197 1423 1267 capilli
1437 1196 1632 1253 tondebantur
1657 1199 1746 1271 (lleut.

93 1274 181 1339 meno.
211 1282 276 1356 (ln.)
301 1283 330 1338 ld
365 1288 421 1351 est,
447 1283 571 1339 Ecclesia
605 1283 753 1348 catholica,
778 1285 844 1349 etc..
898 1282 958 1355 xri).
981 1284 1178 1356 Ouiaoportet
1193 1285 1349 1341 vanitatem
1378 1302 1494 1357 quaque
1517 1302 1633 1357 exuere,
1649 1289 1748 1344 utllei

74 1373 126 1429 rad
139 1372 208 1444 qaia
221 1372 288 1428 teu
302 1372 443 1427 confessio
456 1378 522 1443 post
534 1372 683 1428 beneficia.
898 1373 1037 1444 obsequio
1052 1373 1241 1445 mancipetur.
1267 1374 1317 1429 llic
1340 1374 1375 1428 ab
1403 1375 1619 1431 renuntiatione
1647 1376 1744 1433 meoli

74 1476 106 1518 te.
122 1464 169 1516 27.
185 1490 220 1501 -
232 1460 395 1516 constituite
404 1461 488 1516 diem.
504 1461 597 1532 (Auo.)
610 1459 714 1532 llagui,
731 1458 781 1532 qui
795 1473 842 1514 ex·
898 1460 1071 1534 quibusdam
1081 1462 1395 1533 gradibusmeritorum
1410 1462 1446 1517 ad
1459 1463 1614 1535 perfectam
1630 1470 1747 1521 etaeter·

74 1552 104 1619 tt,
118 1548 169 1622 qui
184 1553 280 1605 mente
294 1549 413 1605 verbum
430 1551 519 1605 ileum
535 1549 612 1620 apud
628 1550 717 1604 Deum
729 1547 844 1603 contin·
898 1565 967 1605 nam
980 1551 1331 1622 perveniturcharitatem,
1344 1567 1408 1622 quoe
1422 1552 1453 1606 in
1463 1568 1577 1607 summo
1588 1555 1681 1610 locate
1693 1559 1745 1612 eet.

90 1641 156 1702 etc..
168 1637 301 1707 usquead
314 1638 407 1704 idest,
421 1638 457 1693 ad
473 1641 581 1692 aetorm
592 1636 837 1708 gaadiaattingal.
933 1637 981 1692 Ad
1005 1639 1148 1692 Dominum
1175 1653 1235 1692 curn
1262 1637 1419 1692 tribularer.
1445 1637 1550 1710 (Cass.)
1574 1639 1681 1708 Primo,
1701 1655 1747 1695 as·

74 1741 109 1782 tat
133 1727 284 1783 solemnem.
305 1726 338 1782 In
352 1726 443 1781 velen
464 1727 527 1798 lege
542 1727 633 1793 (lleut.
647 1727 687 1793 x.)
719 1723 836 1792 Pascha,
855 1695 876 1750 B
893 1725 1015 1781 uendere
1042 1724 1191 1796 incipiens,
1219 1725 1289 1797 quia
1311 1727 1421 1782 multos
1433 1724 1545 1781 invenit
1571 1726 1744 1797 obsidentes,

74 1819 167 1882 ausu,
182 1815 384 1886 scenophegia,
398 1818 457 1870 tres
470 1815 625 1886 praecipuae
633 1812 839 1882 solemnitates,
894 1813 1032 1885 alinguis
1045 1830 1146 1869 eorum
1163 1813 1237 1885 petit
1261 1812 1377 1869 liberari
1393 1830 1400 1869 :
1424 1815 1558 1884 secundo,
1584 1814 1620 1870 de
1635 1816 1744 1887 permi-
1839 1893 1841 1897 ἲ

74 1902 148 1960 tibus
167 1909 343 1974 praeceptum
359 1909 392 1960 ut
406 1919 491 1959 nemo
508 1919 613 1959 vacuus
628 1902 658 1957 iu
683 1904 838 1970 conspectu
894 1902 988 1958 stione
1000 1903 1145 1959 nudorum
1160 1902 1355 1973 conqueritur,
1369 1904 1421 1958 Hei
1434 1904 1513 1958 milri.

74 1990 106 2047 ni
132 1996 292 2064 appareret.
312 1993 423 2047 Vacuus
437 1997 487 2060 est,
519 1992 614 2063 quiin
641 2007 672 2045 se
692 1989 839 2045 Christum
927 1991 1009 2047 Vane.
1024 1993 1051 2046 t.
1070 2020 1102 2031 -
1126 1993 1248 2061 flemme,
1264 1991 1423 2058 liberaetc.
1440 1991 1512 2046 Cum
1540 1990 1642 2063 incipit
1656 1993 1745 2049 homo

74 2079 154 2146 tabet,
167 2078 217 2150 qui
231 2082 273 2132 est
288 2078 519 2146 tundamentum,
534 2079 611 2148 quod
626 2092 711 2132 nemo
726 2080 839 2131 mutare
895 2079 1059 2149 ascendere,
1083 2079 1113 2134 id
1138 2084 1189 2145 est,
1214 2095 1279 2133 cum
1294 2078 1402 2149 cogitat
1416 2080 1565 2150 prolicere,
1580 2085 1745 2153 conumpto

87 2166 158 2223 lude
175 2170 216 2220 est
232 2166 308 2237 quod
324 2166 382 2221 illis
396 2167 488 2221 tribus
502 2165 730 2221 solemnitatibus
744 2163 838 2220 tidelis
892 2169 1008 2238 soeculo,
1023 2167 1201 2224 soliboerens
1217 2168 1286 2234 Deo,
1302 2166 1405 2238 incipit
1423 2167 1483 2238 pati
1506 2167 1619 2238 linguas
1641 2168 1744 2224 adver·

74 2254 371 2311 ‚usuummumotlert
385 2253 514 2309 manueli
533 2253 694 2324 oblatione,
716 2251 837 2308 interio-
892 2257 1028 2325 mutium,
1057 2257 1087 2312 id
1115 2262 1159 2312 est
1195 2255 1418 2322 detrahentium,
1457 2255 1588 2326 et(quod
1616 2256 1744 2327 gravius)

74 2342 249 2415 significans.
279 2344 312 2398 lu
336 2358 456 2398 nummo
475 2342 553 2398 enim
572 2357 679 2396 nomen
695 2346 724 2396 el
741 2341 838 2411 intuto
892 2347 976 2420 quasi
988 2345 1296 2403 consulendoasalote
1316 2342 1504 2398 avertentium
1529 2343 1599 2398 :has
1620 2343 1671 2415 qui
1686 2357 1746 2398 uon

74 2471 79 2486 ·
105 2430 232 2502 (illique
255 2447 324 2502 0r8⁰
349 2430 537 2501 ll)iritualilor
558 2445 712 2485 nummum
726 2428 837 2496 offerat,
892 2437 1011 2508 patitur,
1026 2436 1155 2492 nondum
1183 2433 1323 2505 prolicere
1339 2436 1466 2487 conatur.
1481 2434 1655 2488 incensurus
1674 2447 1744 2503 ergo

74 2534 129 2575 m
143 2519 228 2590 regis,
242 2519 271 2574 id
288 2523 331 2574 est
345 2517 461 2581 Christi,
480 2519 511 2574 iu
523 2519 708 2586 seleheim
727 2517 839 2574 Chrislo
891 2525 986 2596 primo
997 2529 1096 2579 contra
1108 2539 1156 2579 eas
1181 2525 1314 2594 precatur
1341 2522 1479 2587 :Domina
1507 2520 1594 2575 litera
1620 2522 1745 2577 animant

74 2612 168 2663 hauns
198 2606 309 2676 dictus;
331 2612 362 2662 et
390 2609 547 2677 imapinem,
571 2607 602 2663 id
629 2612 673 2662 est
700 2607 838 2675 animam,
892 2628 1009 2668 naama
1030 2612 1235 2680 witisiniquss.

74 2711 98 2752 te
115 2697 210 2751 amics
225 2696 287 2767 ejus
306 2695 472 2766 insignitam
503 2696 559 2750 lleo
597 2695 720 2751 exibeat.
746 2695 840 2750 Omna
929 2702 1013 2758 Vana.
1042 2703 1068 2756 3.
1084 2699 1211 2765 -Quid
1225 2698 1305 2753 detur
1319 2696 1379 2765 lidi,
1397 2700 1449 2752 etc.
1482 2696 1584 2767 (Cass.)
1608 2695 1685 2751 blora
1700 2696 1743 2751 ni·

74 2798 97 2841 s.
121 2783 220 2855 (Cras.)
239 2783 289 2839 Vel
307 2784 461 2856 paratiore
482 2783 655 2855 intelligitur
677 2798 839 2838 sacramen·
893 2788 949 2844 mis
963 2787 1117 2860 cogitantis
1132 2786 1255 2846 haesital,
1285 2790 1314 2840 et
1341 2784 1446 2856 quaerit
1472 2785 1642 2841 remedium.
1669 2786 1743 2852 Quid

74 2871 196 2944 torpeus
215 2877 244 2927 el
258 2872 420 2944 sauguinis,
435 2871 714 2941 eta.,usqueadaon
729 2871 839 2928 hebebit
894 2877 945 2933 tibi
965 2876 1055 2945 daur,
1070 2880 1120 2931 out
1139 2875 1399 2946 quidopponatur?
1429 2873 1489 2927 lluo
1515 2872 1602 2928 rerba
1633 2873 1740 2944 posuit,

87 2966 225 3018 marn.
710 2994 713 2999 ·
857 2966 961 3035 fidaei
982 2971 1007 3021 et
1030 2966 1147 3035 appoai;
1175 2962 1287 3034 sagittae
1313 2962 1417 3017 dautur
1435 2961 1466 3017 in
1495 2977 1587 3029 arma,
1602 2964 1741 3019 carbones

74 3052 187 3121 ,ware
199 3050 370 3123 intelligitur
381 3066 464 3105 mens
479 3049 623 3119 hominis;
636 3050 713 3107 uude
728 3050 757 3104 in
774 3051 838 3122 lege
891 3056 1078 3127 apponantur
1092 3050 1175 3124 quasi
1190 3050 1221 3105 in
1231 3050 1464 3105 consolationem.

74 3142 163 3211 epium
177 3138 346 3208 iaitllisod.
373 3140 457 3209 xxva}
485 3138 550 3193 lieri
577 3139 665 3194 altare
689 3138 837 3210 quadran·
927 3144 1042 3198 Vens.i
1062 3170 1097 3181 -
1126 3141 1248 3206 Saqilta.
1271 3137 1365 3208 (Aac.)
1390 3137 1489 3193 Verbis
1521 3138 1573 3194 Dei
1587 3138 1741 3209 sagittatur

74 3243 88 3283 u
117 3231 146 3283 et
168 3243 325 3283 concavum
354 3244 361 3282 ι
389 3227 453 3283 ideo
488 3227 733 3299 quadrangulum,
769 3227 838 3300 quia
890 3226 1599 3305 cor,eto.,usqueadutsitpuruslocusaedilicio
1622 3227 1684 3282 Ilei.
1712 3296 1716 3305 Ι

80 3314 209 3371 hnmana
223 3320 346 3386 quatuor
369 3312 523 3368 virtutibus
542 3312 651 3368 muniri
665 3313 750 3368 debet
764 3328 838 3383 pra·
926 3318 1006 3375 vens.
1017 3320 1044 3373 ὅ.
1059 3347 1095 3358 -
1113 3319 1171 3372 Heu
1183 3318 1262 3372 milri.
1286 3316 1388 3383 (Cass.)
1404 3315 1536 3370 Secundo
1551 3315 1586 3370 de
1599 3315 1738 3387 incolatu,

74 3420 94 3475 r,
129 3402 251 3475 Justitia,
280 3400 459 3463 tortitudine,
489 3400 694 3472 temperantia;
732 3400 835 3456 eadem
889 3412 919 3463 et
933 3405 1120 3479 permistione
1148 3404 1291 3459 malorum
1317 3403 1519 3474 conqueritur.
1547 3403 1677 3475 Acceptis
1697 3420 1739 3460 se·

83 3507 144 3548 esse
155 3489 327 3547 concavaad
342 3489 538 3561 recipiendum
549 3490 670 3544 verbum
686 3489 836 3561 lleiatque
889 3496 1009 3569 gittiset
1029 3493 1211 3561 carbonibus,
1227 3493 1318 3548 iactus
1335 3492 1470 3557 triticum,
1493 3492 1623 3547 nondum
1651 3497 1695 3547 est
1708 3492 1739 3548 in

74 3580 269 3639 tdilectionis.
285 3581 391 3635 Tumor
409 3579 487 3635 eninr
502 3579 597 3634 intusa
612 3578 745 3650 repellit;
760 3578 836 3633 unde
888 3583 1003 3650 horreo,
1018 3581 1068 3636 sed
1088 3581 1120 3635 in
1148 3597 1215 3635 area
1237 3579 1392 3636 ubimulta
1415 3579 1499 3649 palea
1515 3579 1674 3650 premitur3
1696 3579 1739 3633 vi.

74 3668 150 3725 silico
170 3672 348 3741 preceptum
372 3674 416 3723 est
443 3667 540 3738 (benit.
558 3668 578 3739 1)
600 3667 755 3722 vesiculam
769 3672 835 3737 gul·
888 3673 959 3728 dens
973 3686 1042 3740 ergo
1055 3669 1147 3725 multa
1161 3669 1246 3734 mala,
1264 3672 1403 3740 queunte
1419 3667 1598 3723 nonviderat
1610 3668 1736 3722 clamat:

74 3757 367 3830 tlplllmflfflllffljlci,
392 3756 507 3828 quando
522 3760 617 3811 turtur
632 3756 675 3810 tel
702 3753 836 3809 0⁰l¹²mb⁸
887 3763 938 3817 llei
949 3760 1028 3815 milti.
1053 3757 1130 3814 Nulli
1155 3756 1266 3811 homini
1289 3760 1431 3826 apparent
1457 3755 1537 3824 mali,
1565 3756 1621 3811 nisi
1650 3757 1741 3811 factus

74 3862 117 3903 ur.
143 3846 272 3902 vesicula
300 3845 481 3900 inflationem
503 3842 646 3916 superbia
672 3842 833 3914 significan
887 3848 1041 3914 silbanus3
1070 3847 1135 3904 cum
1158 3848 1230 3899 enim
1260 3847 1345 3900 creuit
1359 3844 1453 3910 ierba,
1478 3847 1504 3898 el
1526 3845 1648 3910 sructura
1662 3845 1740 3913 tent,

74 3950 105 4003 n,
130 3934 232 3991 manes
250 3934 452 4006 inquisitiones
475 3932 657 3999 sublimium
680 3932 742 3987 hmo
765 3946 835 4002 ergo
886 3938 1073 4007 apparuerunt
1091 3934 1211 3987 zizania.
1230 3932 1411 4003 Prolonpotus
1427 3929 1501 3985 :Etsi
1515 3928 1602 3985 breve
1611 3933 1737 4000 tempus,

74 4038 105 4094 e,
117 4022 198 4080 uisis
209 4023 298 4079 altare
311 4038 477 4078 concavum.
886 4022 1027 4079 desiderio
1043 4020 1129 4076 nimis
1141 4021 1261 4091 longum
1284 4019 1406 4074 videtur.
1437 4016 1536 4074 Cadur.
1569 4017 1633 4088 (ln.)
1651 4018 1740 4073 Filius

74 4126 101 4168 s.
117 4113 164 4168 te.
179 4141 214 4153 -
228 4113 297 4167 lleus
320 4125 434 4167 meuses
453 4115 494 4166 tu.
519 4111 554 4165 Et
578 4112 609 4164 ut
637 4107 765 4180 apertius
789 4105 832 4163 di-
885 4110 1023 4178 Ismaelis,
1056 4109 1132 4164 unde
1156 4107 1290 4164 Saraceni
1310 4105 1531 4172 descenderant,
1547 4104 1599 4176 qui
1643 4105 1739 4161 verius

74 4200 230 4269 sistorum
243 4201 396 4256 verborum
413 4200 458 4255 hic
470 4203 514 4254 est
529 4214 648 4254 seusus:
674 4198 737 4253 Non
751 4196 831 4252 sulti·
886 4201 923 4256 ab
937 4203 1012 4270 Agar
1027 4199 1191 4255 dicerentur
1208 4195 1350 4267 Agerent:
1365 4190 1416 4251 sed
1430 4213 1448 4250 a
1470 4195 1549 4262 Sara,
1564 4194 1692 4267 digniori
1710 4199 1740 4251 et

74 4292 176 4345 stema
189 4287 242 4344 iste
256 4289 318 4344 dies
332 4288 429 4354 festus,
450 4303 508 4359 quo
524 4303 614 4359 agnus
642 4285 750 4341 occisus
769 4288 830 4340 est:
846 4258 869 4313 Β
886 4290 978 4346 libera
990 4286 1046 4344 sibi
1059 4302 1168 4342 nomen
1181 4285 1409 4352 vindicaverunt,
1425 4300 1550 4357 quoram
1573 4287 1692 4354 uterque
1706 4282 1739 4339 iu

74 4376 238 4434 ›nefituatur
260 4377 291 4432 in
304 4376 586 4448 frequentationibus
600 4390 752 4447 quousque
765 4389 832 4445 per·
886 4376 1076 4435 tabernaculis
1094 4375 1202 4447 legitur
1229 4375 1384 4430 habitasse.
1413 4373 1609 4429 'l’aberoacula
1633 4373 1737 4428 ismael

74 4471 117 4523 lar
131 4465 279 4522 mentibus
293 4466 421 4521 exaltatis
439 4465 476 4521 ad
487 4463 651 4520 interiorem
666 4464 728 4534 eJ'us
743 4462 832 4518 deita-
886 4472 961 4523 reete
975 4466 1065 4522 cedar
1097 4464 1276 4519 dictasunt:
1308 4463 1401 4519 Cedar
1423 4462 1458 4517 ad
1489 4461 1592 4517 ismael
1610 4460 1739 4533 pertinet

74 4554 119 4611 obi
142 4555 242 4610 laudes
264 4555 444 4611 cantabimus
463 4554 527 4609 ita:
558 4557 627 4610 Deus
650 4567 724 4608 meus
749 4566 776 4607 es
794 4556 831 4616 tu,
886 4555 1253 4626 (sua.)1ssaeergo,etc.,
1269 4548 1735 4621 usqueudsiuuncmaliabonis

74 4648 166 4716 laque,
181 4643 253 4699 siout
268 4643 354 4714 coepil
372 4643 496 4709 laudem,
510 4642 551 4697 its
560 4640 706 4697 terminat.
887 4660 945 4701 non
957 4645 1079 4716 pessunt
1097 4640 1235 4713 separari,
1248 4639 1359 4695 ferendi
1372 4643 1448 4693 sunt.

74 4747 101 4787 s.
128 4734 173 4788 29.
189 4762 224 4772 -
247 4731 417 4805 confilemini
438 4733 559 4787 Domino.
584 4729 626 4784 eh
645 4728 729 4785 initio
754 4726 832 4800 quod
1190 4727 1433 4786 Pstttttlscxx.

74 4818 175 4886 miuus,
192 4819 315 4875 induem
329 4836 387 4892 quo
402 4819 539 4885 redimus,
556 4833 615 4874 non
631 4822 674 4873 est
689 4816 832 4873 salubrius
923 4822 1007 4878 vm,
1039 4824 1064 4875 t.
1080 4849 1115 4860 -
1139 4821 1283 4877 canticum
1305 4816 1452 4885 graduum.
1468 4812 1567 4884 (Cass.)
1589 4813 1737 4870 Secundus

74 4907 103 4973 d,
119 4907 197 4980 quod
212 4908 343 4973 delectet,
364 4924 452 4980 quam
467 4909 529 4963 laus
544 4906 604 4963 llei.
888 4908 994 4980 godus
1007 4910 1106 4978 petere
1124 4906 1250 4962 divinam
1266 4904 1473 4969 defensionem,
1488 4901 1534 4957 cui
1556 4901 1629 4957 nihil
1652 4917 1738 4972 posse

267 4996 548 5053 Psathuscxvttt.
889 4995 1003 5053 obviare
1029 4999 1214 5050 monstratur.
1244 4992 1340 5062 (huo.)
1366 4992 1417 5048 Cui
1446 4992 1523 5047 enim
1564 4990 1599 5045 de
1626 4990 1736 5046 mundo

74 5086 222 5141 miluum
248 5085 331 5156 hujus
360 5087 472 5156 psalmi,
501 5089 532 5139 ut
576 5084 656 5139 ualde
680 5083 830 5153 protinam,
888 5083 1003 5141 exeunti
1030 5083 1158 5155 periculo
1186 5086 1351 5146 occurrunt,
1376 5095 1528 5151 exposcere
1548 5077 1635 5133 debet
1660 5077 1737 5132 divi-

74 5188 143 5230 mus.
155 5174 224 5230 Vide
235 5174 387 5241 Ambrosii,
401 5173 574 5240 cassiodori,
585 5173 831 5240 Augustiaianr·
887 5188 959 5229 num
973 5170 1121 5238 auxilium,
1133 5175 1197 5234 etc..
1209 5184 1295 5239 usque
1309 5172 1347 5225 ad
1358 5184 1365 5223 :
1376 5165 1562 5223 Talisestiste
1576 5163 1627 5237 qui
1639 5164 1738 5219 oeulos

74 5263 326 5332 diapsalmae
349 5263 448 5334 quibus
464 5262 502 5317 ad
515 5262 629 5319 vadum
650 5262 832 5330 capreuaesi
887 5260 925 5317 ad
938 5259 1124 5316 lleumlesat.
1139 5258 1246 5326 (Cass.)
1270 5256 1365 5312 Primo
1386 5255 1463 5310 terat
1488 5253 1586 5309 ocutos
1606 5255 1735 5308 etorat:

87 5351 275 5408 ordinariain
290 5354 359 5408 tuac
376 5353 472 5409 locun
887 5347 1013 5403 secundo
1044 5347 1119 5418 quod
1150 5344 1244 5400 oravit
1269 5342 1404 5412 affirmat,
1430 5340 1585 5398 ostendens
1599 5339 1737 5396 virtulem

78 5502 80 5506 .
286 5440 441 5499 Psatttus
477 5440 565 5496 Clllll.
888 5434 989 5490 auxilii
1002 5432 1159 5506 impetrati.

74 5545 105 5586 ts.
124 5531 149 5584 t.
163 5557 200 5571 -
214 5530 360 5587 Genuum
377 5532 524 5597 qroduum.
541 5526 643 5601 (Cam.)
675 5523 831 5582 beatitudi·
924 5521 1216 5593 beniuolentia.)
1238 5519 1294 5587 Qui
1317 5518 1400 5593 quasi
1419 5518 1574 5577 helluatus
1592 5516 1737 5589 clamarit,
