3892 6106
94 244 146 298 ete
400 243 596 298 watefluul
616 244 738 298 sunuel
759 244 856 299 FULD.
877 242 962 298 MON.
982 244 1057 303 OPP.
1079 246 1166 301 reus
1185 248 1205 301 Ι.
1226 276 1261 286 -
1280 246 1505 303 theonostus.
1796 246 1849 305 380

128 365 209 418 Vens.
235 367 278 418 33.
304 396 337 403 -
360 365 418 420 allon
446 365 560 430 eriperer
581 380 637 431 uec,
663 369 714 419 etc.
744 363 815 430 Quia
843 364 939 418 nullus
954 380 977 434 p
996 367 1079 421 illum
1102 367 1248 435 inducere,
1264 370 1292 423 et
1313 370 1368 423 fleo
1390 370 1471 440 quasi
1495 370 1644 425 meliorem
1667 366 1847 427 consecrare.

91 456 134 505 est
147 451 198 521 qui
210 451 307 522 respui
331 452 476 522 possitae
499 452 575 523 quod
598 451 689 522 magis
712 450 876 520 eligendum
903 452 940 506 sit
1028 456 1110 511 Vens.
1142 458 1190 514 t'e.
1221 487 1252 498 -
1285 460 1345 512 flac
1372 463 1435 512 sunt
1460 462 1595 528 precepto
1620 475 1681 530 quaa
1703 461 1852 516 mandauit

89 556 148 595 non
163 546 206 594 est
219 545 318 594 vestra
333 539 522 594 discretionis.
993 549 1046 600 etc.
1065 546 1130 616 (ln.)
1148 545 1284 616 Discipuli
1305 546 1390 600 nostri
1406 547 1520 616 quaudo
1535 552 1603 601 srrnt
1617 549 1750 618 perfecti,
1776 550 1850 605 nihil

125 629 159 683 Si
179 631 241 698 puis
261 630 417 696 mactaverit,
444 633 496 682 etc.
522 627 634 698 (lsrcu.)
652 627 756 681 Paulus
779 631 808 681 et
832 628 938 680 Barna·
992 634 1083 688 nostri
1096 638 1182 704 egent
1203 633 1380 704 magisterii:
1407 633 1470 688 ideo
1487 635 1525 688 ait
1548 636 1770 690 immundorum
1787 638 1848 707 pri-

92 717 143 771 bas
155 717 310 786 aliquando
333 714 538 781 dissenserunt,
562 720 627 782 etc,
652 715 789 784 usquead
812 715 939 770 scribens
992 721 1136 792 mogenita
1162 737 1223 776 essa
1247 721 1424 786 redimenda,
1449 722 1623 776 mundorum
1650 739 1719 777 rero
1736 740 1850 795 neque·

94 804 130 859 ed
146 803 328 858 Timotheum
343 803 401 857 ait:
417 805 565 858 assumens
583 806 713 867 Murcum,
729 803 814 858 dadau
828 809 936 858 tecum:
993 825 1091 882 quam,
1108 809 1156 864 aad
1180 825 1232 863 nec
1255 809 1376 863 Domino
1391 817 1564 876 consecrata,
1589 826 1642 864 pec
1657 827 1691 864 ea
1713 827 1780 883 φης
1795 829 1850 867 no-

91 897 131 947 est
145 895 216 946 enim
230 894 302 945 milri
314 892 392 946 utilis
403 893 433 944 fn
446 894 627 946 ministerium
641 890 682 962 (II
691 893 759 946 Tim·
777 891 822 959 w).
991 899 1106 952 sissima
1144 901 1211 951 sunt
1245 896 1342 952 dicta:
1382 898 1509 968 perfecte
1544 897 1623 952 enirn
1650 897 1848 955 demonstrata

128 979 349 1046 sanctificamur
375 981 496 1045 DOmf'ffls
534 983 586 1034 θῐθ·
615 978 680 1050 (¹⁰·)
708 979 778 1034 Cum
807 977 938 1033 munium
992 992 1069 1055 sunt,
1095 986 1163 1058 qrria
1192 986 1380 1041 intentionem
1407 987 1533 1041 divinam
1564 986 1767 1056 coelestemque
1794 1003 1844 1058 ge-

93 1082 192 1120 cursus
216 1067 329 1120 divinus
352 1067 398 1128 sit,
424 1071 453 1121 et
476 1067 559 1134 ultus,
586 1073 614 1121 et
633 1082 764 1138 supernas
790 1082 938 1121 conversa·
993 1082 1070 1129 runt,

93 1155 166 1210 tioni
193 1155 351 1226 proximus,
382 1155 488 1211 frustra
528 1155 637 1210 conatis
665 1157 742 1211 hrrnc
769 1154 936 1222 subducere,

747 1408 921 1495 LIBER
947 1403 1189 1492 NUMEllI.

474 1586 486 1597 '
556 1591 694 1646 Hebraico
707 1592 880 1647 Vereusnean
898 1585 1173 1660 (institissem
1191 1598 1309 1638 noeurus
1327 1597 1381 1637 aar.

417 1873 613 1929 PRAEFATIO.
958 1873 980 1928 Β
998 1868 1148 1940 positione.
1167 1866 1326 1922 Mensiones
1344 1864 1447 1920 merito
1464 1864 1614 1920 duodecim
1630 1871 1848 1938 computantur,

132 1954 215 2010 Liber
229 1957 290 2022 iste,
308 1962 337 2012 et
356 1958 456 2014 ordine
479 1959 605 2016 historice
620 1966 648 2016 et
667 1961 814 2033 mysterio,
837 1963 939 2032 quarto
994 1968 1011 2008 a
1025 1955 1120 2024 prima
1135 1971 1198 2027 quae
1214 1954 1268 2010 fuit
1282 1955 1312 2008 in
1327 1955 1460 2009 Ramesse
1473 1969 1564 2024 usquc
1579 1953 1615 2008 ad
1629 1954 1795 2020 lordanern,
1812 1959 1846 2009 ut

94 2044 156 2097 loco
169 2044 288 2114 ponitur
314 2045 344 2100 in
359 2046 432 2118 lege.
448 2047 555 2104 Ordine
577 2048 715 2115 historiae,
735 2050 803 2121 quia
816 2049 845 2104 iu
860 2048 942 2104 Leri-'
993 2058 1046 2113 per
1063 2043 1259 2115 hoesignetur
1279 2059 1331 2097 noa
1354 2058 1406 2111 per
1419 2046 1461 2097 tot
1476 2043 1582 2112 gradus
1595 2043 1734 2097 virtutum
1751 2058 1848 2096 ascen·

93 2127 161 2197 tico,
177 2129 227 2199 qui
243 2129 410 2201 tertiusest,
434 2133 529 2204 agitur
543 2133 578 2189 de
594 2134 793 2190 utensibilibus
808 2135 940 2189 taberne·
994 2130 1061 2185 dere
1087 2131 1118 2186 in
1145 2133 1259 2197 coelum,
1288 2137 1360 2203 quot
1390 2130 1625 2202 generationibus
1651 2131 1782 2187 Christus
1810 2132 1847 2187 ab

94 2215 161 2278 culi,
179 2221 207 2272 et
218 2217 252 2272 de
268 2219 368 2274 ordine
383 2221 544 2276 heritarum
558 2227 586 2277 et
606 2223 755 2277 sacrificii:
772 2223 817 2278 hic
844 2227 940 2278 autem
993 2219 1137 2274 Abraham
1152 2219 1299 2275 descendit
1315 2220 1348 2274 ad
1365 2219 1492 2274 Mariam.

95 2304 130 2358 de
155 2304 332 2362 dedicatione
356 2308 531 2364 tabernaculi
555 2311 660 2382 agitur,
684 2310 753 2382 quid
776 2311 882 2366 scilicet
905 2313 940 2365 da
1034 2309 1157 2367 Intentio
1172 2309 1257 2380 lloysi
1274 2309 1304 2363 iu
1318 2308 1469 2379 hocopei'c
1485 2311 1527 2362 est
1541 2307 1737 2363 Christianum
1752 2324 1845 2380 popu·

96 2392 208 2459 Levitis,
247 2394 316 2466 quid
349 2395 384 2450 de
415 2399 586 2454 utensilibus
618 2399 795 2455 tabernaculi
827 2404 940 2471 portare
993 2402 1096 2457 fumet
1115 2399 1176 2470 ejus
1202 2397 1372 2468 profectum,
1397 2401 1424 2451 et
1445 2412 1624 2451 escensuma
1643 2396 1762 2451 terrain
1787 2413 1846 2452 cco-

95 2481 239 2536 debeent:
263 2486 398 2555 mysterio
423 2486 477 2542 hoc
504 2487 673 2542 ostenditur.
701 2487 842 2543 Excubare
867 2489 941 2543 circa
994 2490 1114 2559 lumper
1124 2486 1221 2552 lsrael,
1235 2485 1488 2557 etperduodecim
1502 2484 1665 2539 mansiones
1678 2484 1842 2554 designare.

94 2567 310 2625 tabernaculum
337 2572 511 2643 depositum,
526 2574 685 2641 utdicitur,
701 2575 789 2630 ternis
810 2576 941 2630 tribubus
994 2580 1048 2633 Per
1072 2574 1160 2630 Israel
1183 2574 1261 2628 euim
1286 2573 1389 2627 Christi
1415 2573 1565 2644 populum,
1601 2588 1654 2643 per
1677 2589 1846 2645 progressus

95 2653 125 2707 in
151 2655 271 2727 singulis
295 2660 423 2728 quartis:
443 2676 495 2731 par
519 2661 595 2733 quod
618 2662 769 2734 signentur
792 2662 940 2718 duodecim
993 2662 1178 2719 mansionum
1192 2661 1336 2733 profectus
1353 2659 1489 2714 virtutum
1506 2658 1695 2730 significatur.

95 2744 217 2812 apostoli
243 2761 296 2816 per
327 2748 568 2819 quadripartitum
595 2750 694 2805 orbem
721 2751 806 2805 fidem
836 2757 941 2806 saneta
1029 2752 1104 2807 Ordo
1120 2749 1185 2806 libri
1206 2749 1271 2803 talis
1287 2748 1457 2819 estzprimo
1479 2749 1565 2802 duces
1580 2748 1691 2819 populi,
1707 2753 1736 2803 et
1752 2765 1845 2820 popu-

95 2831 241 2886 Trinitatis
256 2833 394 2892 docuisse.
414 2837 467 2893 Sed
482 2839 568 2893 etiem
589 2839 665 2895 inter
688 2840 795 2912 figuras
817 2841 941 2912 quadra·
994 2840 1056 2895 luru
1083 2838 1157 2893 circa
1182 2836 1398 2891 tabernaculum
1426 2840 1592 2891 numeratos
1618 2851 1670 2907 per
1698 2836 1844 2907 quadrum

95 2924 161 2973 ture
182 2921 255 2976 nihil
284 2924 395 2980 firmius
417 2932 467 2993 eat,
500 2928 674 2999 quaternarii
702 2944 818 3001 quoque
846 2929 942 3000 operis
994 2928 1124 2984 collocat.
1141 2925 1260 2988 Levites,
1277 2940 1428 2979 enumero
1442 2929 1585 2993 exceptos,
1599 2924 1636 2978 ad
1650 2924 1843 2979 ministerium

95 3008 231 3078 perfectio
245 3014 471 3071 commendetur.
496 3017 662 3081 Quartodie
681 3018 833 3072 factasunt
855 3017 940 3071 lumi·
994 3013 1172 3072 tabernaculi
1196 3011 1337 3067 destinat:
1359 3012 1462 3066 deinde
1486 3011 1704 3066 tabernaculum
1730 3012 1843 3067 dedica-

94 3095 176 3149 narie
191 3095 266 3167 (Gerr.
284 3099 314 3169 r),
331 3106 431 3172 quarta
451 3109 519 3158 aetas
541 3105 593 3158 sub
620 3104 715 3159 David·
727 3105 783 3160 fuit
803 3105 940 3161 robustis·
995 3109 1052 3171 tur,
1069 3108 1098 3157 et
1122 3102 1223 3156 modus
1247 3098 1435 3166 oblationum,
1451 3104 1481 3152 et
1498 3099 1643 3170 catalogus
1660 3100 1845 3179 mansionum

95 3183 178 3250 sima,
195 3192 296 3256 quarta
309 3189 395 3242 etiem
411 3197 479 3244 aetas
494 3191 619 3246 hominis
633 3191 796 3253 fortissima,
816 3194 941 3260 quatuor
958 3158 978 3214 c
995 3195 1185 3263 computatur.
1214 3188 1322 3243 Deinde
1344 3185 1496 3258 prophetia
1517 3186 1632 3242 Balaam
1646 3205 1663 3241 a
1677 3203 1745 3259 rege
1763 3188 1845 3243 Balac

94 3275 207 3325 tanturn
220 3274 326 3345 recepti
342 3282 409 3331 sunt
423 3277 473 3348 qui
493 3278 668 3348 scripserunt
690 3277 848 3348 Evangelia.
866 3278 942 3331 luter
995 3280 1031 3334 ad
1046 3277 1272 3333 maledicendum
1289 3278 1427 3348 populum
1445 3277 1495 3331 Dei
1505 3277 1658 3332 inducitur.
1673 3279 1706 3332 ln
1721 3279 1780 3333 fine
1797 3295 1845 3333 sex

94 3358 168 3413 done
191 3360 311 3433 Spiritus
325 3365 415 3419 sancti
437 3366 581 3433 fortitudo,
596 3371 624 3421 et
636 3366 711 3421 inter
731 3366 941 3437 poenitentiales
995 3369 1122 3423 civitates
1142 3366 1321 3431 ordinantur,
1346 3370 1404 3419 tres
1420 3366 1503 3432 ultra,
1520 3371 1577 3419 tres
1591 3367 1662 3420 citra
1676 3367 1843 3430 Jordanem,

60 3493 64 3503 .
95 3448 230 3518 psalmos,
248 3452 373 3508 Miserere
392 3456 454 3518 ma,
475 3457 558 3524 Deus,
585 3460 704 3526 quartus
717 3460 769 3520 est,
789 3454 822 3509 in'
834 3471 891 3526 quo
906 3454 941 3508 de
994 3455 1030 3511 ed
1045 3471 1116 3526 quas
1140 3452 1306 3523 confugeret
1329 3453 1380 3524 qui
1403 3453 1504 3506 nolens
1528 3453 1699 3524 sanguinem
1721 3453 1846 3523 proximi

95 3535 258 3592 humilitate
287 3541 347 3609 (per
376 3557 463 3612 quem
490 3559 588 3597 sumus
609 3542 706 3614 fortes)
735 3542 838 3614 agitur.
865 3542 942 3596 luter
994 3544 1162 3598 effunderet.
1191 3541 1295 3596 Levita
1320 3540 1397 3595 inter
1425 3541 1643 3595 tabernaculum
1671 3545 1699 3595 et
1726 3547 1846 3596 caeteros

96 3624 215 3680 nomina
236 3627 351 3682 Domini
374 3635 509 3700 quartum
530 3631 687 3699 est,fortis‚
707 3630 941 3702 preceduntad·
993 3632 1068 3689 filios
1098 3632 1185 3685 lsrael
1213 3630 1393 3695 excubantes,
1422 3628 1504 3683 divisi
1531 3644 1584 3699 par
1607 3629 1781 3683 hurramitas
1809 3629 1845 3685 ab

96 3709 246 3780 mirabilis,
269 3714 456 3784 consiliarius,
481 3718 571 3788 Ilcus3
595 3719 725 3791 sequitur
745 3721 829 3773 Pater
852 3718 942 3773 futuri
994 3720 1115 3785 oriente,
1130 3735 1181 3790 per
1197 3717 1340 3773 caathitas
1355 3717 1391 3772 ab
1405 3726 1511 3783 austro,
1537 3717 1700 3773 Gersonitas
1715 3718 1752 3772 ab
1770 3717 1847 3772 occi-

96 3800 202 3866 saeculi,
221 3803 355 3874 princeps
378 3806 456 3877 pacis
477 3807 542 3878 (fao.
577 3807 625 3878 rx),
642 3812 671 3862 et
694 3806 808 3862 similia.
832 3808 864 3862 ln
889 3809 941 3862 hoc
994 3809 1089 3875 dante,
1106 3813 1135 3861 et
1157 3805 1301 3862 lderarites
1317 3805 1353 3858 ab
1371 3805 1516 3875 aquilone,
1533 3804 1695 3874 significent
1708 3805 1845 3876 praelatos

96 3903 211 3958 quoque
224 3889 297 3945 libro
313 3908 411 3947 eorum
428 3895 477 3965 qui
490 3901 678 3950 numerantur
691 3895 827 3951 fortitudo
843 3900 940 3950 ostan-
993 3895 1136 3960 Ecclesia,
1150 3893 1200 3965 qui
1214 3897 1281 3946 sunt
1300 3891 1388 3946 medii
1404 3891 1478 3946 inter
1492 3891 1638 3946 ministros
1653 3892 1844 3957 tabernaculi,

97 3975 184 4040 ditur,
204 3977 271 4032 dum
286 3979 316 4033 hi
339 3982 388 4051 qui
413 3987 495 4038 aetate
510 3987 539 4038 et
561 3984 665 4039 virtute
680 3983 755 4039 hello
778 3988 845 4038 sunt
869 3982 940 4054 apti,
994 3983 1098 4057 quibus
1119 3982 1151 4036 in
1173 3979 1379 4053 temporalibus
1404 3979 1574 4050 provident:
1601 3984 1631 4033 et
1654 3979 1730 4033 inter
1744 3980 1844 4044 laicos,

96 4065 242 4119 numerari
250 4066 398 4137 jubentur.
994 4071 1100 4144 quihus
1117 4070 1148 4124 in
1163 4068 1359 4140 spiritualibus
1379 4072 1516 4139 praeeunt.
1540 4066 1717 4133 Amremitra,
1739 4066 1768 4121 id
1791 4072 1843 4134 est,

133 4152 242 4208 Dicitur
269 4153 344 4208 liber
379 4157 505 4223 Numeri,
541 4158 609 4230 quia
631 4158 663 4212 in
692 4175 725 4213 eo
752 4161 942 4213 numerentur
993 4159 1084 4213 Moses
1098 4162 1127 4212 et
1146 4161 1241 4211 Aaron
1263 4161 1291 4211 et
1313 4157 1419 4210 horum
1442 4155 1507 4220 filii,
1528 4154 1685 4225 inspiciunt
1707 4159 1737 4207 et
1752 4154 1845 4207 invol-

97 4241 249 4307 israelitae;
265 4247 326 4298 tum
338 4242 414 4310 inde,
431 4250 492 4299 tum
508 4246 577 4316 quia
597 4245 761 4301 mansiones
776 4264 793 4301 e
808 4247 940 4301 Remesse
994 4251 1063 4302 runi
1088 4244 1265 4300 tabernaculi
1290 4243 1460 4311 secretiore3
1485 4242 1700 4297 introducentes
1729 4240 1844 4297 Canthi·

97 4330 234 4401 usquead
250 4331 412 4385 terdenam.
433 4331 486 4387 Sed
502 4336 569 4402 quie
581 4337 672 4389 omnio
686 4337 715 4388 in
730 4337 819 4402 apere
834 4336 940 4388 contia-
994 4340 1047 4399 tas,
1064 4334 1134 4388 dant
1149 4333 1189 4388 eis
1204 4332 1328 4404 propriis
1350 4331 1477 4386 humeris
1492 4331 1632 4401 portanda
1655 4330 1794 4398 involuta,
1813 4333 1846 4383 ut

96 4418 195 4488 gabant
213 4418 270 4473 illis
285 4417 312 4483 (l
325 4419 383 4475 Cor.
400 4422 436 4487 x).
457 4421 616 4476 allexerat
639 4422 741 4477 umbra
764 4422 975 4490 futurorurn,1)
994 4423 1123 4478 videntes
1138 4438 1195 4476 non
1218 4421 1385 4475 moriantur.
1413 4419 1476 4473 Non
1490 4423 1557 4472 sunt
1571 4418 1647 4471 enim
1664 4418 1845 4488 propalanda

95 4503 269 4577 italegenda
292 4511 334 4560 est
359 4507 524 4562 historiaut
541 4525 600 4564 non
623 4509 770 4564 emittatur
792 4509 938 4582 allegoria.
995 4509 1124 4565 Ecclesia
1153 4508 1295 4580 mysteria,
1324 4507 1380 4563 nisi
1406 4505 1595 4561 summatibus
1624 4505 1703 4571 viris,
1732 4504 1761 4559 id
1791 4508 1843 4571 est,

97 4595 243 4648 Numerati
258 4601 324 4649 sunt
338 4594 473 4650 israelitas
489 4597 551 4662 soli,
567 4613 625 4651 non
641 4597 776 4669 proselyti
791 4602 820 4652 et
840 4598 939 4653 alieni·
995 4597 1064 4652 hlosi
1089 4600 1242 4664 etheron,
1270 4595 1338 4668 quia
1366 4595 1474 4650 infirmi
1502 4593 1568 4648 inde
1598 4592 1841 4648 scandalizantur.

96 4697 177 4753 genoe
192 4682 242 4755 qui
256 4687 337 4737 erant
350 4684 425 4738 inter
440 4683 522 4738 illos:
538 4700 597 4739 non
618 4690 717 4739 temen
741 4702 851 4754 omncs,
872 4686 941 4757 quia
995 4685 1075 4740 Unde
1095 4689 1124 4739 et
1137 4685 1210 4739 liber
1233 4683 1379 4755 Evangelii
1398 4682 1563 4755 presbytero
1586 4686 1614 4736 et
1637 4681 1757 4736 diacono
1773 4697 1846 4752 por-

97 4786 149 4825 nec
164 4773 247 4842 pueri
263 4788 315 4827 nec
328 4772 453 4841 feminee,
470 4773 517 4828 sed
532 4778 641 4829 tantum
657 4773 712 4828 viri
726 4773 774 4845 qui
791 4775 851 4846 epti
866 4775 939 4829 hello
993 4776 1071 4828 tatur
1094 4777 1219 4842 apertus,
1246 4773 1308 4827 eliis
1329 4787 1397 4826 vero
1420 4771 1543 4826 clausus.
1568 4769 1725 4825 Gersonitee
1746 4774 1844 4824 autern

97 4865 188 4913 erent.
206 4862 316 4916 Etenim
331 4862 450 4916 alienia
465 4864 532 4926 Deo,
552 4861 703 4932 gentilium
725 4863 880 4933 spurcitie,
896 4864 940 4918 val
995 4867 1023 4918 et
1037 4861 1186 4929 fleraritae,
1199 4861 1249 4933 qui
1264 4865 1331 4915 sunt
1348 4859 1525 4929 indigniores
1539 4857 1686 4924 caathitis,
1701 4873 1762 4911 nou
1773 4874 1846 4929 pro-

97 4946 263 5002 crudelitate
286 4949 410 5017 Iudaica,
438 4952 481 5005 rel
509 4950 595 5005 etiem
624 4949 776 5004 Christiani
800 4951 940 5021 puerilem
994 4950 1066 5023 priis
1092 4949 1231 5016 humeris,
1256 4949 1307 5003 sed
1335 4949 1426 5002 bobus
1450 4947 1625 5018 etpleustris
1655 4963 1706 5000 sue
1726 4950 1847 5018 portant

96 5032 239 5088 levitatem
264 5037 308 5090 vel
333 5038 482 5093 mollitiem
516 5039 671 5094 femineam
692 5039 840 5104 habentes,
866 5040 941 5096 inter
995 5054 1092 5092 onera.
1120 5037 1191 5102 Quia
1216 5037 1266 5108 qui
1290 5037 1349 5090 vult
1363 5035 1461 5089 venire
1481 5038 1544 5106 post
1558 5049 1615 5098 me,
1632 5049 1678 5089 me
1694 5038 1844 5104 sequatur,

75 5119 171 5201 ‘filios
197 5122 248 5176 Ilei
270 5139 328 5179 non
351 5133 549 5183 numerantur.
572 5129 633 5183 Non
658 5133 724 5183 suut
746 5129 888 5183 numerati
911 5129 941 5183 in
995 5125 1077 5198 quasi
1102 5140 1152 5196 par
1175 5129 1296 5178 mortem
1318 5125 1391 5192 (buc.
1413 5122 1461 5193 rx).
1492 5123 1647 5194 thuanto
1671 5121 1846 5193 magisquis

96 5208 234 5279 AEgypto:
252 5212 298 5265 sed
322 5219 474 5285 postquem
500 5216 674 5270 transierunt
698 5232 776 5271 mare
799 5217 940 5283 Rubrum,
995 5214 1065 5280 vult,
1080 5218 1160 5267 tanto
1176 5212 1267 5280 major
1280 5210 1450 5282 persecutio.

97 5299 163 5364 post
188 5296 351 5352 columnam
375 5300 450 5371 ignis
477 5303 506 5356 in
533 5303 680 5371 mansione
705 5304 786 5375 juxte
812 5308 940 5358 montem
1031 5292 1179 5357 Benedictis
1202 5295 1282 5370 filiis,
1306 5300 1392 5354 lsrael
1406 5303 1431 5354 et
1448 5298 1552 5366 dicetis,
1576 5300 1630 5353 etc.
1655 5296 1697 5352 Ab
1713 5296 1768 5351 hoc
1782 5297 1843 5352 loco

97 5381 183 5436 Sina:
209 5385 276 5454 quia
299 5392 446 5442 manantes
473 5389 503 5444 in
527 5389 652 5446 tenebris
675 5395 858 5462 peccatorum
882 5406 940 5445 uon
995 5394 1109 5460 sumpte
1131 5393 1174 5444 cst
1199 5387 1358 5444 benedictio
1382 5402 1469 5457 quem
1496 5385 1565 5440 facit
1595 5384 1755 5455 episcopus.
1782 5386 1843 5440 fluo

98 5474 163 5526 sunt
178 5471 240 5534 uei,
259 5472 308 5528 sed
323 5475 434 5530 mundti
447 5476 595 5549 baptismo,
604 5484 633 5534 et
653 5479 756 5535 armati
770 5494 872 5534 manus
885 5479 938 5534 im·
996 5478 1078 5551 digiti
1091 5477 1141 5548 qui
1156 5477 1304 5533 elevantur
1313 5475 1406 5548 juncti
1421 5475 1513 5546 legem
1527 5472 1690 5546 significant
1708 5477 1738 5528 at
1752 5489 1845 5529 secer·
