3892 6106
112 183 180 237 ¹035

420 177 618 234 tentaretur
638 177 761 234 sruaut
781 177 879 233 abab.
901 177 984 233 ΜΘΝ.
1007 177 1083 235 ΟΡΡ.
1103 176 1191 233 PARS
1210 178 1232 234 l.
1252 207 1286 217 -
1306 176 1543 236 THEOLOGICA.

1800 184 1857 240 liii

144 303 281 357 Barbara.
309 300 400 371 (aaa.)
426 300 549 355 Barbara
573 300 672 370 lingna
689 304 742 369 cst,
770 314 835 370 qua
864 300 993 355 DeumA
1010 315 1139 356 manuum
1159 301 1306 364 luminum,
1330 300 1384 355 hoc
1408 305 1583 357 venerantur
1597 301 1678 374 qnod
1709 300 1779 358 inde
1792 304 1858 360 lece-

110 392 291 447 conlaudat.

145 482 225 536 Vaas.
245 484 271 535 2.
288 509 323 521 —
350 481 432 533 Facta
448 483 492 531 εει.
523 477 621 546 (cisa.)
645 475 722 532 Sicut
746 476 793 530 ille
821 476 955 547 populus,

109 586 174 624 cnm
187 569 276 624 exiret
288 567 462 638 deAEgypt0‚
480 570 546 633 etc,
568 581 653 634 usqtve
675 565 713 620 ad
750 572 869 636 possunt
884 564 957 620 resi-

108 663 183 713 stere
199 657 285 725 vitiis,
300 660 329 709 ει
344 656 411 710 bac.

143 747 222 800 Vens.
248 749 273 800 3.
301 775 334 782 -
354 743 428 799 Vidit
443 759 525 810 vitare,
551 743 646 809 idest,
662 746 825 813 peccatores
842 741 953 812 baculi.

104 834 241 900 iordanis,
271 833 321 903 qui
340 832 426 885 variis
453 830 599 886 desideriis
623 830 741 900 rapiunt
771 829 903 884 homines
925 829 956 884 in

104 936 243 991 magnum
258 935 348 988 mare,
360 919 387 973 id
407 923 459 984 est,
475 919 560 988 hujus
572 917 668 972 saeculi
683 916 887 972 amaricantem
895 933 956 971 ma·

104 1009 209 1076 litiam;
226 1008 352 1063 sedhaeo
373 1008 403 1061 in
432 1008 556 1062 adventu
585 1006 699 1062 Domini
724 1014 844 1074 cessant,
873 1007 956 1079 quasi

104 1114 242 1152 conversa
256 1101 422 1151 retrorsum.

140 1189 221 1241 Mure
238 1186 317 1240 uidit.
347 1184 439 1254 (Aac.)
465 1185 523 1238 Hoc
550 1183 597 1238 bic
622 1183 705 1238 aliter
728 1182 842 1250 dicitur,
867 1200 954 1255 quam

103 1274 210 1329 lactum
238 1278 293 1328 est.
318 1273 360 1326 lbi
390 1273 497 1343 legitur
520 1271 631 1326 stetisse
660 1272 695 1326 ab
719 1288 753 1326 ea
777 1275 869 1343 parte,
897 1289 954 1345 qua

103 1379 185 1434 aquae
196 1364 320 1432 desuper
334 1360 472 1430 licebant,
493 1376 546 1414 nec
558 1360 599 1415 ibi
616 1359 774 1431 quidquam
798 1360 903 1415 dicitur
918 1361 953 1415 de

103 1452 291 1524 gestientibus
314 1450 471 1516 montibus,
487 1448 537 1502 sed
562 1453 619 1503 tam
648 1448 689 1503 ibi
708 1449 781 1502 iacta
804 1465 891 1520 quam
907 1449 952 1504 bic

102 1539 178 1594 dicta
192 1539 292 1608 figurae
302 1543 377 1592 sunt.

1013 393 1089 456 runt,
1108 388 1257 443 materiam
1273 387 1350 443 enim
1370 389 1476 444 creavit
1490 389 1580 458 Deus3
1599 391 1651 447 sed
1679 390 1802 448 stultitia
1814 392 1860 448 bo·

1012 477 1124 532 minam
1140 478 1262 532 formam
1277 477 1397 533 addidit.

1048 567 1130 620 Varis.
1147 569 1173 620 5.
1189 567 1264 623 -Os
1277 566 1384 621 babeat.
1402 568 1463 637 (lo.)
1472 569 1556 624 Manu
1569 569 1784 638 sunttormata,
1797 576 1858 638 etc,

1011 669 1096 724 usque
1111 654 1184 709 adet
1198 655 1359 710 servierunt
1373 661 1512 711 creaturae
1524 656 1622 728 potius
1632 673 1726 730 quam
1734 659 1857 715 creatori.

1046 743 1128 798 Vaas.
1149 747 1177 798 7.
1207 744 1309 800 -ltlen
1333 744 1503 801 clamabunt.
1520 746 1584 815 (ln.)
1599 747 1669 802 Post
1680 747 1764 818 loqui
1776 748 1858 819 (qued

1011 835 1053 885 est
1067 829 1192 886 hominis
1214 831 1376 903 proprium)
1391 832 1447 887 boc
1461 849 1615 889 caramune
1627 834 1723 904 addit,
1737 840 1801 900 etc„
1815 850 1857 891 as·

1010 934 1061 989 que
1075 919 1113 973 ad
1124 925 1151 973 et
1164 935 1264 974 carens
1274 919 1331 975 vita
1345 935 1489 993 sensuque
1501 921 1719 980 simulacrum.‘

1047 1007 1124 1062 Vens.
1153 1009 1179 1062 8.
1206 1036 1241 1049 -
1254 1007 1365 1064 Similes
1379 1010 1444 1064 illis.
1462 1010 1525 1081 (le.)
1550 1010 1621 1067 Vide
1642 1011 1880 1068 erubescibilam'

1009 1094 1163 1161 culturam,
1174 1095 1244 1151 dum
1256 1097 1305 1162 ait,
1320 1098 1433 1166 similes,
1445 1097 1522 1169 quod
1537 1114 1604 1153 vere
1618 1104 1708 1167 sant,·
1724 1101 1770 1155 vel
1783 1101 1870 1156 simi·'

1009 1182 1049 1237 les
1066 1200 1095 1238 sc
1111 1183 1151 1237 eis
1166 1184 1340 1256 intelligant.
1398 1220 1401 1227 ·

1045 1273 1114 1327 Vens
1143 1274 1170 1326 9.
1195 1301 1229 1315 -
1251 1273 1358 1329 Domus
1384 1275 1484 1330 Israel.
1524 1273 1623 1346 (Cass.)
1652 1275 1707 1331 liic
1738 1277 1856 1333 ostendit

1008 1359 1176 1415 Christianae
1192 1360 1339 1433 religionis
1354 1361 1518 1418 utilitatem.

1044 1451 1125 1504 Vens.
1153 1454 1196 1507 tt).
1222 1482 1257 1493 -
1289 1455 1388 1508 nomas
1425 1457 1532 1510 Aaron.
1563 1453 1665 1524 (Acis.)
1698 1456 1741 1510 Νε
1766 1460 1854 1510 autem

972 1535 1138 1634 Bvideatur
1167 1540 1322 1610 majeribus
1347 1541 1408 1612 jam
1432 1558 1489 1613 res,
1514 1558 1579 1614 quae
1604 1543 1798 1600 inferioribus
1819 1551 1856 1600 est

137 1628 218 1683 Vaas.
246 1628 316 1680 ·'a.—
332 1627 448 1681 Artales.
474 1624 538 1695 (lo.)
556 1623 764 1692 Quicornibns
791 1623 951 1696 utriusque,
1008 1639 1081 1694 spes,
1094 1625 1183 1694 addit,
1196 1629 1295 1682 Domus
1307 1628 1409 1684 Aaron.

102 1723 168 1783 etc,
183 1714 318 1785 usquead
342 1729 458 1768 omnem
475 1711 624 1766 scientiam
650 1711 784 1766 adversus
808 1711 952 1768 Christum

101 1822 131 1859 se
157 1805 325 1875 erigentem.
343 1802 435 1858 Colles.
456 1801 556 1869 (Cass.)
580 1803 603 1853 Α
624 1800 751 1868 colendo,
777 1800 949 1868 mediocres;

102 1910 159 1948 non
186 1893 265 1947 enim
290 1893 351 1946 baec
367 1891 403 1944 ad
418 1890 558 1956 litteram,
586 1889 661 1943 unde
692 1893 720 1943 et
742 1905 795 1959 par
816 1904 906 1956 mare,
923 1894 952 1945 et

99 1982 263 2048 lordauem,
278 1980 307 2034 id
321 1985 372 2046 est,
387 1978 569 2049 perantiqua
583 1977 666 2045 iacta,
695 1978 756 2031 haee
770 1977 878 2048 signari
892 1994 950 2033 non

100 2070 239 2138 ambigas,
256 2084 320 2139 quae
336 2067 420 2121 lrodie
436 2066 624 2137 spiritualiter
633 2066 715 2120 liunt.

136 2158 221 2210 Vaas.
239 2160 264 2209 5
294 2153 418 2220 -Quid
441 2160 480 2208 est
510 2155 569 2208 tibi.
593 2155 656 2224 (ln.)
681 2154 810 2209 Secundo
831 2153 948 2210 interro-

100 2250 149 2315 gat
160 2260 248 2314 quare
263 2244 335 2310 haee,
361 2245 393 2295 ut
416 2240 519 2297 excitet
540 2242 770 2297 admirationem.
799 2244 833 2298 Et
845 2243 948 2298 solvit:

99 2338 125 2386 Α
139 2334 213 2400 facie
230 2333 344 2387 Domini.

134 2419 257 2474 Vaas't.
287 2449 319 2458 -
333 2417 465 2487 Assacie.
484 2416 546 2488 (lo.)
572 2419 632 2472 Una
657 2417 768 2472 duobus
790 2416 947 2488 responsio,

98 2507 166 2580 quia
181 2523 255 2560 unus
266 2512 374 2573 auctor,
389 2511 417 2560 et
427 2506 530 2560 saecula
541 2505 608 2559 iecit
617 2505 826 2576 obstupescere,
842 2511 871 2561 et
885 2521 947 2573 sua,

98 2596 194 2663 idest,
211 2601 323 2650 montes
339 2600 368 2650 et
384 2595 472 2649 colles
486 2594 626 2665 gaudere:
640 2593 752 2648 Christo
768 2594 845 2649 enim
862 2610 949 2666 appa-

98 2689 178 2738 rente
191 2683 263 2737 moti
281 2686 348 2736 sunt
362 2681 495 2737 homines
509 2699 526 2735 a
540 2698 591 2736 sua
610 2682 813 2753 superstitione
837 2683 948 2739 adcul-

98 2777 161 2828 tum
177 2772 237 2826 liei.

1042 1712 1122 1768 Vaas.
1147 1716 1188 1769 ti.
1217 1747 1251 1755 -
1280 1717 1390 1771 itamar.
1421 1716 1522 1789 (Cass.)
1552 1718 1588 1772 Ut
1615 1723 1855 1789 converteret,et

1005 1815 1156 1856 conversos
1171 1818 1223 1873 per
1232 1803 1366 1858 eumdem
1378 1804 1533 1860 benedixit.

1042 1889 1125 1945 Vens.
1157 1891 1199 1944 tt.
1222 1891 1362 1961 -Super
1385 1892 1544 1964 caspiae.)
1565 1893 1641 1958 Quia
1655 1895 1749 1951 crevit
1764 1911 1854 1952 nume·

1004 1991 1052 2031 rus
1067 1977 1285 2048 magistrorum.

1038 2065 1126 2134 Super
1147 2068 1228 2135 lilios.
1256 2066 1329 2132 Quia
1358 2067 1447 2123 crevit
1476 2067 1563 2124 etiam
1590 2085 1734 2126 numerus
1762 2089 1852 2144 sequa

1003 2152 1091 2207 cium.
1113 2154 1185 2224 Ergo
1222 2171 1272 2209 vos
1294 2155 1420 2227 utrique,
1449 2162 1544 2227 patres
1569 2161 1598 2212 et
1623 2158 1691 2229 tilii,
1716 2160 1849 2216 benedidi

1003 2244 1071 2296 estis
1100 2242 1234 2313 Domino,
1263 2243 1313 2315 qui
1339 2244 1469 2300 vosfecit
1492 2247 1632 2301 coelumin
1649 2249 1849 2318 majoribuset

1003 2335 1103 2385 teram
1117 2331 1148 2385 in
1164 2331 1337 2398 minoribus;
1354 2333 1397 2387 vel
1412 2333 1480 2388 iecit
1493 2350 1611 2389 omnem
1627 2341 1804 2393 creaturam.

1038 2418 1118 2474 Vaas.
1138 2421 1179 2473 t5.
1203 2450 1234 2458 -
1255 2420 1393 2476 Benedicti
1419 2436 1497 2477 cosa
1519 2422 1641 2478 Domino.
1671 2425 1781 2496 (Cass.)
1804 2426 1847 2492 oa

1003 2505 1112 2576 optavit
1123 2522 1209 2577 supra
1221 2505 1362 2573 benedici,
1384 2507 1445 2579 jam
1460 2508 1584 2564 conlisus
1608 2510 1690 2578 dicit,
1705 2514 1848 2581 Benedicti

1002 2593 1079 2664 quod
1100 2595 1136 2649 ad
1161 2594 1251 2648 Deum
1272 2594 1407 2666 pertinet,
1431 2600 1464 2651 ut
1488 2597 1514 2651 ei
1542 2598 1686 2655 serviatis.
1718 2603 1792 2657 Vere
1808 2605 1850 2658 bc

1001 2685 1084 2748 mino,
1100 2681 1169 2753 quia
1184 2684 1271 2736 etiam
1286 2685 1463 2752 autumali,
1480 2684 1510 2740 id
1531 2690 1585 2754 est,
1611 2687 1749 2744 Christus
1766 2689 1852 2746 estad

1000 2770 1141 2826 honorem
1157 2771 1285 2838 Domini;
1303 2772 1357 2838 vet,

134 2864 159 2916 Α
175 2863 246 2928 [acie
260 2863 310 2914 Dei
317 2860 414 2914 Jacob.
432 2859 556 2930 thnasi
573 2863 725 2929 quaereret,
742 2858 807 2930 quis
831 2863 875 2915 est
894 2860 982 2914 lio-C
1037 2860 1117 2914 Vaas.
1137 2862 1223 2913 rc.-
1238 2861 1341 2916 Culum
1356 2862 1424 2929 ccli,
1450 2860 1480 2916 id
1493 2865 1546 2930 est,
1573 2878 1761 2936 empyreum,
1781 2866 1853 2922 dedit

98 2950 210 3005 miuus?
228 2952 301 3004 Deus
314 2949 399 3004 lacob
415 2964 474 3002 non
485 2964 602 3015 recens;
620 2948 671 3019 qui
691 2948 759 3002 iacit
770 2963 819 3003 eos
834 2948 944 3004 luctari.

133 3040 213 3093 Vaas.
226 3041 251 3092 8.
265 3039 354 3108 -Qui
372 3040 503 3092 concutit
528 3041 645 3105 petram.
677 3036 740 3107 (lo.)
768 3036 844 3091 Dura
863 3038 947 3092 corda

99 3129 274 3190 ludaeorum,
289 3127 324 3181 ad
335 3141 439 3196 aquam
453 3124 598 3196 baptismi.

134 3220 245 3287 liupem.
263 3215 396 3280 Gentiles,
418 3219 448 3268 ut
459 3218 489 3268 et
501 3213 557 3283 ipsi
583 3217 718 3267 emanant
742 3212 867 3284 irriguos
881 3213 947 3268 fon·

99 3310 141 3359 tes
156 3302 379 3374 predicationis.

134 3393 228 3461 (Aua.)
245 3391 273 3445 ld
301 3396 352 3456 est,
376 3405 404 3442 se
427 3388 507 3459 prius
523 3389 639 3456 durum,
662 3405 727 3443 cum
753 3389 945 3459 ignoraretur,

98 3485 164 3548 etc,
173 3477 300 3547 usquead
310 3475 444 3530 omvribus
455 3474 638 3530 credentibus
650 3477 813 3544 inundaret,
833 3478 943 3532 dicens:

98 3569 130 3624 Si
139 3570 200 3636 auis
213 3569 283 3633 silit,
302 3567 394 3619 acatal
404 3563 441 3618 ad
454 3578 495 3617 me
510 3568 534 3617 et
551 3564 634 3619 bibat.

133 3655 212 3710 Vens.
231 3658 255 3709 t.
278 3683 312 3696 —
339 3654 399 3710 Noa
421 3654 507 3707 uobis.
535 3652 634 3723 (Cass.)
660 3654 730 3708 Cum
759 3653 830 3708 dixit
854 3654 944 3709 Deum

98 3744 174 3799 bona
186 3744 265 3811 dare,
282 3748 348 3809 eta,
364 3757 448 3811 usque
467 3742 504 3795 ad
527 3740 642 3808 veritas,
671 3741 740 3796 dum
766 3742 943 3812 praemiare·

97 3817 200 3899 stituit,
216 3832 259 3887 vel
274 3830 379 3903 impias
389 3829 482 3901 punit.
500 3831 577 3896 ldeo,
590 3830 640 3885 Da.

131 3922 213 3975 Vaas.
230 3925 255 3974 t.
271 3951 305 3961 -
330 3919 493 3989 Nequando:
523 3920 577 3973 boc
602 3935 679 3989 saepe
704 3919 785 3991 impii
799 3919 943 3992 imputant

96 4009 179 4064 bonis
193 4009 314 4064 afflictis.

131 4098 328 4154 Misericordia.
347 4095 447 4165 (aaa),
462 4095 490 4149 id
507 4101 560 4163 est,
575 4096 765 4166 reparatione.

135 4190 262 4253 l'crilate,
278 4186 367 4253 idest,
384 4185 574 4255 promissione
592 4185 717 4255 impleta.

133 4277 183 4331 Ubi
201 4280 240 4330 est
253 4277 333 4328 Deus.
349 4273 410 4342 (lo.)
426 4273 484 4326 Hac
512 4272 604 4327 solent
633 4272 726 4326 dicere
752 4276 863 4342 gentes,
876 4288 941 4344 quae

94 4365 201 4418 haberit
213 4363 337 4417 visibiles
348 4361 428 4415 deos:
441 4360 509 4430 quia
518 4359 690 4414 invisibilem
708 4362 796 4414 Deum
810 4360 939 4416 colimus.

132 4455 219 4507 t'aas.
239 4456 264 4506 3.
280 4452 360 4504 -la
376 4450 447 4503 coelo.
465 4448 547 4519 (lod,
562 4449 590 4502 id
615 4453 668 4513 est,
683 4448 793 4502 Christo
812 4448 939 4517 bomine,

94 4540 251 4597 secundum
270 4537 358 4592 illud:
384 4540 452 4591 mus
475 4540 535 4591 erat
554 4538 584 4591 ia
613 4537 719 4593 Christo
734 4536 865 4591 muudum
887 4538 942 4592 sibi

92 4631 279 4685 reconcilians.
296 4626 354 4692 Vel,
371 4628 400 4680 ia
423 4625 495 4680 culo.
511 4624 609 4696 (Cass.)
625 4625 654 4678 id
670 4629 722 4694 est,
737 4629 840 4697 potens
854 4642 941 4697 super

94 4733 194 4772 omnes
209 4719 364 4769 creaturas.

129 4806 225 4862 omnia
239 4801 493 4871 quacunqaevotutt
502 4801 577 4867 (ecit.
594 4800 648 4852 Per
662 4798 739 4869 quod
758 4798 939 4870 omnipotens

93 4898 221 4965 apparet.

129 4985 207 5036 Vens.
232 4978 470 5034 4.-Simulucvu
500 4980 628 5043 gentium.
661 4975 726 5047 (ta.)
756 4975 938 5042 Tertio,ina·

91 5072 139 5126 nia
152 5070 304 5124 simulacra
329 5066 439 5137 probat,
471 5071 499 5119 et
512 5065 614 5135 religio
642 5064 693 5118 Dei
708 5080 794 5135 quam
810 5063 846 5117 sit
860 5063 938 5118 utilis

91 5158 228 5214 ostendit.
243 5157 275 5211 Et
285 5161 328 5211 est
337 5155 384 5209 hic
394 5155 520 5225 perlecta
532 5152 737 5208 demonstratio
748 5152 779 5206 in
792 5151 936 5222 vitupera-

90 5248 167 5301 tione
190 5253 219 5300 et
236 5246 331 5300 laude.
362 5243 455 5314 (Aac.)
471 5243 590 5296 Ostensa
608 5241 737 5312 potentia
759 5239 817 5295 veri
842 5239 891 5295 liei
903 5256 936 5294 ex

89 5335 233 5404 operibns,
249 5333 351 5388 transit
374 5333 410 5386 ed
425 5332 494 5386 deos
519 5330 649 5401 gentium
673 5329 808 5384 visibiles.
829 5332 937 5396 Argeu-

1003 2947 1123 3003 [iomino
1144 2947 1266 3016 cbristo,
1282 2949 1439 3004 secundum
1455 2951 1530 3021 quod
1545 2951 1645 3006 bomo.
1667 2957 1785 3010 Tmam
1803 2971 1852 3010 au·

1001 3038 1164 3091 immistam
1188 3036 1354 3092 interiorem
1374 3037 1462 3093 dedit.
1491 3040 1570 3094 Filiis
1597 3041 1752 3098 luminum.
1782 3044 1853 3100 Utin

1001 3139 1035 3177 ea
1048 3140 1077 3179 se
1091 3123 1243 3194 purificent
1259 3124 1302 3178 vel
1318 3125 1458 3196 populum
1478 3127 1740 3197 praedicatoribus;
1765 3132 1851 3187 unde:

1001 3212 1079 3267 Sicut
1094 3212 1172 3267 misit
1196 3230 1241 3266 me
1258 3215 1350 3280 Pater,
1365 3219 1394 3268 et
1414 3230 1467 3285 ego
1486 3214 1601 3270 mittam
1629 3234 1680 3272 vos
1696 3219 1787 3289 (loca.
1807 3220 1851 3293 vi).

1036 3302 1135 3357 Caelum
1146 3299 1213 3357 coeli.
1231 3302 1324 3373 (Aac.)
1341 3301 1412 3356 llicit
1430 3319 1477 3357 eos
1492 3318 1619 3374 quorum
1645 3312 1773 3371 mentes,
1788 3315 1851 3378 etc,

1001 3404 1083 3458 usque
1097 3389 1229 3460 adquam
1242 3389 1349 3444 infirmi
1368 3390 1429 3446 sine
1443 3391 1621 3447 adminiculo
1637 3394 1737 3450 adbuc
1760 3396 1850 3452 videre

1000 3494 1058 3531 non
1076 3484 1209 3548 possunt.

1035 3567 1114 3621 Vaas.
1147 3568 1188 3620 Π.
1213 3596 1247 3604 —-
1267 3567 1359 3635 Neque
1372 3550 1460 3622 omues
1487 3534 1732 3635 quiescendum.
1754 3572 1848 3644 (Cass.)

998 3651 1048 3706 Vel
1063 3668 1122 3707 non
1146 3652 1309 3724 omnesqui
1325 3653 1516 3723 descendunt;
1538 3655 1609 3727 quia
1635 3662 1666 3714 al
1693 3662 1787 3717 sancti
1801 3662 1846 3717 de-

998 3740 1178 3811 scenderunt,
1191 3742 1241 3796 sed
1252 3758 1310 3796 non
1324 3741 1505 3810 ininteriori.

1286 3830 1442 3886 essibus
1461 3831 1552 3887 CXIV.

1032 3916 1161 3972 Alleluia.
1189 3916 1239 3972 llic
1252 3917 1353 3972 titulus
1378 3934 1454 3989 sape
1474 3919 1607 3986 iteratur,
1625 3922 1699 3994 quia
1726 3925 1844 3983 laudatio

998 4004 1057 4072 liei,
1069 4010 1097 4059 et
1108 4005 1232 4076 dignitas
1247 4011 1290 4060 est
1303 4021 1433 4077 operum,
1459 4010 1488 4062 el
1510 4007 1639 4079 pretium
1662 4012 1808 4083 laborum,
1821 4014 1844 4071 id

996 4098 1047 4158 est,
1071 4093 1207 4147 meritum
1222 4097 1266 4147 est
1288 4097 1317 4149 el
1330 4092 1494 4164 praemium.
1519 4096 1617 4165 (Aac.)
1645 4098 1795 4174 Propheta
1814 4103 1844 4157 da

996 4180 1076 4236 fovea
1092 4187 1273 4252 peccatorum
1293 4181 1439 4249 liberatus,
1463 4185 1492 4237 et
1513 4183 1543 4237 in
1562 4190 1649 4255 petra
1666 4191 1841 4259 constitutas,

996 4271 1089 4341 primo
1104 4270 1210 4341 gratias
1220 4269 1281 4341 agit
1294 4269 1362 4341 quia
1377 4270 1529 4325 exauditus
1550 4275 1604 4342 est,
1617 4278 1648 4330 et
1664 4284 1770 4334 contra
1787 4294 1838 4335 on·

995 4358 1043 4413 nia
1054 4358 1182 4428 pericula
1195 4376 1224 4412 se
1233 4359 1380 4413 invocasse
1392 4358 1468 4413 dicit.

1031 4447 1160 4500 Psatmns
1175 4446 1226 4501 iste
1251 4449 1293 4500 est
1315 4446 1472 4501 consolatio
1488 4446 1618 4504 fidelium
1638 4458 1747 4509 contra
1768 4454 1836 4510 dolo

997 4550 1041 4589 res
1054 4535 1160 4590 saeculi.

1030 4624 1111 4678 Vens.
1131 4627 1154 4677 t.
1185 4653 1218 4663 —
1244 4624 1348 4678 Dileci.
1371 4622 1526 4694 (tutatur
1554 4624 1610 4679 boe
1632 4627 1698 4683 ovis
1721 4647 1786 4703 qnae
1803 4645 1836 4686 er·

995 4714 1115 4775 raverat,
1132 4711 1208 4765 tilius
1224 4727 1364 4778 reversus,
1380 4711 1465 4782 hujus
1475 4711 1572 4766 saeculi
1586 4716 1773 4787 peregrinus.

1029 4796 1131 4866 (Cass.)
1159 4800 1259 4852 Dileai.
1277 4798 1339 4853 Non
1362 4804 1479 4869 propter
1493 4801 1667 4871 temporalia
1681 4804 1762 4861 bona
1774 4802 1835 4861 mibi

994 4885 1070 4952 data,
1086 4891 1118 4941 ut
1134 4885 1273 4954 infideles,
1302 4887 1351 4941 sed
1380 4889 1519 4957 quonium,
1535 4893 1591 4944 etc.
1619 4891 1759 4964 lliligitur
1770 4895 1833 4950 neu

993 4974 1071 5029 etab
1100 4974 1262 5029 infidelibus
1287 4975 1355 5046 quia
1375 4976 1450 5030 bona
1476 4976 1540 5044 dat3
1564 4978 1658 5035 unde:
1689 4982 1834 5054 confitebat
1889 5037 1891 5048 ,

993 5063 1045 5116 tibi
1066 5078 1126 5117 cum
1156 5063 1315 5130 beruseceris
1338 5066 1364 5119 ei
1382 5065 1466 5130 (Paul.
1487 5067 1597 5137 savar).
1625 5068 1764 5142 Diligitnr
1775 5085 1833 5142 per·
1889 5059 1891 5075 ⁴

992 5150 1075 5220 lecte,
1097 5168 1164 5206 eum
1191 5152 1305 5207 animus
1333 5152 1458 5208 adversis
1473 5169 1532 5208 non
1555 5162 1700 5226 movetur,
1730 5159 1832 5230 sedspe
1884 5201 1891 5254 f

992 5240 1168 5294 accenditur:
1185 5256 1272 5312 quem
1287 5241 1407 5296 modum
1425 5246 1491 5312 post
1516 5244 1649 5314 exponit,
1670 5246 1764 5303 dilect
1780 5247 1830 5302 lton

991 5328 1060 5401 quia
1086 5344 1132 5382 me
1147 5344 1243 5399 regem
1258 5328 1334 5395 iecit,
1350 5346 1490 5402 prospera
1502 5330 1593 5403 dedit,
1609 5335 1661 5390 sed
1689 5335 1758 5408 quia
1777 5350 1825 5392 ore
1878 5304 1891 5363 ἀ

90 5423 155 5476 lum.
177 5421 239 5492 (ln.)
267 5421 321 5476 Sed
346 5420 414 5491 quia
441 5420 516 5474 Deus
539 5420 592 5473 boc
620 5420 695 5486 lecit,
721 5417 828 5490 inquit,
847 5418 935 5487 Opera
990 5417 1232 5472 tionemauditin
1247 5418 1396 5488 angustiis.
