3892 6106
91 279 144 332 817
653 275 780 332 ctosst
800 275 1003 333 Onomante.
1023 304 1057 316 -
1077 275 1141 332 1111.
1162 275 1281 332 estest
1794 278 1847 333 878

91 412 151 450 non
176 397 284 468 jurarit
309 397 338 451 in
367 396 444 453 dolo.
466 398 499 452 ln
520 411 600 452 uano.
629 397 732 467 (11111.)
761 396 864 465 idest,
892 397 986 470 quil.
1037 396 1156 451 venat.
1173 427 1207 436 -
1223 398 1338 452 Delicta.
1364 394 1466 468 (0111.)
1481 397 1555 453 Sunt
1567 398 1682 471 quando
1707 397 1849 472 linquitur

91 486 180 540 nntlis
213 502 276 541 eam
312 486 419 541 tecibus
452 486 650 558 peccaminum
679 491 745 557 post
767 486 944 559 baptismum
999 483 1046 539 via
1060 485 1213 557 aequitatis.

93 573 259 629 maculavit.
1034 575 1197 629 iuuentutis.
1213 574 1337 644 Nonpro
1357 578 1451 641 aetate,
1467 575 1517 630 sed
1543 591 1596 647 pro
1613 575 1849 648 praecipitationis

128 664 212 719 Vens.
228 668 254 717 7.
271 692 307 704 -
329 665 462 720 Attottitc.
479 664 668 736 Diapsalmns.
695 662 855 719 Christiana
876 661 944 717 reti·
1000 661 1128 729 andacia,
1144 677 1209 734 qnae
1224 666 1267 717 est
1283 669 1359 729 tunc,
1379 677 1444 717 cum
1465 663 1542 718 calor
1562 663 1652 718 animi
1677 665 1848 721 modestiam

92 751 178 820 gione
199 751 350 817 declarata,
367 757 430 817 etc..
457 768 542 822 usque
569 751 607 806 ad
621 767 687 824 quas
707 750 868 823 aprincipa
882 750 945 806 dia·
1002 750 1124 806 excedit.

93 840 162 894 boto
177 840 279 911 posite
300 844 375 895 sunt.
393 843 429 895 Et
455 842 610 896 curamini.
630 841 735 896 Contra
749 844 847 911 portas
871 855 946 893 mor·
1034 837 1223 908 ignorantias.
1240 838 1488 911 Facimuseaqnoe
1500 840 1645 895 mataesse
1656 856 1714 896 non
1730 841 1845 898 scimus.

92 928 139 983 ris.
168 931 256 984 Porta
289 929 443 984 eternales:
471 929 565 984 omnis
597 929 689 1001 gratia
718 943 784 1001 quae
811 927 945 983 veniente
1001 927 1050 982 Vel
1067 926 1169 982 delicta
1190 926 1405 998 ignorantimin
1420 927 1557 999 parvulis,
1573 929 1622 1001 qni
1648 929 1693 985 uel
1712 929 1848 1001 originali

94 1014 219 1083 Christo,
230 1015 297 1071 data
309 1020 360 1070 est.
1000 1020 1116 1087 peceato
1130 1020 1277 1071 tenentur.

133 1105 215 1159 Vens.
248 1107 274 1158 8.
303 1135 338 1144 —
364 1104 430 1170 Quis
458 1104 519 1158 esti
544 1102 713 1174 interrogat.
743 1102 885 1175 Propheta
912 1101 947 1157 ad
1037 1105 1139 1175 (11111.)
1154 1104 1325 1160 Iuventutis.
1351 1107 1515 1178 Antequam
1536 1105 1571 1162 de
1586 1105 1673 1162 domo
1688 1106 1847 1179 patrisini·

95 1193 323 1247 convincendam
344 1193 508 1247 Judaeorum
541 1190 704 1262 pertidiam,
719 1196 749 1247 et
773 1197 805 1247 nt
823 1191 948 1263 amplius
1001 1195 1051 1266 qui
1065 1193 1185 1248 exirem.

96 1298 166 1338 enm
183 1282 411 1338 commendando
425 1282 495 1337 alios
510 1283 620 1338 invitet.
1038 1284 1168 1337 ilemento
1182 1282 1235 1335 mei
1253 1284 1292 1336 tu.
1308 1281 1402 1350 (Aac.)
1418 1280 1504 1352 Cujus
1530 1297 1603 1354 opus
1618 1286 1661 1337 est
1675 1281 1806 1339 misereri
1822 1288 1852 1340 et

135 1372 225 1425 Vens.
243 1371 285 1426 10.
303 1401 338 1411 -
352 1373 481 1426 Dominus
495 1372 578 1438 sortis
601 1386 654 1442 per
677 1370 797 1426 uirtutes
810 1369 947 1425 describi·
1002 1374 1118 1442 peccata
1132 1369 1288 1424 dimittere.

97 1464 147 1515 tur
176 1459 258 1530 qnasi
282 1459 400 1531 proprio
423 1458 550 1514 nomine.
580 1460 677 1528 Fortis,
703 1458 793 1532 (111.)
810 1458 863 1515 etsi
882 1475 947 1514 cnm
1036 1456 1187 1514 &cundum
1201 1457 1425 1512 misericordiam.
1443 1458 1473 1513 ld
1488 1461 1542 1525 est,
1569 1458 1722 1532 amplaest
1737 1458 1850 1515 miseri-

99 1547 204 1620 glediis
218 1546 344 1618 cepistis.
1001 1545 1100 1602 cordia
1114 1550 1174 1600 tua.
1193 1544 1384 1600 Misericordia
1399 1561 1467 1617 erga
1489 1547 1621 1615 miseros,
1647 1547 1760 1603 bonitas
1782 1564 1850 1620 erga

135 1638 242 1704 Potens,
259 1636 312 1690 etsi
327 1636 418 1691 Pilato
432 1634 597 1692 tradidistis.
963 1633 1154 1728 „quoslibet
1184 1633 1261 1688 Facit
1285 1638 1380 1689 antem
1410 1635 1484 1689 Deus
1507 1634 1615 1690 bonnm
1639 1641 1669 1690 et
1693 1652 1710 1690 a
1739 1635 1850 1691 miseris

135 1728 231 1781 Potens
252 1727 281 1779 iu
293 1725 398 1794 prelio,
427 1740 463 1778 ne
479 1723 509 1778 in
536 1740 633 1796 pugna
659 1740 709 1779 ros
733 1739 880 1796 superasse
894 1740 948 1796 pu·
1002 1722 1180 1793 imploratus,
1212 1725 1241 1778 et
1266 1721 1393 1776 bonitate
1420 1721 1536 1778 ductus:
1565 1738 1650 1778 nemo
1675 1723 1768 1779 bonus
1795 1722 1850 1780 nisi

96 1814 176 1869 tetis.
208 1814 338 1869 Virtutes.
365 1812 471 1886 (liram,
486 1813 576 1883 Aac.)
600 1812 736 1868 llinistrae
753 1812 949 1892 praecedentes
1003 1811 1090 1867 Dens.

96 1902 242 1958 christum
275 1902 306 1956 in
342 1903 508 1956 ascensione
545 1902 581 1956 ad
623 1901 692 1955 elias
725 1902 852 1957 coelestes
891 1903 948 1956 cla·
1036 1901 1158 1955 111118.
1190 1929 1224 1940 -
1254 1899 1357 1955 Dulcis.
1387 1899 1452 1971 (11.)
1480 1900 1552 1966 Quia
1578 1895 1785 1972 omniapriora
1813 1900 1853 1958 di·

96 1995 189 2058 mant,
207 1990 328 2046 niniam
348 1990 469 2045 Domino
493 1990 619 2045 uenienti
633 1990 780 2062 aperiant:
797 2006 862 2062 qnae
875 2007 948 2046 novo
1003 1987 1101 2056 mittit,
1114 1987 1163 2043 nbi
1178 1987 1271 2059 gratia
1284 1987 1346 2042 sine
1361 1989 1482 2044 meritis.

99 2078 241 2150 mysterio
263 2095 350 2134 carne
381 2078 475 2134 induti
503 2078 679 2148 stupet-ector,
716 2082 860 2148 quaerunt,
885 2078 949 2151 quis
1037 2077 1142 2131 Rectus.
1170 2075 1225 2141 Qui
1254 2079 1319 2146 post
1344 2074 1581 2144 misericordiam,
1606 2081 1674 2146 ete,
1700 2092 1785 2148 usque
1814 2077 1852 2134 ad

97 2167 168 2224 est?
1001 2164 1106 2227 Dulcis,
1122 2164 1191 2236 quia
1202 2164 1301 2219 suavia
1315 2163 1377 2229 dat;
1392 2172 1490 2233 rectus,
1506 2164 1575 2235 qnia
1590 2165 1719 2235 corrigit.

134 2257 270 2312 Attottitc.
284 2255 390 2326 (Cres.)
415 2254 644 2327 congeminatio,
656 2257 722 2322 etc,
738 2267 823 2324 usquc
846 2255 884 2310 ad
899 2256 950 2326 qui
1037 2254 1150 2323 Propter
1165 2253 1222 2308 too.
1240 2251 1345 2323 (Cass.)
1367 2251 1439 2316 Quia
1461 2251 1551 2306 dntcis
1567 2254 1595 2308 et
1608 2258 1719 2321 rectus;
1735 2269 1795 2310 non
1819 2270 1852 2309 er

95 2343 233 2400 omnibns
248 2342 346 2398 omnia
367 2342 417 2398 dat
440 2342 526 2412 bona,
556 2344 601 2398 ret
626 2342 785 2398 coelestium
798 2342 946 2410 virtutum,
1002 2341 1180 2408 crudelitate,
1196 2340 1246 2395 sad
1261 2340 1448 2410 benignitate.

95 2432 129 2488 id
144 2436 197 2498 est,
212 2431 396 2503 angelornm!
1038 2431 1069 2484 ln
1083 2432 1139 2484 uia.
1170 2430 1200 2484 ld
1217 2433 1268 2496 est,
1284 2429 1351 2498 tide,
1379 2429 1423 2483 vel
1439 2427 1590 2500 preceptis
1605 2427 1666 2484 liei.
1693 2429 1742 2485 liei
1759 2429 1790 2485 in
1804 2429 1851 2486 vis

1003 2517 1091 2589 hujus
1103 2518 1179 2584 vitre,
1196 2517 1245 2572 nbi
1258 2522 1334 2573 recte
1344 2517 1507 2582 vivendum,
1525 2516 1605 2572 dabit
1620 2516 1724 2590 legem.

393 2569 650 2626 PSM‘MUSXXW·
1039 2607 1165 2662 111119.
1191 2635 1225 2646 -
1252 2607 1289 2660 In
1302 2606 1422 2676 judicio.
1456 2607 1528 2660 llum
1558 2605 1652 2676 punit,
1681 2606 1790 2679 diriget
1815 2607 1851 2664 ad

135 2699 216 2752 Vsus.
233 2699 258 2751 1.
272 2723 304 2737 -
318 2696 351 2750 lu
374 2698 463 2763 finem.
492 2693 595 2765 (11111)
622 2692 672 2748 liic
697 2692 858 2765 flagellatus
885 2710 947 2766 pos·
964 2722 976 2742 ·
1003 2693 1133 2750 meliora.
1148 2694 1203 2749 Sed
1228 2693 1370 2749 mansueti
1397 2692 1463 2760 sint,
1479 2694 1529 2764 qni
1547 2693 1758 2765 corripiuntur:
1774 2696 1851 2768 quod

102 2785 196 2840 nitens
218 2783 484 2856 praeponitnraliis,
512 2800 548 2836 ne
562 2788 744 2837 murmurent
759 2783 789 2837 in
804 2782 945 2838 adversis:
1003 2799 1036 2838 er
1061 2781 1128 2837 ieris
1151 2781 1265 2852 domiti,
1279 2786 1312 2837 nt
1336 2782 1465 2837 tolerent.
1494 2781 1605 2847 Qniasi
1631 2783 1726 2854 mites,
1743 2783 1774 2841 id
1798 2788 1849 2852 est,

99 2874 150 2946 qui
165 2873 386 2944 inseexpertns
400 2887 452 2943 per
478 2869 704 2926 misericordiam
722 2870 877 2935 blanditur,
894 2888 948 2944 per
1002 2871 1076 2926 lenis
1101 2869 1190 2925 animi
1221 2870 1303 2941 qnasi
1333 2870 1502 2925 naturaliter
1529 2871 1584 2926 boc
1618 2872 1771 2929 babentes:
1800 2873 1851 2929 do·

93 2961 239 3033 justitiam
250 2964 347 3015 terret.
963 2948 985 3005 C
1003 2960 1079 3015 cebit
1093 2975 1142 3015 eos
1169 2962 1322 3031 praecepta.
1339 2974 1392 3028 pro
1415 2973 1541 3030 qnorum
1554 2960 1686 3031 neglectu
1711 2967 1854 3019 venerunt

135 3050 183 3106 Ad
206 3051 363 3117 te,ltomine
393 3048 491 3102 leuant.
524 3045 615 3118 (111.)
641 3047 771 3101 Psalmns
789 3045 948 3101 111111111-
1004 3048 1131 3118 flagella.

97 3155 183 3194 versa
205 3138 312 3203 secuti,
325 3140 390 3203 eto,
407 3150 492 3205 usque
504 3135 542 3190 od
563 3134 614 3206 qui
629 3150 687 3189 non
702 3150 754 3206 per
767 3150 878 3201 omnes,
892 3136 949 3191 mi·
1039 3138 1121 3192 Vens.
1147 3137 1189 3190 10.
1206 3165 1240 3176 -
1258 3134 1445 3191 Misericordia
1467 3141 1493 3191 et
1519 3138 1631 3193 ueritas.
1656 3136 1754 3211 (Auo.)
1776 3139 1852 3205 Quas

99 3245 156 3284 nus
171 3221 325 3300 periectos.
1005 3230 1101 3280 antem
1118 3223 1177 3278 vias
1198 3222 1321 3292 docebit,
1345 3229 1411 3291 etc,
1435 3239 1520 3296 usque
1541 3223 1580 3280 ad
1598 3229 1627 3281 et
1650 3225 1752 3282 deinde
1771 3231 1852 3284 caret

139 3317 239 3387 (Cass.)
263 3313 359 3370 Primo
382 3311 457 3385 petit
477 3311 574 3367 doceri
597 3311 657 3367 vias
682 3311 805 3381 Domini,
831 3311 899 3385 quia
915 3312 950 3368 ad
1004 3314 1187 3370 severitatem
1199 3311 1314 3384 judicis.

100 3407 193 3461 Deum
209 3408 331 3458 erectus.
1042 3403 1250 3459 Testamentum.
1267 3401 1369 3474 (Cass.)
1392 3401 1514 3471 Noram,
1531 3401 1607 3474 qaod
1622 3403 1736 3475 egregie
1750 3403 1854 3460 dicitnr

138 3494 204 3565 (11.)
228 3492 269 3548 nd
285 3496 313 3547 te
337 3489 605 3562 contemplandum
622 3489 705 3545 facile
724 3494 838 3546 terrena
853 3490 952 3564 despi·
1005 3493 1229 3562 Testamentum,
1243 3490 1291 3546 ubi
1305 3491 1382 3547 clara
1396 3497 1426 3546 et
1446 3496 1522 3548 certa
1535 3491 1686 3564 promissio
1700 3491 1853 3550 beredita-

102 3582 152 3651 cit,
168 3581 219 3654 qni
233 3580 330 3636 divina
343 3579 494 3651 conspicit.
1004 3580 1041 3635 tis
1058 3579 1136 3651 quod
1150 3584 1179 3635 et
1192 3584 1283 3636 morte
1298 3581 1441 3635 tirmetur.

138 3671 220 3725 Vens.
235 3673 262 3725 t.
278 3699 312 3710 -
326 3667 451 3736 Confido.
479 3666 545 3739 (11).)
567 3656 749 3749 Experqnsln
762 3666 845 3722 malis
858 3682 952 3723 meam
1040 3670 1076 3725 Et
1098 3670 1304 3724 Testamentum.
1335 3668 1417 3738 Legis
1444 3667 1558 3736 veteris,
1583 3666 1634 3725 abi
1646 3668 1764 3725 inerunt
1780 3671 1852 3727 Pro·

100 3757 312 3822 infirmitatem,
326 3771 386 3811 non
395 3755 561 3810 erubescam
576 3754 611 3809 de
625 3752 760 3808 inimicis.
1004 3755 1100 3827 phetae
1114 3759 1201 3810 testes
1212 3754 1448 3826 promissionum.

138 3848 229 3916 Neque
241 3844 377 3901 irrideant
391 3857 435 3900 me
462 3844 591 3898 inimici:
608 3847 636 3898 et
658 3845 753 3897 certus
766 3856 829 3897 sum
845 3841 953 3914 qniain
1041 3844 1121 3898 Vens.
1141 3846 1184 3898 tt.
1199 3872 1234 3883 -
1259 3845 1373 3912 Propter
1385 3857 1480 3897 nomm
1503 3848 1588 3912 imm,
1606 3845 1724 3899 nomine.
1757 3844 1854 3919 (111.)

101 3936 185 3992 nullo
198 3933 355 3988 sustinente
369 3931 514 4003 patienter
525 3929 607 3985 tatlit.
1006 3931 1036 3987 ld
1051 3935 1104 3999 est,
1120 3930 1243 4001 gloriam
1258 3934 1349 3996 tuam,
1365 3936 1431 3995 etc,
1447 3945 1533 4000 usque
1553 3930 1593 3986 ad
1612 3935 1641 3986 et
1663 3931 1853 4003 interpretan-

139 4025 318 4094 superuacue.
343 4020 407 4090 (11.)
437 4017 509 4084 Quia
535 4017 635 4073 omnia
660 4021 728 4073 sunt
756 4033 829 4073 rana
857 4021 885 4073 et
906 4017 953 4075 in·
1006 4025 1053 4075 tur
1078 4019 1184 4087 mundi,
1215 4018 1266 4091 qni
1291 4034 1321 4073 se
1347 4017 1382 4074 ab
1410 4017 1491 4074 omni
1513 4023 1630 4089 peccato
1659 4020 1783 4077 mundos
1810 4036 1852 4077 as-

101 4114 253 4170 tructnosa
271 4126 335 4182 quae
350 4126 366 4162 a
382 4108 439 4162 Deo
456 4110 524 4162 sunt
538 4107 639 4162 aliena.
802 4178 810 4189 Ι
1006 4112 1115 4164 serunt.

141 4203 293 4263 Vinctum,
310 4198 424 4252 Domine
436 4195 600 4251 dunomtra.
625 4194 733 4266 (ensa.)
750 4195 807 4250 Viae
823 4200 892 4251 suni
916 4196 986 4275 ‘¹⁸⁰
1042 4197 1122 4252 Vens.
1139 4197 1182 4251 te.
1202 4224 1238 4236 —
1265 4195 1331 4263 Quis
1357 4194 1516 4250 esthemo?
1542 4194 1642 4268 (Cass.)
1662 4195 1713 4252 llic
1742 4195 1853 4270 agitde

102 4288 208 4345 ordine
222 4286 298 4354 vitre,
310 4290 375 4354 eta,
386 4299 471 4354 usque
489 4283 541 4340 ad:
554 4286 656 4351 birine,
669 4282 803 4339 advitam
815 4283 952 4354 pertinet,
1007 4282 1137 4351 retamim
1153 4280 1298 4355 quomodo
1313 4282 1465 4351 habentur,
1482 4283 1614 4340 laborans
1628 4288 1658 4341 et
1669 4301 1765 4357 orans,
1779 4289 1856 4343 utet

101 4377 167 4433 doce
182 4374 217 4432 ad
228 4375 388 4430 scientiam.
1006 4371 1080 4445 ipse,
1096 4376 1125 4427 et
1137 4375 1213 4427 totns
1226 4371 1312 4427 lsrael
1323 4371 1360 4426 eb
1374 4371 1419 4427 bis
1434 4372 1518 4428 malis
1529 4371 1674 4429 liberetur.

140 4466 222 4521 Vaas.
251 4466 277 4518 5.
301 4494 336 4504 -
366 4464 444 4518 Doce.
475 4460 572 4532 (111.)
603 4461 696 4534 ipsam
733 4459 893 4528 ventilem,
921 4466 954 4517 nt
1043 4461 1136 4516 Varis.
1155 4461 1249 4515 13.-
1268 4459 1379 4515 Anima.
1406 4459 1472 4530 (11.)
1498 4464 1527 4516 et
1540 4461 1565 4516 11
1591 4476 1651 4518 non
1664 4462 1772 4532 statim,
1787 4466 1854 4533 eto,

102 4554 185 4628 qnod
198 4553 284 4609 credo
296 4551 467 4623 intelligam,
495 4549 565 4624 qnia
579 4549 711 4619 sustinui,
728 4555 756 4605 et
775 4549 800 4604 si
826 4548 882 4606 hoc
895 4566 954 4607 non
1007 4548 1139 4620 usquead
1149 4546 1291 4621 quidquid
1306 4547 1355 4603 alii
1369 4548 1485 4619 iaciant,
1498 4554 1551 4606 etc.
1655 4584 1657 4589 ·

103 4641 226 4700 suiticit:
242 4642 428 4698 ltcminiseere.
1042 4642 1147 4694 semem
1183 4637 1285 4710 (Hira.)
1316 4638 1426 4692 tionum
1454 4642 1508 4706 est,
1536 4638 1612 4694 unda
1640 4638 1749 4696 tructus
1776 4639 1853 4696 colti-

140 4735 211 4788 uem
238 4731 359 4785 salvator
383 4743 468 4784 meus.
496 4727 601 4800 (inse.)
627 4727 695 4781 11111
725 4741 770 4781 res
792 4731 868 4795 snut,
889 4743 954 4800 qnae
1009 4725 1096 4797 gitur.

103 4821 198 4876 bonos
224 4818 343 4885 iaciunt,
369 4823 402 4872 ut
425 4818 515 4872 Deum
543 4815 713 4870 salvatorem
741 4813 904 4885 credamus,
926 4819 956 4871 et
1043 4800 1255 4869 neminemne
1291 4818 1340 4869 est.
1377 4812 1472 4886 (Aac.)
1513 4813 1631 4871 Videtur
1669 4817 1854 4874 intirmorum

102 4910 251 4981 patienter
260 4908 322 4978 ejus
332 4905 549 4961 retributionem
565 4909 769 4975 exspectemus.
1009 4915 1070 4957 esse
1085 4902 1182 4970 timor,
1207 4903 1257 4957 sed
1281 4903 1420 4958 Dominus
1447 4907 1490 4958 est
1508 4904 1722 4962 firmamentum
1750 4907 1856 4964 timen-

140 4998 223 5052 Vaas.
240 4999 266 5052 e.
287 5025 321 5034 -
345 4995 532 5050 Reminisccre.
562 4991 628 5062 (11.)
653 4990 692 5046 lle
720 4989 843 5061 peccetis
872 4989 955 5063 prio·
1009 4991 1086 5047 tibus
1098 5007 1176 5059 eum,
1191 4991 1218 5047 ei
1233 4990 1300 5047 iacit
1315 4996 1347 5046 ut
1359 4992 1572 5050 Testamentum
1585 4996 1646 5066 ejus
1659 4995 1857 5054 manifestetur

101 5087 186 5143 ribus
200 5089 230 5139 et
243 5098 309 5155 quae
333 5081 460 5154 qnotidie
485 5081 568 5146 liunt,
582 5082 645 5134 orat
658 5094 711 5150 per
729 5079 954 5136 misericordiam
1008 5077 1076 5135 illis.

101 5172 235 5246 antiquis
249 5172 362 5233 tactam,
375 5174 405 5224 et
420 5168 488 5241 quia
498 5169 581 5223 timet
594 5166 844 5238 verumJndicem.
1044 5167 1132 5224 Oculi.
1161 5167 1217 5223 Sal.
1255 5168 1332 5223 Oculi
1367 5170 1499 5240 sapientis
1521 5172 1552 5227 in
1581 5175 1670 5244 eapite
1692 5171 1722 5228 id
1740 5177 1791 5245 est,
1824 5174 1856 5231 in

141 5263 361 5320 ltiserationum.
380 5256 523 5313 ltisaratio
536 5255 654 5328 proprie
670 5255 702 5311 in
717 5256 859 5312 bonomm
874 5254 955 5311 exhi-
1010 5256 1169 5326 cordesius.

100 5352 226 5410 bistone.
1045 5344 1126 5400 Vens.
1156 5346 1198 5400 16.
1219 5374 1253 5384 -
1285 5346 1394 5402 Unicus.
1420 5346 1485 5419 (ln.)
1515 5348 1618 5406 Unicus
1641 5350 1705 5423 plns
1731 5355 1855 5422 amatur,

142 5442 208 5510 Qree
222 5456 240 5495 a
255 5439 360 5494 secuto.
377 5434 469 5508 (111.)
490 5436 521 5491 ld
536 5438 590 5503 est,
618 5433 654 5490 ab
667 5432 750 5491 initio
764 5433 953 5491 saeculisnnt:
1009 5447 1121 5506 pauper
1134 5430 1332 5504 plusdoietur.

102 5546 169 5590 non
179 5544 248 5601 ergo
262 5527 294 5583 in
305 5543 350 5582 me
365 5525 454 5582 111111.
1045 5520 1139 5578 Vens.
1157 5522 1200 5575 11.
1212 5550 1247 5561 -
1271 5523 1308 5577 lte
1320 5523 1535 5582 necessitutibus.
1553 5523 1584 5582 ld
1597 5531 1650 5593 est,
1671 5525 1707 5583 ab
1722 5526 1856 5594 adversis,
