3892 6106
113 256 148 312 aa
564 251 794 313 witimarus
813 253 969 312 srnanus
988 250 1178 310 suanensis
1197 224 1395 308 tiouacuus.
1825 259 1859 309 aa

108 381 265 436 «vicitleo
280 380 316 435 de
330 379 407 435 tribu
423 378 506 444 luda,
524 398 538 431 r
554 382 649 450 etper
663 378 844 433 voracitatem
860 375 1094 449 signatAprout
1116 380 1145 433 et
1174 373 1290 447 quando
1314 374 1355 428 eis
1384 373 1529 429 ridebitur
1562 374 1706 445 expedire.
1732 376 1772 430 Nc
1796 376 1861 447 quis

109 453 267 517 diabolum,
284 450 386 520 primae
403 451 478 505 t‘etri
493 465 510 502 v
525 466 564 504 :a
589 449 774 504 Adversarius
790 454 882 501 vester
895 449 958 502 dia·
1015 446 1138 501 miretur
1156 445 1181 499 si
1200 445 1229 499 iu
1255 444 1431 516 expositione
1456 444 1574 516 mystica
1597 445 1682 514 plura
1702 445 1857 501 dimittam.

110 541 125 575 a
139 524 222 578 bolus
233 530 370 593 tanquam
387 522 431 576 leo
446 521 573 594 rugiens,
585 520 854 590 circumitquaerens
871 533 958 590 quern
1014 517 1084 572 Nam
1102 517 1157 572 hoc
1172 516 1274 571 taciem
1288 522 1408 586 propter
1421 515 1588 570 brevitatem
1602 535 1610 578 3
1624 522 1653 570 ot
1667 516 1806 586 quoniam
1821 517 1861 570 sic

110 594 300 648 «devoret»
1012 587 1143 644 iecerunt
1178 587 1349 641 recedentes
1367 586 1550 657 expositores,
1579 593 1609 640 et
1629 587 1716 641 etiam
1732 587 1860 642 Christus

146 665 298 735 Postquam
313 668 411 717 autem
432 676 540 716 sacram
559 659 734 731 Scriptorum
754 675 819 713 curn
838 658 886 713 liei
911 658 957 712 ad·
1013 659 1063 730 qui
1089 603 1213 714 llattDei
1240 672 1289 712 xur
1312 662 1340 711 et
1365 656 1449 712 Darei
1477 673 1504 710 rr
1524 673 1671 727 exponens
1694 658 1859 728 parabolam

106 733 216 806 luterio
231 734 349 804 exposui
364 734 522 787 secuudum
540 733 690 785 litteratam
705 746 831 798 sensum,
842 737 872 783 et
884 730 956 783 Deus
1013 729 1191 796 seminantis,
1215 728 1286 783 illud
1309 727 1386 800 quod
1412 727 1519 782 dicitur
1545 730 1574 782 iu
1589 728 1647 782 line
1661 744 1695 782 :a
1717 729 1860 783 Dederuut

110 804 190 861 dedit
218 805 291 859 mihi
319 805 445 874 spatium
472 802 554 856 vitre:
584 801 708 855 conlisus
731 800 766 855 de
789 800 957 854 Deiauxilio
1013 798 1274 855 alrirctumtaliud
1298 799 1495 864 centesimum,
1525 798 1605 853 eliud
1635 800 1858 870 sexagesimam,

110 890 242 948 propono
264 891 327 929 eam
352 874 458 929 iterum
482 887 624 942 exponere
651 872 807 926 secundum
840 885 954 924 sensum
1011 869 1337 932 saliudtriscesimum,
1364 888 1379 921 a
1403 869 1597 938 inexpositum
1624 869 1752 924 dimisit:
1783 870 1858 924 etin

110 946 274 1018 mysticum,
290 944 340 999 uhi
359 950 401 999 cst
418 943 535 1015 mystice
569 942 745 1013 exponenda,
772 945 857 1012 prout
884 940 954 994 nrihi
1010 941 1074 996 aliis
1092 939 1530 1012 parabolarumexpositionibus
1560 940 1693 994 similiter
1710 940 1858 1011 fecitipse

110 1016 251 1073 Dominus
274 1016 374 1080 dabit;
404 1020 569 1069 nontamen
594 1012 713 1067 intendo
736 1026 835 1067 omues
855 1027 955 1065 sensas
1009 1011 1147 1068 Christus.
1166 1011 1257 1082 lgitur
1275 1010 1306 1065 in
1330 1011 1448 1065 nomine
1473 1010 1538 1064 lesu
1559 1010 1664 1065 Christi
1683 1011 1818 1081 incipiam
1841 1027 1857 1064 a

110 1095 243 1159 mysticos
255 1086 388 1149 scribere,
405 1100 458 1139 nec
472 1100 523 1156 per
535 1083 647 1155 singula
673 1082 759 1137 rerba
779 1082 952 1148 discurrere3
1009 1081 1082 1137 libro
1098 1083 1228 1148 Genesim
1245 1087 1273 1136 et
1295 1096 1348 1153 per
1365 1081 1435 1136 elios
1454 1089 1662 1153 consequenter
1686 1082 1855 1147 discurram,

109 1157 161 1213 sed
176 1158 272 1229 aliqua
287 1156 411 1216 breviter
423 1157 566 1223 ordinare,
583 1161 616 1208 ud
633 1169 697 1226 quaa
712 1153 832 1208 lectores
849 1152 953 1206 iliblio·
1008 1153 1134 1225 quaudiu
1148 1153 1286 1208 Dominus
1301 1151 1421 1207 donabit
1436 1167 1488 1208 sua
1501 1153 1594 1224 gratia
1609 1151 1681 1207 mihi
1692 1152 1789 1206 vitam.

107 1243 184 1296 rum,
200 1243 232 1281 ac
246 1225 450 1298 predicatores
471 1224 551 1280 verbi
572 1225 621 1280 Dei
646 1240 792 1279 recurrere
806 1228 952 1295 poterunt,

853 1441 1125 1515 tentriones

955 1588 1010 1645 AD

108 1706 362 1774 POSTILLAM
387 1709 544 1788 magistri
572 1707 699 1771 Nicolai
725 1727 765 1771 na
794 1705 874 1770 Lina
903 1725 1007 1789 super
1033 1705 1151 1784 Dihlia,
1181 1705 1279 1769 editae
1312 1723 1331 1768 a
1359 1704 1548 1769 reverendo
1586 1703 1683 1769 Patre
1719 1706 1858 1770 domino

153 1795 256 1861 Paulo
277 1816 317 1860 na
330 1796 454 1861 Sauara
465 1795 583 1874 lisura,
600 1796 766 1876 magistro
794 1796 828 1859 in
856 1795 1042 1874 theologie,
1064 1795 1223 1876 episcopo
1247 1792 1429 1872 Burgensi,
1452 1792 1747 1857 archicancellario
1770 1812 1856 1857 sere·

153 1886 287 1949 nissimi
301 1885 463 1968 principis
481 1886 609 1949 domini
627 1883 768 1948 Joauuis
796 1884 890 1963 regis
915 1882 1064 1947 Castellae
1088 1889 1120 1945 et
1144 1881 1318 1961 Legionis,
1349 1881 1527 1964 incipiunt.
1555 1879 1644 1958 Quas
1673 1883 1857 1946 venerabili

152 1973 226 2037 viro
246 1975 421 2056 Alplronso
445 1973 562 2053 legum
593 1974 735 2050 doctori,
759 1971 886 2036 decano
913 1971 1195 2054 Compostellauo,
1219 1969 1287 2033 ulio
1313 1987 1375 2032 suo
1400 1988 1443 2032 ex
1463 1968 1617 2049 legitimo
1640 1971 1858 2033 matrimonio

153 2062 281 2140 genito,
316 2062 461 2125 direxit:
491 2061 700 2144 praemittens
728 2060 1033 2143 eiprologumsuh
1059 2061 1168 2122 forme
1201 2058 1369 2140 sequenti.
1401 2056 1655 2122 Finivitautcm
1679 2075 1738 2122 eas
1766 2077 1856 2123 anno

153 2147 283 2213 Domini
312 2169 501 2214 uccccxxrx.
533 2147 661 2226 Quibus
690 2150 793 2213 etiam
819 2150 1009 2212 etinsertee
1038 2152 1118 2210 suut
1151 2146 1292 2230 Replicae
1325 2146 1482 2225 magistri
1519 2145 1667 2210 Matthias
1715 2144 1855 2226 Doring,

151 2240 305 2320 ejusdem
322 2238 451 2302 ordinis
478 2237 646 2301 Minorum
679 2238 804 2315 fratris,
831 2243 865 2301 et
901 2234 1054 2316 theologi
1082 2237 1214 2318 optimi,
1244 2240 1346 2317 prout
1378 2234 1501 2297 clarius
1530 2235 1701 2299 videbitur
1723 2236 1759 2298 in
1781 2253 1856 2317 pro·

153 2345 264 2390 cassu.

887 2425 1097 2437 *a

141 2507 215 2574 Ouid
231 2507 283 2563 tibi
304 2508 347 2563 ris
372 2511 404 2563 ut
424 2508 520 2563 virens
543 2508 658 2575 donem,
679 2507 861 2564 dilectissime
885 2509 945 2564 liii:
963 2511 982 2565 B
1002 2509 1043 2576 bi,
1059 2525 1132 2581 quos
1145 2524 1298 2580 prosperos
1312 2509 1414 2580 vulgus
1428 2508 1565 2580 appellat,
1581 2524 1727 2565 successus
1750 2510 1856 2567 delue-

106 2585 158 2634 aut
182 2579 367 2634 successionis
391 2578 474 2634 titulo
503 2587 567 2650 post
585 2581 673 2635 vitam
703 2578 955 2651 relinquaminisi
1008 2585 1086 2635 runt.
1104 2581 1176 2636 Nam
1204 2580 1350 2642 meliosi
1374 2596 1491 2652 prorsas
1518 2579 1706 2648 immeritum,
1739 2597 1799 2636 nou
1824 2582 1859 2638 ad

106 2650 183 2722 quod
206 2649 242 2705 ad
267 2665 413 2704 sacrarum
430 2649 642 2720 scripturarum
668 2650 800 2705 notitiam
815 2650 953 2719 conterat,
1008 2665 1130 2776 parrum
1156 2651 1285 2706 Ecclesia
1305 2650 1425 2721 gradum
1448 2649 1546 2705 divina
1571 2651 1662 2720 gratia
1691 2651 1858 2710 sublevavit.

107 2728 138 2776 et
163 2734 278 2791 gressus
305 2725 371 2774 tuos
398 2721 428 2774 in
456 2722 602 2775 catholicae
630 2721 756 2775 veritatis
782 2721 955 2776 solidissimo
1033 2721 1107 2775 rimo
1136 2721 1213 2777 euim
1241 2722 1276 2776 ad
1305 2721 1571 2792 Carthaginensem,
1592 2720 1697 2776 deiude
1726 2723 1760 2778 ad
1786 2723 1861 2779 hanc

107 2791 219 2846 terrore
233 2793 396 2846 contirrnet.
413 2790 478 2845 llaec
502 2799 545 2845 est
572 2792 649 2846 enim
664 2808 751 2863 quam
774 2792 859 2846 corde
873 2798 954 2863 gesto
1010 2792 1185 2863 burgensem
1207 2792 1303 2847 sedem
1328 2800 1489 2863 promotus,
1513 2793 1701 2862 amplissimis
1727 2793 1859 2849 Ecclesiae

106 2877 140 2917 te
166 2878 216 2917 ore
258 2862 384 2927 coliteur,
414 2869 442 2916 et
471 2861 506 2916 de
522 2878 579 2934 qua
602 2869 675 2944 puto
696 2862 833 2933 scriptum
847 2862 953 2917 luisse:
1010 2862 1064 2919 het
1075 2863 1217 2918 lusoribus
1230 2878 1294 2917 sum
1307 2864 1452 2917 nutritus:
1474 2863 1671 2918 ecciesiasticis
1697 2865 1857 2920 etiumsae·

109 2877 300 2989 ai’aterDtiis
321 2938 419 2987 nutam
441 2931 526 2987 iaciat
550 2939 698 2988 veritatem
719 2949 820 3000 saram3
838 2955 849 2983 ι
868 2949 954 3004 quam
1008 2933 1115 2989 cularia
1137 2933 1247 3004 adjceta
1273 2939 1350 3000 suut,
1378 2949 1444 2988 cum
1467 2937 1526 2989 tam
1555 2933 1586 2988 iu
1615 2936 1701 2990 domo
1720 2937 1857 3006 glossosae

106 3003 223 3058 camah
248 3002 366 3058 ineunte
394 3008 479 3058 etate
507 3019 565 3058 nou
579 3004 760 3075 recepissem,
772 3005 821 3058 sed
837 3006 890 3058 suh
904 3005 954 3058 lu·
1008 3003 1157 3063 memoriae
1170 3003 1322 3075 justissimi
1337 3005 1412 3076 regis
1428 3003 1649 3076 fleurici,quam
1663 3005 1726 3059 e'us
1740 3005 1854 3061 illutris

105 3072 193 3129 deice
208 3072 345 3153 caecitatis
374 3073 493 3143 pertidia
517 3080 611 3140 iratus,
637 3090 731 3129 sacras
749 3075 857 3131 litteras
872 3090 955 3130 nona
1006 3078 1114 3146 plante
1129 3074 1229 3201 inclpti
1244 3075 1319 3146 regis
1343 3077 1442 3138 nostri,
1470 3075 1674 3146 praegrandia
1707 3077 1750 3130 cio
1764 3093 1856 3132 susce-

106 3145 193 3215 sacris
217 3142 381 3198 doctoribus
402 3143 585 3201 didicissem:
610 3144 645 3199 ab
669 3145 797 3200 erroneis
810 3145 955 3216 magistris
1007 3151 1066 3218 pto,
1087 3145 1156 3200 satis
1193 3145 1361 3200 amiliariter
1384 3160 1446 3200 suna
1472 3152 1608 3201 versatus.
1632 3147 1759 3202 Fratrem
1787 3163 1855 3201 vero

106 3229 244 3270 erroneos
269 3229 368 3269 sensus
402 3213 562 3280 trahebam,
603 3213 730 3269 litteram
765 3221 870 3270 rectam
896 3230 955 3270 nou
1007 3216 1520 3288 tuumprimogcnitumacte‚quam
1535 3218 1854 3289 clementer,qnampie

105 3285 191 3341 rectis
205 3283 445 3352 cavillationibus,
453 3290 485 3338 ut
499 3283 595 3339 caeteri
605 3285 682 3340 illius
707 3285 835 3358 perfidiae
856 3285 953 3353 ducas,
1007 3287 1214 3358 omnipotentis
1228 3286 1381 3341 clementis
1396 3287 1536 3353 tractarit,
1552 3302 1606 3358 ego
1637 3303 1696 3343 non
1717 3287 1851 3352 referam,

104 3357 257 3411 temerarie
275 3354 419 3409 involvere
445 3361 587 3426 satagens.
615 3359 686 3411 Cum
710 3372 776 3410 vero
793 3356 899 3426 placuit
912 3356 954 3410 illi
1005 3357 1119 3428 vosipsi
1135 3357 1306 3429 cognoscite.
1326 3357 1559 3428 Uuumestquod
1570 3357 1683 3412 silentio
1696 3358 1854 3413 committe·

104 3427 186 3498 cujus
202 3424 399 3482 misericordia
412 3440 576 3481 mensuram
590 3442 648 3481 nou
664 3425 759 3494 habet,
778 3443 823 3482 me
842 3433 953 3482 atene·
1007 3443 1039 3483 re
1054 3443 1112 3483 uon
1123 3444 1250 3499 possum,
1261 3427 1343 3483 nubis
1354 3443 1389 3482 ex
1400 3427 1521 3482 berthoe
1531 3429 1672 3554 sanpuiuc
1683 3429 1855 3485 descendeu-

105 3497 166 3553 hris
180 3497 216 3552 ad
234 3500 335 3562 lucem,
347 3513 364 3550 a
375 3496 532 3567 caliginosa
542 3496 656 3553 turbiue
666 3498 699 3552 ad
713 3513 847 3552 serenum
858 3512 954 3552 acrem
1007 3498 1084 3554 tibus
1098 3499 1311 3570 aliquantulam
1330 3498 1557 3554 demonstratum
1596 3499 1670 3555 uisse
1690 3501 1767 3571 quod
1789 3507 1855 3556 aute

104 3581 256 3623 revocare:
281 3567 445 3623 ceciderunt
457 3567 672 3639 quodammodo
691 3583 819 3638 squama
833 3568 869 3623 de
888 3583 954 3623 ocu·
1007 3574 1051 3624 tot
1064 3571 1167 3624 secula
1181 3569 1321 3641 scriptum
1332 3573 1392 3624 est:
1407 3589 1420 3620 a
1435 3569 1533 3624 Trihui
1549 3571 1613 3625 beri
1627 3586 1686 3626 non
1701 3571 1788 3626 luisse
1802 3570 1855 3626 da·

105 3637 141 3694 iis
161 3637 265 3693 mentis
288 3653 385 3705 mem
412 3643 441 3692 et
466 3637 540 3709 eoepi
561 3639 734 3710 scripturam
755 3653 865 3696 sacram
898 3640 951 3693 ati·
1008 3639 1323 3712 «tempossessionem,
1337 3640 1855 3713 quiaDominusestpossessioeJ'us3»

107 3717 217 3780 quanto
230 3707 385 3764 studiosius
401 3710 537 3780 relegere,
563 3714 592 3764 at
602 3710 664 3778 jam
685 3724 743 3764 nou
764 3710 884 3780 perfide,
903 3711 953 3764 sed
1012 3710 1087 3766 Deus
1097 3710 1174 3765 enirn
1184 3715 1227 3765 est
1235 3713 1376 3782 possessio
1386 3720 1495 3773 nostra.
1504 3712 1856 3767 Christushaereditasno·

104 3777 254 3835 humiliter
268 3779 418 3834 veritatem
433 3780 580 3851 inquirere
594 3788 623 3834 et
649 3779 760 3851 ingenii
775 3780 832 3834 urei
846 3779 953 3835 viribus
969 3802 988 3857 ρ
1008 3789 1078 3850 stra,
1090 3782 1140 3853 qui
1172 3786 1327 3854 arguturus
1336 3781 1411 3837 iiiios
1418 3781 1493 3849 Lari,
1502 3787 1534 3837 ut
1542 3782 1679 3838 sacrificia
1692 3783 1814 3839 Domino
1825 3783 1854 3837 iu

103 3864 163 3905 uon
189 3848 337 3905 confidens
360 3855 420 3904 toto
435 3850 553 3905 cordea
577 3849 698 3905 Domino
739 3851 895 3922 postulare,
919 3857 953 3906 ut
1005 3797 1354 3923 justitiaoDerrent,voce
1378 3851 1545 3924 prophetica
1570 3853 1729 3924 antiquitas
1775 3853 1855 3907 raedi-

104 3921 180 4046 prod
196 3921 338 3976 salubrius
353 3920 458 4002 anime
472 3936 544 3976 mee
557 3925 641 3986 esset,
652 3921 730 4002 cordi
750 3937 814 3977 meo
831 3922 882 3976 iull
903 3938 951 3976 ere
1004 3927 1109 3988 mlum,
1137 3923 1182 3978 bis
1206 3923 1269 3994 jam
1296 3923 1396 3978 diebus
1410 3924 1545 3979 manibus
1559 3931 1665 3979 nostris
1678 3870 1852 3979 sacrificium

104 3937 951 4135 stttrt‘ttrdbitttttlbthlthttttttltltr
1004 3993 1854 4137 tt¹tbttt⁸tttll¹ttr*lttrtrtttttrsattt‘

104 4144 202 4189 mente
226 4149 290 4188 mea
312 4134 347 4187 da
376 4133 422 4188 die
443 4133 472 4188 iu
493 4134 570 4189 diem
595 4134 696 4188 lortius
718 4133 949 4202 incandesceret;
1004 4140 1148 4191 ctauterre
1161 4135 1326 4201 inseruisse,
1343 4135 1490 4208 vitamque
1505 4151 1599 4190 aream
1618 4136 1723 4191 frustra
1740 4151 1852 4190 aunuu-

104 4204 200 4275 quoad
215 4203 307 4274 ipsam
330 4203 427 4268 iidem,
451 4219 537 4274 quam
562 4204 648 4259 corda
670 4209 815 4275 gerebam,
839 4204 950 4276 publice
1003 4205 1172 4261 tisssatibi:
1187 4221 1252 4260 coru
1276 4221 1334 4260 non
1358 4221 1578 4277 supervacuum,
1598 4207 1732 4278 quinimo
1756 4221 1853 4261 neces-

103 4275 274 4346 protiterer;
290 4278 319 4327 et
329 4290 363 4327 aa
374 4275 433 4328 lere
444 4279 526 4328 relate
540 4290 598 4345 qua
612 4279 645 4328 tu
660 4290 737 4329 nunc
758 4291 799 4344 es,
814 4275 951 4346 baptismi
1004 4276 1111 4331 sarium
1125 4292 1202 4345 reor,
1219 4276 1430 4347 omnipotentis
1457 4276 1596 4331 benetlcia
1622 4291 1809 4347 cognoscere;
1826 4281 1855 4328 et

104 4349 312 4400 sacramentum
329 4344 361 4398 in
380 4344 466 4414 hujus
486 4345 612 4399 ecclesiae
633 4360 712 4399 sacro
735 4344 814 4400 tonte
828 4346 949 4416 suscepi,
1005 4348 1177 4418 arrogantie
1192 4347 1376 4402 attribuenda
1387 4362 1445 4402 nou
1469 4352 1511 4401 est
1537 4347 1713 4402 iullrmitatis
1729 4346 1854 4418 propriae
1895 4383 1897 4387 ι

104 4416 184 4472 Pauli
201 4430 306 4470 nornen
320 4430 478 4478 assumens,
502 4419 530 4468 te
551 4420 619 4469 tuuc
638 4414 768 4470 infantie
786 4415 952 4471 innocentia
1004 4428 1104 4488 aperta
1121 4423 1151 4472 et
1177 4417 1275 4472 inlicta
1300 4416 1462 4472 confessio:
1493 4417 1653 4489 presertim
1666 4433 1732 4471 curu
1748 4418 1801 4472 tibi
1814 4418 1854 4471 io·

142 4487 257 4543 udeute.
284 4484 334 4558 qui
363 4490 429 4556 post
456 4500 500 4539 ma
525 4486 652 4541 inretate
674 4485 724 4541 illa
750 4492 850 4541 tenera
871 4502 950 4541 sacro
1003 4504 1117 4560 quana
1145 4488 1226 4560 cujus
1256 4486 1854 4559 memoriahoecexcideranullouuquam

115 4555 266 4613 aracroah
290 4555 424 4627 originali
452 4556 537 4627 culpa
563 4555 719 4612 mundatus
737 4573 777 4624 es,
794 4562 950 4629 autequam
1004 4565 1135 4631 ternpore
1160 4561 1274 4615 veliem.
1304 4560 1359 4614 Nec
1382 4559 1461 4614 enim
1483 4566 1554 4629 puto
1581 4574 1627 4613 me
1655 4558 1724 4613 satis
1739 4564 1856 4630 gratum

103 4630 208 4685 actuali
227 4627 374 4699 inquinari
393 4626 538 4690 valuisses,
562 4642 668 4682 nornen
700 4627 840 4698 Alphonsi
865 4628 951 4683 susci·
1003 4634 1149 4685 tantorum
1175 4630 1383 4686 beneficiorum
1412 4636 1591 4701 receptorem
1616 4645 1710 4698 agere,
1740 4629 1763 4683 si
1787 4645 1854 4684 cum

102 4700 197 4770 piens,
227 4700 394 4772 priusquam
420 4699 528 4753 litteras
553 4698 703 4753 nominare
716 4699 848 4753 novisses.
873 4700 949 4754 Prae·
1003 4701 1060 4755 rita
1075 4717 1139 4756 mea
1153 4699 1270 4756 illorum
1284 4699 1444 4772 recognitio
1457 4699 1593 4770 quiescat.
1608 4699 1670 4754 Tibi
1686 4705 1854 4754 autemnon

103 4770 220 4825 cedente
247 4786 314 4825 sero
343 4776 473 4840 tempore
501 4783 646 4823 sacrarum
665 4767 826 4824 litterarum
854 4769 950 4825 studio
1004 4771 1099 4826 absra
1126 4771 1201 4826 iuter
1226 4776 1341 4826 ceteros
1369 4770 1431 4825 hec
1456 4771 1579 4825 libenter
1602 4786 1714 4838 enarro,
1741 4778 1851 4840 utque

104 4839 249 4905 insistens,
287 4841 437 4912 utriusque
472 4840 647 4895 Testamenti
686 4839 801 4894 lectioni
830 4856 948 4911 operam
1003 4840 1444 4904 henellcioaetatisnonvidisti,
1460 4842 1562 4896 saitem
1578 4858 1594 4896 a
1613 4849 1694 4913 patre
1722 4842 1851 4907 audiens,

104 4910 229 4977 dedi;et
243 4912 387 4967 interdum
410 4928 427 4966 a
450 4910 595 4982 magistris
621 4909 782 4965 virentibus
806 4912 949 4967 audiendo
1004 4913 1153 4969 memorie
1179 4912 1285 4971 tradas.
1319 4912 1494 4983 junioribus,
1519 4911 1568 4983 qui
1592 4912 1689 4968 lorsau
1715 4928 1772 4967 non
1800 4927 1851 4965 au·

104 4996 180 5052 seqre
203 4987 368 5037 sanctorum
396 4982 545 5038 ductorum
572 4981 753 5052 aliorumque
791 4980 948 5054 insignium
1002 4982 1129 5051 dierunt,
1145 4998 1212 5038 curn
1240 4982 1343 5037 horum
1372 4982 1529 5037 occurrerit
1555 4999 1658 5048 sermo,
1688 4984 1854 5055 frequenter

103 5051 241 5119 virorum,
270 5052 322 5122 qui
345 5053 381 5107 ab
405 5053 458 5108 hac
486 5053 544 5108 vita
561 5053 748 5116 transierunt,
768 5068 856 5124 opera
875 5053 947 5108 reie-
1003 5059 1187 5109 enarreszut
1212 5053 1255 5107 illi
1283 5053 1855 5124 enarranllitiissuis,neobliviscautur

104 5123 208 5194 pudo,
238 5122 335 5177 divina
356 5123 480 5178 donante
503 5122 987 5195 clementia,quipriuslueram1)
1006 5141 1023 5178 o
1045 5141 1125 5179 erum
1153 5124 1277 5192 Domini,
1309 5124 1357 5178 sed
1384 5127 1478 5194 legem
1506 5126 1746 5196 ejusexquirant.
1767 5123 1855 5194 Cujus

103 5192 242 5263 magister
271 5191 386 5259 erroris,
417 5192 506 5249 iactus
535 5211 597 5249 sum
620 5193 777 5265 discipulus
800 5195 948 5252 recitatis:
1005 5140 1118 5250 cssriori
1133 5195 1328 5266 exquisitioni,
1342 5195 1572 5260 illicharissime,
1590 5212 1655 5250 euru
1676 5211 1733 5250 nou
1762 5194 1855 5249 modi·

124 5272 254 5335 uousque
277 5263 311 5318 ad
341 5262 414 5317 haue
437 5280 524 5332 quam
554 5266 633 5319 rides
644 5270 819 5321 senectutem
835 5264 949 5322 accessi.
1004 5281 1070 5321 curu
1099 5265 1248 5320 conterant
1273 5267 1411 5334 studium,
1440 5274 1470 5320 et
1497 5266 1657 5338 disciplina,
1678 5266 1713 5321 ad
1740 5280 1806 5337 quae
1827 5271 1856 5318 te

103 5279 148 5400 D,
164 5342 195 5390 ut
218 5350 317 5389 aerum
339 5334 391 5388 tibi
414 5333 513 5393 latear.
542 5334 619 5390 inter
644 5352 791 5407 pressuras
811 5336 952 5393 saeuiret
1004 5335 1085 5462 ςίοοῑ
1099 5335 1211 5406 jurium
1233 5336 1370 5392 doctrinis
1393 5355 1411 5393 a
1433 5338 1751 5409 pueritiaoccupatum)
1767 5336 1857 5390 inter·

103 5405 190 5460 cumae
217 5411 322 5461 nostrae
351 5419 444 5470 curas,
471 5404 576 5475 quibus
601 5407 774 5479 quaudoque
799 5405 951 5461 ventilatas
996 5421 1075 5467 ,um
1095 5406 1232 5462 anhelare
1257 5407 1412 5479 conspicio,
1442 5414 1471 5463 et
1498 5408 1576 5463 iuter
1601 5407 1697 5462 studia
1718 5406 1805 5478 juris,
1828 5409 1857 5459 et

102 5491 176 5538 sum,
191 5474 253 5532 hec
266 5475 321 5531 luit
334 5474 480 5546 precipua
494 5474 644 5532 delectatio
666 5492 750 5543 mea;
775 5475 829 5532 boc
853 5477 951 5548 singu·
1006 5477 1245 5547 disceptationum
1274 5479 1433 5535 lomnsium
1464 5477 1675 5550 occupationes,
1706 5477 1856 5550 utriusque

106 5546 165 5601 lara
191 5547 327 5603 solatium
352 5560 461 5611 meum,
491 5550 644 5613 eternum,
687 5551 716 5602 et
740 5546 952 5603 immutabilem
1005 5548 1179 5604 Testamenti
1191 5550 1295 5621 spicas,
1311 5550 1394 5624 quasi
1408 5549 1507 5608 lurtirn
1519 5547 1668 5605 ruminare
1682 5551 1856 5614 maantam,

105 5616 207 5684 Deum,
222 5617 342 5689 ejusque
355 5615 499 5672 mirabitis
523 5631 610 5687 opera
632 5617 662 5671 in
688 5623 794 5672 sanctae
808 5617 951 5673 stimma·
1005 5616 1104 5691 aliquo
1115 5622 1288 5676 munusculo
1298 5620 1421 5677 excitare
1430 5635 1507 5692 sepe
1517 5618 1656 5692 proposui
1665 5617 1856 5677 desideriam·

103 5687 205 5745 eulatia
234 5690 307 5760 tegis
335 5702 394 5744 suar
422 5686 542 5743 lectione
565 5687 763 5760 contemplari.
786 5688 844 5744 Nee
855 5691 951 5746 marsa
1005 5703 1063 5762 que
1077 5694 1161 5747 tuum
1175 5695 1298 5763 paterno
1311 5691 1528 5763 taromjurare.
