3892 6106
63 288 108 342 tet
648 286 775 346 GLOSSA
794 288 996 346 Ollltllitltlb.
1018 316 1051 328 —
1073 286 1138 346 tte.
1157 286 1235 345 aare
1773 288 1821 344 tiit

60 408 210 481 Scriptura
219 425 279 465 nen
293 408 394 478 tacuit,
412 415 477 473 etc..
499 425 585 483 usqae
602 409 640 467 ad
661 413 690 466 ει
712 410 852 485 quidquid
876 411 912 467 dc
931 409 1071 469 tGalaad
1087 425 1153 466 cnm
1166 408 1263 465 lurore
1277 407 1354 465 idota
1369 408 1532 482 requirens,
1549 423 1601 464 nec
1620 407 1735 480 reperit
1764 407 1818 464 La·

60 498 108 553 hac
126 499 176 571 pie
193 503 222 554 et
245 498 392 571 sapienter
416 499 530 568 dicitur,
550 500 610 555 sine
631 499 828 572 phantasmate
851 516 911 555 car·
967 498 1023 553 ban
1043 503 1139 554 autem
1157 499 1188 553 iu
1202 498 1256 553 hoc
1268 499 1328 554 ioco
1343 496 1451 554 diaboli
1471 503 1570 570 typum
1579 497 1663 570 gerit.
1675 498 1816 569 Interpro·
1894 504 1900 516 '

60 587 130 641 uelis
146 588 332 658 cogitationis
346 588 500 643 salubriter
514 589 558 643 vei
570 605 603 644 ex
620 593 700 660 parte
713 589 851 661 capiatur.
965 590 1042 642 tatur
1059 586 1138 642 eninr
1163 585 1310 642 dealbatio.
1337 586 1469 642 Diabolus
1493 602 1570 653 vero,
1588 601 1654 643 cum
1681 586 1816 641 tenebre·

92 698 107 723 a
125 677 266 746 Egressus
280 681 379 731 autem
403 677 514 744 ilabeu,
539 684 592 732 otc.
610 698 624 726 u
650 677 744 749 (hee.)
768 678 911 734 Historiae.
964 689 1012 728 sus
1024 673 1071 743 sit,
1089 695 1103 723 a
1129 673 1313 747 transfigurat
1334 689 1364 730 se
1387 673 1417 729 iu
1446 675 1581 746 angelum
1605 673 1686 728 lueis.
1703 695 1717 723 »
1744 672 1815 728 Huic

60 765 97 818 lie
126 763 182 818 hoc
210 770 306 818 autem
329 780 435 835 genere
457 764 570 836 opinari
593 764 731 838 quosdam
754 765 811 819 scie
834 764 910 837 quod
965 761 1080 819 servivit
1104 762 1201 829 laceb,
1226 762 1255 818 id
1280 767 1335 830 est,
1358 762 1493 818 iudaicus
1516 762 1641 834 populus
1666 778 1700 816 ex
1736 765 1816 833 parte

59 855 212 922 acceptum
230 851 260 905 iu
284 867 376 906 escam
401 851 545 907 sterilibus
564 850 680 906 taminia
696 850 909 908 lscuuditatetu.
965 851 1165 922 reproborum,
1192 851 1227 906 ds
1248 867 1305 923 quo
1329 857 1477 907 natusest
1500 851 1627 907 Christus
1658 851 1815 906 secuudum

59 938 163 1009 pariat,
196 945 225 994 et
249 939 313 994 ideo
336 939 472 994 institisse
492 940 596 996 Rachel
620 944 653 995 ut
674 940 728 995 hoc
760 940 910 1011 acciperet,
963 955 1089 995 carnem.

58 1028 138 1098 quod
160 1044 217 1098 ego
240 1043 297 1082 nen
327 1028 462 1094 arbitror,
489 1044 541 1083 nec
566 1028 606 1083 sic
629 1033 698 1083 tunc
723 1028 909 1101 concepisset.
1000 1027 1079 1082 Vens.
1105 1029 1199 1084 3ι-39.
1219 1056 1255 1068 -
1259 1048 1417 1082 ......
1434 1024 1585 1099 ignorabat
1606 1026 1684 1098 quod
1710 1027 1815 1082 Rachel

58 1120 142 1172 Nunc
166 1134 234 1172 vero
255 1135 319 1173 curn
342 1124 405 1189 post
426 1118 498 1173 divos
524 1117 581 1173 tie
602 1118 672 1173 aiios
693 1118 728 1172 ab
755 1117 805 1173 ilia
829 1124 911 1174 necte
966 1116 1464 1187 «t=1rataessarideia.»(urceos.)
1490 1115 1541 1170 Ubi
1561 1131 1613 1170 uos
1635 1115 1742 1170 «idola
1775 1116 1814 1169 te·

56 1213 169 1276 partus,
189 1205 325 1261 Dominus
339 1223 403 1261 eam
417 1207 497 1278 prole
512 1206 670 1274 donaverit,
688 1205 758 1262 nihil
776 1211 818 1262 est
833 1207 909 1279 quod
963 1204 1068 1275 giam,
1096 1205 1127 1258 iu
1153 1204 1271 1259 liobraee
1292 1206 1446 1275 theraphim
1460 1215 1559 1266 minen
1580 1204 1719 1276 scriptum
1745 1209 1812 1258 est:

56 1296 91 1349 de
116 1294 314 1364 mandragora
336 1295 393 1351 tale
420 1294 528 1365 aliquid
549 1294 737 1366 suspicemur,
767 1296 850 1366 quale
879 1295 911 1350 in
963 1292 1155 1365 quedbquila
1173 1293 1347 1363 «ligurus»
1373 1293 1416 1347 vel
1440 1314 1454 1342 a
1471 1293 1639 1364 imagines»
1668 1292 1814 1364 iuterpre-

57 1383 140 1438 uulla
160 1383 270 1438 lemine
294 1381 406 1453 experti
429 1399 536 1438 sumus.
561 1383 632 1438 Cum
656 1383 733 1437 enim
753 1384 828 1438 mala
849 1384 909 1438 haec
964 1383 1049 1434 tatur.
1068 1381 1232 1435 Hocautem
1248 1379 1313 1435 ideo
1335 1379 1398 1436 dico
1418 1384 1449 1435 ut
1471 1381 1595 1436 sciamus
1616 1380 1686 1453 quid
1713 1379 1744 1435 in
1767 1380 1814 1435 iu·

55 1472 118 1542 ipse
142 1471 288 1537 vidissem,
309 1477 338 1525 et
363 1476 481 1544 prepter
502 1472 578 1527 huno
602 1487 689 1525 saone
713 1470 841 1526 lectionis
863 1473 909 1525 la·
964 1467 1060 1522 dicum
1075 1467 1311 1538 tibrotheraphirn
1325 1473 1417 1523 sonet.

55 1576 123 1614 cum
148 1558 222 1614 mihi
244 1558 379 1630 obtigisse
394 1559 554 1630 gratularer·
574 1558 649 1628 (rara
672 1557 750 1613 euim
772 1574 818 1612 res
842 1564 907 1628 est),
999 1555 1134 1611 «Contra
1165 1561 1293 1611 mantem
1332 1556 1475 1619 Getasa·
1509 1561 1561 1613 etc.
1598 1558 1661 1612 Nou
1681 1557 1757 1628 quod
1780 1572 1813 1611 eo

55 1648 193 1697 naturam
219 1658 319 1698 eorum
344 1646 485 1713 quantum
509 1641 589 1713 potui
614 1646 806 1713 perscrutatus
833 1657 907 1709 sum,
963 1647 1092 1715 tempore
1108 1660 1190 1699 mous
1207 1644 1311 1701 Galasd
1335 1645 1487 1712 diceretur,
1513 1643 1562 1700 sed
1596 1661 1650 1718 ρετ
1676 1644 1815 1716 anticipa·

55 1747 114 1784 non
137 1730 239 1804 aliqua
260 1747 278 1786 a
301 1729 448 1785 communi
475 1745 561 1784 seusu
592 1729 744 1786 remotiore
777 1731 907 1800 scientia,
965 1731 1072 1787 tionem
1094 1730 1143 1787 illo
1167 1732 1423 1800 nomincvocatur,
1441 1738 1611 1806 quopostea
1631 1741 1814 1805 nuncupatus

55 1835 122 1890 qrvae
133 1820 218 1874 decet
232 1819 351 1874 virtutos
367 1818 495 1874 radicum
518 1821 548 1874 et
570 1823 723 1891 potestates
742 1819 907 1886 herbarum,

55 1906 104 1959 sed
136 1910 280 1978 quantum
310 1907 459 1962 renuntiat
485 1907 572 1979 visua,
596 1908 715 1963 ollactus
740 1913 769 1963 ει
796 1912 907 1979 gustus,

56 2011 116 2049 rem
142 1995 276 2069 comperi
291 1995 449 2065 pulchram,
472 1998 702 2053 suaveolentem
733 2013 833 2070 sapore
860 2012 910 2051 au-

59 2088 113 2138 tem
128 2083 266 2156 insipido.
282 2085 339 2141 Cur
354 2101 424 2158 ergo
435 2101 498 2141 earu
517 2086 622 2141 mulier
636 2091 784 2158 tantopore
810 2084 909 2157 cupie-

59 2171 93 2226 rit
106 2172 218 2238 nescio,
232 2172 288 2227 nisi
302 2173 376 2228 torte
395 2177 514 2244 propter
527 2173 608 2246 pomi
623 2174 768 2229 raritatem
787 2179 816 2229 ει
838 2174 907 2230 edo-

55 2262 94 2314 ris
106 2260 336 2332 jucunditatem.

91 2352 176 2405 i'nas.
213 2351 310 2406 :rr-43.
344 2379 379 2390 -
409 2370 423 2399 a
438 2351 512 2421 Gyra
539 2367 640 2407 omues
669 2368 772 2424 greges
800 2356 875 2419 tuos,
891 2373 905 2402 a

54 2443 106 2492 etc.
131 2437 240 2507 (illua,
263 2437 294 2492 in
309 2437 410 2504 Quart.
432 2437 524 2503 liobr.)
546 2439 665 2494 linitum
686 2439 763 2511 apud
786 2439 906 2511 Septua-

53 2528 133 2596 ginta
146 2525 286 2580 coufessus
299 2528 342 2580 est
366 2541 475 2594 sensns,
494 2532 559 2595 etc,
576 2542 660 2598 usqae
674 2528 712 2584 ad
735 2528 844 2583 vicinus
866 2533 909 2583 est

56 2614 130 2670 huis.

87 2701 182 2772 (Aac.)
206 2702 264 2756 Cur
282 2700 366 2758 Jacob
389 2700 500 2757 fraudis
523 2700 553 2757 iu
573 2702 628 2759 hoc
647 2703 708 2760 loco
726 2719 786 2758 nou
809 2702 906 2776 argui·

57 2794 108 2850 ter,
126 2790 185 2843 bec
200 2791 263 2844 siue
278 2789 365 2845 dubio
388 2794 421 2845 ut
442 2790 584 2862 propheta
611 2791 684 2855 lecit,
710 2808 762 2847 noo
784 2791 906 2846 creden-

56 2876 122 2932 dum
137 2882 183 2933 est
197 2895 265 2933 cum
280 2878 377 2933 iecisse
392 2879 454 2935 sine
468 2879 612 2949 spirituali
625 2881 805 2936 revelatione.

377 3020 490 3076 CAPUT
500 3021 587 3078 xxii.

90 3143 160 3198 Vns
208 3145 283 3198 t·tt.
316 3173 347 3184 -
390 3145 571 3217 «Postquam
613 3148 709 3202 autem
746 3146 863 3215 audivit,
890 3170 903 3197 a

57 3236 105 3286 ete.
127 3273 134 3286 .
158 3271 166 3286 .
189 3273 195 3284 .
218 3232 392 3288 ,τΙιτιετιι
417 3234 588 3301 mercedem,
604 3257 618 3285 a
646 3241 698 3291 eto.
727 3235 849 3308 (llrsnav.
876 3236 904 3292 iu

58 3323 151 3388 maso.
186 3320 283 3389 tiebr.)
321 3322 375 3377 Pro
407 3338 440 3377 eo
474 3324 550 3395 quod
587 3324 745 3394 posuimus,
787 3327 907 3382 mutavit

58 3410 217 3464 menaedem
240 3424 334 3463 meam
357 3410 455 3465 decem
477 3410 594 3479 vicibus,
608 3433 622 3461 a
638 3413 835 3487 ,Septuaginta
860 3431 906 3487 po

57 3501 173 3550 suerunt
189 3516 203 3548 e
220 3496 319 3552 decem
348 3498 430 3552 anuis
446 3516 453 3567 ;
470 3522 485 3550 a
508 3516 573 3556 cum
594 3502 712 3557 verbum
735 3503 904 3559 hebraicum

56 3761 223 3829 gulosietus
237 3775 324 3831 super
347 3760 441 3816 habau
466 3763 661 3819 conditionem
686 3767 849 3823 mutaverit.
876 3768 905 3824 Si

58 3848 165 3904 videbat
196 3848 307 3904 vanum
339 3848 417 3904 nasci
445 3865 542 3922 pecus,
573 3851 705 3909 dicabat:
731 3853 799 3909 vole

58 3937 149 3992 tuturo
172 3940 327 3992 nascantur
345 3937 418 3994 mihi
443 3939 531 4007 varia,

59 4025 205 4081 canalibus
220 4040 278 4082 non
290 4025 425 4096 penebat,
437 4031 470 4082 ut
485 4027 558 4083 letus
572 4028 700 4084 unicolor
718 4035 901 4088 nasceretur:

59 4129 112 4186 quo
133 4113 211 4170 laeto
233 4112 326 4169 haban
349 4129 382 4170 ea
407 4132 510 4188 pecore
532 4133 591 4172 suae
617 4118 690 4189 parti
710 4117 774 4174 lieri
799 4119 903 4177 debers

59 4202 186 4271 dicebat3
202 4201 244 4257 sic
259 4204 402 4276 usqnelad
417 4204 516 4261 decem
543 4206 616 4261 vices
638 4211 746 4262 mutata
768 4215 810 4262 est
834 4226 901 4265 cou-

60 4291 125 4347 ditio
143 4309 151 4346 ε
166 4295 196 4346 et
215 4291 415 4366 quodcumque
428 4298 618 4366 proposuerat
633 4297 726 4352 haban
742 4301 774 4353 ut
784 4297 837 4352 sibi
854 4315 906 4353 ua-

59 4385 191 4450 scerctur,
215 4380 257 4451 liu
279 4381 454 4436 contrarium
474 4383 599 4438 colorem
624 4384 796 4440 vertebatur.
825 4385 905 4440 Nune

60 4469 192 4524 autemiu
207 4485 256 4523 sex
269 4468 353 4524 aunis
376 4470 475 4526 decem
498 4472 630 4544 pariendi
656 4473 729 4529 vices
750 4472 903 4529 incredibi-

61 4553 95 4610 les
106 4557 274 4613 riderentur
291 4574 298 4613 :
313 4559 362 4614 sed
380 4560 441 4632 lege
454 4560 615 4633 Virgilium,
640 4561 671 4617 in
694 4579 751 4634 quo
776 4562 902 4620 dicitur:

62 4645 131 4699 ritis
147 4644 276 4718 gravida
305 4647 439 4720 mendas.
453 4670 467 4699 >r
492 4648 598 4705 Natvrra
620 4656 715 4706 autem
741 4652 903 4708 Italicarum

61 4734 148 4788 orium
166 4738 196 4788 ει
213 4735 423 4806 Mesopotamia
438 4736 538 4792 eedem
551 4754 611 4794 esse
621 4739 734 4794 dicitur.

90 4823 172 4879 Vaas.
197 4825 239 4878 lt.
266 4852 303 4865 -
327 4845 342 4872 a
355 4824 418 4880 Vidi
438 4826 515 4880 enirn
542 4827 648 4892 omnia,
665 4849 679 4877 »
705 4832 759 4882 etc.
790 4829 825 4884 lix
850 4829 904 4884 hoc

62 4909 187 4966 hairum
212 4912 291 4983 qnod
310 4912 396 4968 Jacob
417 4915 499 4969 natio
516 4918 590 4970 mato
605 4915 672 4971 delo
688 4917 765 4986 lecit,
781 4918 831 4974 sed
856 4918 901 4974 di·

963 1826 1015 1876 est.

1001 1947 1014 1975 v
1030 1926 1092 1992 Qui,
1108 1929 1261 2000 assumptis
1280 1930 1416 1986 iratribus
1438 1930 1504 1992 suis,
1528 1933 1733 2003 persecutus»
1758 1934 1812 1984 eto.

965 2013 1242 2085 (Gnao.,)Historioe.
1267 2020 1363 2075 Potest
1381 2036 1433 2091 per
1457 2019 1551 2075 Laban
1566 2018 1692 2074 munius
1718 2017 1814 2090 expri-

964 2104 1004 2158 mi
1020 2120 1028 2159 :
1044 2104 1095 2176 qui
1116 2120 1181 2159 cum
1206 2106 1303 2162 lurore
1327 2107 1411 2163 laceb
1438 2107 1577 2179 sequitur,
1603 2107 1672 2179 quia
1695 2107 1812 2174 eiectos,

963 2190 1014 2263 qui
1039 2197 1106 2247 sunt
1134 2195 1265 2250 membra
1286 2196 1403 2265 Christi,
1425 2195 1589 2268 opprimere
1613 2200 1742 2250 conatur.
1767 2194 1813 2251 vi·

962 2280 1030 2335 liam
1059 2281 1160 2337 mundi
1190 2283 1233 2339 vel
1264 2283 1371 2340 diaboli
1393 2285 1479 2340 laceb
1509 2284 1636 2346 abstulit,
1662 2300 1728 2339 cum
1757 2283 1813 2340 sihi

961 2369 1090 2424 Christus
1118 2371 1269 2428 Ecclesiam
1293 2373 1483 2446 exgentibus
1505 2372 1663 2445 conivinxit,
1691 2371 1737 2428 cui
1759 2386 1811 2444 per

962 2467 1133 2537 prophetam
1156 2468 1260 2525 dicitur
1282 2470 1353 2542 psal.
1383 2486 1463 2526 xciv:
1489 2469 1688 2526 «obliviscere
1721 2485 1810 2541 popu·

963 2552 1130 2623 luminum,
1147 2574 1160 2606 a
1177 2561 1230 2611 cic.
1247 2557 1278 2611 lu
1293 2556 1378 2613 idelis
1393 2557 1513 2614 avaritia
1529 2558 1669 2628 signatur,
1684 2575 1750 2629 aure
1767 2563 1811 2612 est

961 2641 1106 2698 idolorum
1129 2643 1259 2699 servitus.
1282 2645 1377 2701 habau
1394 2646 1510 2702 veniens
1534 2647 1610 2717 apud
1634 2645 1720 2700 laceb
1748 2645 1812 2700 ido·

963 2730 1022 2786 lam
1038 2746 1095 2786 nou
1115 2732 1231 2803 reperit,
1255 2733 1333 2805 quia,
1356 2734 1477 2788 ostensis
1499 2732 1601 2788 usundi
1623 2732 1729 2788 divitiis
1752 2733 1810 2788 [ιει

962 2820 1105 2892 demptori
1127 2826 1233 2890 nostro,
1259 2821 1388 2877 diabolus
1416 2821 1535 2893 vestigia
1573 2821 1810 2892 concupiscentius

962 2923 1021 2962 uon
1036 2908 1151 2979 reperit.
1169 2908 1223 2964 Sed
1238 2925 1303 2981 qum
1321 2910 1408 2967 iacob
1426 2926 1482 2966 nou
1504 2908 1613 2975 hebuit,
1638 2909 1743 2965 Rachel
1766 2925 1809 2964 se·

922 2981 942 3037 C
961 2996 1054 3052 dendo
1069 2997 1191 3069 operuit,
1207 3014 1272 3069 qua
1293 2998 1498 3071 interpretatur
1516 3000 1583 3062 ovis,
1608 3002 1638 3054 et
1657 2996 1810 3053 Ecclesiam
1834 3006 1837 3010 ’

961 3084 1112 3156 siguificat.
1139 3085 1242 3142 Sedere
1263 3092 1359 3142 autem
1383 3094 1426 3142 est
1447 3086 1641 3142 humilitatem
1666 3085 1809 3158 peniten-

960 3173 1007 3228 tiae
1029 3177 1173 3246 appetere.
1201 3175 1281 3231 Unde
1303 3177 1384 3246 [psal.
1418 3192 1496 3232 cxxvi
1512 3192 1520 3231 ι
1537 3198 1551 3225 «
1583 3174 1695 3248 surgite
1726 3178 1808 3247 post-

960 3280 1047 3335 quam
1062 3264 1200 3320 sedcritis.
1220 3287 1231 3316 ι
1249 3266 1352 3322 Rachel
1367 3266 1443 3322 idola
1467 3265 1592 3322 sedendo
1616 3264 1718 3337 operit,
1741 3264 1810 3338 qaia

962 3353 1082 3408 Ecclesia
1097 3352 1241 3408 Christum
1257 3369 1379 3426 sequens
1400 3353 1499 3409 vitium
1525 3358 1646 3409 terrenae
1671 3353 1809 3424 concupi·

959 3440 1074 3496 scentia
1089 3457 1141 3512 per
1155 3440 1347 3497 humilitatem
1360 3442 1536 3513 penitentia
1549 3440 1709 3513 cooperuit.
1730 3441 1809 3500 Unde
1899 3478 1902 3483 -

116 3587 121 3596 .
498 3588 503 3599 ,
958 3529 1029 3599 psal.
1050 3546 1098 3584 xm
1115 3546 1122 3585 :
1140 3538 1146 3589 ζ
1166 3547 1181 3583 r
1200 3531 1275 3586 Beati
1301 3546 1425 3602 quorum
1447 3530 1563 3586 remisse
1587 3534 1654 3585 sunt
1671 3528 1808 3601 iniquita·

58 3600 149 3639 nomm
161 3595 245 3645 mim
260 3600 413 3641 numerum
429 3603 519 3659 inagis
532 3604 618 3660 quam
644 3606 734 3645 aunos
754 3596 852 3660 senat;
876 3598 905 3648 ει
959 3623 1011 3684 te„
1022 3623 1049 3673 ορ

57 3670 292 3743 exsequentibus
316 3671 340 3726 is
369 3688 468 3727 sensus
492 3674 638 3746 probatur,
664 3676 743 3749 qnod
771 3694 823 3749 per
842 3677 913 3734 siu·.

1064 3634 1188 3690 querum
1203 3623 1276 3675 tecta
1292 3626 1359 3675 sunt
1383 3625 1507 3689 peccata.
1525 3641 1539 3669 ι
1565 3620 1620 3675 Νοε
1639 3617 1729 3690 igitur
1750 3619 1808 3673 Ra-

958 3707 1020 3760 chel
1035 3705 1187 3778 siguitlcat,
1204 3707 1255 3779 qui
1268 3706 1346 3763 idola
1364 3707 1488 3763 sedendo
1509 3705 1678 3779 premimus,
1702 3706 1726 3760 si
1748 3704 1808 3760 cul-

960 3811 1010 3866 pes
1037 3795 1164 3850 avaritiae
1188 3795 1354 3866 poenitendo
1384 3795 1572 3863 damnamus;
1597 3810 1662 3867 ques
1682 3793 1808 3849 avaritiae

819 3861 851 3911 ut
873 3857 904 3914 in
959 3882 1144 3938 immunditia
1159 3899 1215 3938 nou
1228 3883 1348 3939 viriliter
1368 3888 1515 3939 curreutes
1538 3882 1668 3954 impedit,
1695 3881 1744 3937 sed
1770 3883 1809 3936 et'·

554 3943 621 3993 ium
638 3940 725 3996 lamb
750 3941 843 4014 Vii8³⁵
873 3942 904 3998 5¹¹
959 3971 1092 4027 seminate
1115 3971 1278 4043 gradientes
1304 3987 1357 4044 ρετ
1381 3971 1575 4027 blandimenta
1602 3969 1698 4026 saeculi
1716 3970 1807 4026 resei-

960 4066 1077 4129 vuntur,
1100 4059 1176 4131 quod
1198 4059 1242 4115 his
1264 4059 1357 4114 verbis
1378 4060 1576 4131 signiticatur:
1604 4059 1717 4114 «turta
1736 4073 1807 4112 eou-

959 4147 1140 4203 suetudinem
1163 4147 1336 4204 laminarum
1359 4148 1461 4203 accidit
1480 4147 1562 4203 mihi.
1577 4169 1591 4198 a
1616 4146 1703 4212 Quasi
1730 4146 1807 4200 euim

963 4236 1114 4292 muliebria
1127 4237 1188 4307 pati
1201 4253 1231 4291 se
1247 4237 1382 4293 innotuit.

997 4343 1061 4399 «Ut
1074 4343 1219 4398 oscularer
1242 4342 1317 4399 lilios
1339 4360 1418 4400 meos
1444 4361 1476 4401 ae
1497 4344 1610 4401 litias.»
1632 4343 1707 4399 tiore
1731 4341 1807 4399 Scri-

958 4435 1051 4503 ptnrae
1065 4429 1182 4486 liliosae
1197 4432 1270 4487 illias
1283 4433 1378 4498 Jacob,
1393 4449 1460 4488 snos
1483 4433 1617 4506 appellat,
1643 4448 1708 4504 quae
1732 4430 1806 4488 illios

956 4521 1001 4575 vel
1015 4519 1116 4574 iratres
1135 4526 1272 4592 cognatos
1285 4522 1428 4593 appellat,
1445 4522 1522 4578 unde
1544 4522 1574 4577 in
1596 4519 1781 4594 sequentibus
1798 4535 1805 4574 ε

958 4630 971 4657 ι
995 4607 1125 4679 Dixitque
1146 4607 1232 4662 Jacob
1252 4607 1387 4663 iratribus
1410 4610 1495 4665 suis:
1525 4609 1630 4667 tilerte
1653 4607 1805 4680 lapidee»

956 4697 987 4751 tu
1004 4694 1156 4766 Evangelio
1170 4709 1287 4768 quoque
1300 4696 1354 4753 lilii
1367 4697 1471 4763 hiariae,
1495 4703 1655 4754 materterae
1680 4694 1805 4763 Domini,

956 4784 1058 4839 iratres
1069 4784 1131 4855 ejus
1147 4790 1285 4840 vocantur
1298 4786 1424 4842 Matthaei
1437 4803 1487 4843 ιιι.

993 4888 1116 4944 «Timui
1140 4905 1176 4945 no
1212 4891 1350 4947 violenter
1381 4893 1507 4948 arilerres
1533 4891 1606 4948 illias
1630 4894 1703 4956 tuas,
1726 4892 1803 4964 quavi

63 4998 115 5054 vina
129 4999 321 5072 dispositione
339 5003 383 5056 vel
398 5002 464 5074 quia
479 5003 575 5058 omnia
596 5003 624 5059 iu
647 5005 740 5075 ilgura
763 5007 901 5077 gereban·
957 4978 1164 5034 “ntfflfu'fi
1190 4981 1383 5053 m⁰⁸fffli³·'
1406 4987 1459 5037 Μ·
1485 4981 1571 5046 omi
1594 4980 1658 5036 5⁶⁰⁰
1679 4997 1736 5037 ¹¹⁰⁰
1752 4980 1804 5036 tibi

64 5089 107 5142 tur.
124 5088 206 5145 Unde
223 5088 352 5162 angelica
366 5090 474 5147 risione
490 5091 595 5147 meruit
608 5094 775 5149 confortari.

893 5090 896 5094 ⁴
956 5065 1142 5132 manilestavi,
1177 5083 1213 5122 ne
1249 5068 1402 5124 ac'srbitale
1423 5069 1630 5140 persecutionis
1654 5084 1805 5142 superares

88 5177 167 5233 gns·
204 5180 295 5235 ¹33¹·
324 5209 359 5219 ,,
398 5201 411 5229 „
428 5181 508 5236 Nun,
539 5198 607 5253 “8⁰
630 5198 724 5254 surge·
744 5206 757 5233 η
789 5183 901 5256 (Cam,
955 5154 1551 5228 animasinfirmas,novitertibiereptas.

64 5265 144 5322 lorai.
170 5285 235 5335 m,
268 5271 322 5338 th.)
347 5270 414 5325 Post
446 5271 558 5338 longam
583 5271 748 5327 servitutem
766 5274 902 5345 pracepit

991 5263 1072 5318 vans.
1088 5264 1179 5318 ce-te.
1208 5293 1243 5303 -
1274 5262 1356 5318 «iiie
1389 5273 1531 5336 noctuque
1559 5270 1629 5321 aestu
1646 5267 1759 5330 urebar.
1776 5272 1804 5323 et

64 5353 186 5413 hominus
210 5357 297 5413 iacob
327 5363 360 5413 ut
384 5363 575 5415 reverteretur
599 5360 629 5415 in
655 5361 795 5433 patriam:
821 5366 899 5432 tunc,
956 5350 1062 5422 t¹8⁰¹&
1078 5349 1216 5422 Ῡΰὸῑθω
1227 5353 1392 5408 ⁸⁰¹¹¹¹¹⁰⁸⁸b
1403 5352 1491 5408 ⁰⁰u¹i⁵
1507 5353 1587 5410 Μ’·
1604 5375 1619 5405 ''
1636 5354 1715 5409 U¹¹¹¹³
1734 5355 1802 5411 effe·

63 5442 200 5515 ignorante
224 5462 337 5515 socero,
361 5463 426 5503 cum
452 5448 587 5504 uxoribus
611 5454 639 5504 et
651 5450 788 5505 comitatu
800 5468 900 5525 prope·
954 5443 1016 5494 0i1¹⁸
1031 5442 1073 5492 ⁰³i
1087 5438 1188 5494 ⁰³¹⁰¹⁸l⁸
1202 5445 1231 5496 θῗ
1245 5439 1370 5512 ssim&

63 5534 138 5591 nbat.
159 5536 259 5593 haban
279 5539 379 5592 autem
401 5543 569 5594 consecutus
588 5544 632 5595 est
653 5556 720 5596 eum
747 5540 776 5595 in
804 5547 900 5598 moute

990 5545 1071 5600 Vens.
1101 5547 1195 5602 teet.
1225 5577 1259 5587 -
1286 5548 1392 5606 litierta
1419 5548 1537 5622 lapides,
1565 5554 1646 5605 «etc.
1684 5553 1804 5615 flrenorre
