3892 6106
151 233 203 286 259
450 224 654 298 mallentin
673 223 796 280 srnsnt
817 221 915 279 FULD.
936 220 1022 276 MON.
1040 220 1116 280 OPP.
1137 220 1224 277 PARS
1243 221 1264 277 ι.
1285 247 1320 260 -
1338 217 1565 277 insolentes.
1855 223 1910 275 eut)

149 356 217 407 coto
227 355 266 406 est
279 364 342 419 petis
357 348 401 404 die
417 363 471 404 urta
483 348 565 402 simut
586 347 650 418 (lac.
675 351 761 416 exn.)
781 344 837 398 istu
859 347 901 398 est
924 357 993 413 ergo
1011 340 1127 402 hverbi
1142 341 1314 397 comminuit
1328 346 1356 396 et
1367 341 1479 398 dividit.
1494 343 1614 414 Propter
1629 343 1682 398 hoc
1697 343 1775 399 enim
1789 344 1909 399 tortasse

150 438 296 511 generatio
309 437 511 509 perlectorum,
528 450 592 508 quae
606 435 636 490 in
650 434 696 491 die
711 433 811 489 cadem
835 431 996 501 concipitur
1050 430 1085 485 de
1123 429 1246 485 Domino
1271 429 1396 486 dicitur:
1424 433 1518 486 Dentes
1543 435 1713 501 ριιιαιοηιιιι
1752 435 1910 489 contrivisti

147 527 323 584 atnascitur.
337 526 455 581 Pariunt
468 529 566 580 antem
582 523 636 579 siri
652 522 809 578 secundum
829 519 906 574 illins
933 519 993 574 Gal.
1050 519 1116 591 (Pel.
1133 520 1183 590 nr).
1209 520 1241 573 Et
1265 518 1357 573 alibi:
1383 519 1469 574 lictus
1496 519 1602 573 ιιοιιιιιιι
1628 521 1786 586 omninno
1813 523 1908 576 Βιιιι-

149 633 176 671 ιι
192 633 198 671 ;
216 615 306 671 Filioti
318 617 380 682 mei,
397 629 463 685 quos
480 615 578 668 iterum
600 613 738 682 portario,
759 609 841 664 donec
858 610 996 676 [οιιιιιιιιι
1050 622 1100 663 stus
1116 606 1200 677 (Psoi.
1214 609 1293 677 nvn.)
1309 606 1353 662 Sic
1377 621 1446 677 ergo
1472 622 1526 677 per
1551 606 1682 662 membra
1710 607 1817 663 dieitur
1840 609 1908 665 laedi

149 707 178 759 in
192 705 268 760 vodis
283 704 418 761 chrunus.
433 700 552 757 Perfecti
566 716 634 770 ergo
649 704 678 753 et
693 697 746 752 viri
756 697 852 752 statim
867 696 994 768 pariunt,
1050 695 1147 750 anima
1161 700 1189 752 et
1203 695 1324 766 percuti.
1336 695 1451 750 bianum
1460 711 1576 768 quoque
1587 711 1638 767 pro
1649 711 1748 762 manu,
1759 701 1788 751 et
1800 698 1904 767 pedem

150 792 244 861 idest,
258 797 426 862 conceptum
442 789 639 844 fldeiverbunr
655 787 686 841 in
703 801 790 857 opera
812 784 994 857 perducunt:
1050 799 1103 854 pro
1115 783 1188 855 pede
1209 782 1347 855 deposcit.
1360 784 1459 838 hauns
1477 783 1591 850 auimae,
1615 783 1706 839 virtus
1728 801 1786 856 qna
1805 791 1905 841 tenere

149 880 246 937 anima
261 883 357 934 autem
379 894 443 949 quae
457 877 592 947 concipit,
611 880 640 931 et
655 875 686 930 iu
709 879 808 929 ventre
835 871 940 926 retinet
968 876 997 926 et
1051 872 1162 943 aliquid
1177 876 1206 927 et
1220 888 1270 927 cor
1284 871 1424 944 stringere
1439 876 1543 944 potest,
1558 876 1590 927 ut
1610 876 1691 928 actus
1709 873 1771 944 ejus
1795 878 1823 929 et
1843 875 1903 930 lor-

150 985 210 1024 non
225 968 309 1039 parit,
326 965 430 1021 mulier
444 965 561 1020 dicitur.
589 964 670 1020 Unde
684 959 738 1017 isa}
755 975 849 1015 xxxin
866 975 874 1014 ι
890 960 997 1015 Dotem
1051 959 1166 1031 titudo;
1182 964 1210 1015 et
1220 976 1271 1032 pes
1287 976 1345 1032 quo
1361 959 1469 1016 incedit
1484 961 1519 1017 ad
1535 961 1611 1016 bone
1625 962 1669 1016 vel
1685 962 1720 1017 ad
1736 963 1904 1028 mainonis

148 1061 245 1128 portus
260 1056 427 1111 aduenerant
440 1056 466 1108 ei
479 1069 486 1108 :
503 1056 529 1108 et
542 1054 629 1107 virtus
644 1049 771 1120 pariendi
782 1063 835 1104 ιιοιι
848 1052 889 1102 ιιι
910 1048 940 1102 ιιι
954 1061 995 1103 eo.
1052 1064 1120 1119 orgo
1135 1048 1326 1104 scandalizata
1341 1048 1439 1104 anima
1453 1065 1512 1105 non
1526 1050 1620 1105 solum
1636 1050 1667 1105 in
1683 1050 1739 1105 lide
1754 1051 1804 1106 sed
1815 1052 1905 1106 etiam

150 1146 295 1216 llaecergo
316 1144 391 1199 inter
413 1157 443 1197 se
468 1139 579 1196 dnobus
608 1137 785 1209 litigantibus
808 1141 837 1190 et
864 1134 997 1189 scandala
1051 1136 1082 1190 in
1097 1137 1207 1192 actibus
1234 1137 1376 1207 dejicitur,
1408 1138 1458 1209 qni
1484 1154 1537 1209 per
1564 1154 1666 1193 manus
1690 1138 1902 1210 significantur,

144 1232 364 1306 proferentibus,
378 1229 536 1300 percutitur
550 1232 577 1282 et
592 1225 817 1282 scandalizatur:
831 1223 993 1278 utrerbum
1053 1240 1154 1280 manns
1174 1225 1345 1280 auferuntur
1359 1225 1447 1295 illius,
1463 1226 1569 1298 quibus
1584 1242 1643 1282 nou
1657 1227 1730 1282 hene
1753 1232 1901 1299 operatur,

147 1321 214 1377 lldei
229 1320 305 1392 qnod
320 1319 445 1378 tenuiter
459 1319 627 1387 conceperat
642 1314 770 1370 nondum
785 1313 940 1367 lormatnm
950 1311 998 1366 ab·
1053 1318 1081 1368 et
1094 1314 1190 1385 pedes,
1206 1314 1312 1386 quibus
1332 1329 1391 1368 non
1415 1314 1489 1369 bene
1516 1315 1633 1370 incedit.
1664 1315 1793 1387 Recipiet
1814 1316 1902 1371 etiam

144 1409 235 1480 jiciat.
253 1410 299 1464 Est
313 1405 432 1462 enimin
458 1405 603 1476 aliquibus
629 1402 787 1457 formatum
814 1400 944 1467 verbum,
967 1400 997 1455 iu
1052 1401 1276 1466 combusturam,
1292 1401 1361 1473 quia
1389 1402 1545 1457 combussit
1573 1406 1601 1457 et
1622 1402 1760 1474 gehenna
1782 1403 1904 1459 tradidit

149 1494 293 1566 aliqnibus
308 1509 365 1548 non
379 1494 535 1548 lormatum
548 1509 555 1559 ;
569 1491 644 1546 unde
656 1506 663 1543 ε
675 1489 942 1555 mucosormcturiu
953 1502 998 1542 oo·
1053 1488 1189 1544 animam.
1211 1491 1265 1545 Per
1290 1489 1403 1560 singula
1418 1491 1479 1545 haec
1501 1491 1672 1560 ostenditur,
1688 1496 1721 1546 ut
1739 1507 1903 1563 percussor,

148 1587 326 1644 eucaristie
342 1583 487 1654 (aot.1v);
504 1580 631 1638 Christus
645 1579 723 1634 euim
740 1583 782 1633 est
797 1577 917 1631 verbum
932 1575 992 1631 liei.
1052 1577 1191 1633 truncatis
1205 1576 1339 1633 omnibus
1353 1578 1499 1646 membris,
1515 1595 1664 1651 acorpore
1680 1579 1811 1635 Ecclesia
1827 1581 1903 1636 exci-

149 1675 292 1730 Damnum
307 1687 375 1742 ergo
390 1671 522 1743 patietur,
538 1668 589 1742 qni
602 1666 733 1723 excussit.
752 1667 790 1721 lle
801 1664 912 1720 damnis
924 1680 992 1736 ergo
1010 1647 1031 1702 Β
1049 1665 1143 1732 ιιιιιιι,
1159 1670 1192 1721 ut
1207 1665 1303 1722 caleri
1317 1665 1444 1722 videntes
1459 1667 1593 1723 timorem
1622 1667 1757 1736 habeant,
1784 1673 1813 1724 et
1840 1684 1901 1724 non

150 1761 294 1816 doctorem
309 1759 376 1815 dicit
391 1758 540 1828 Apostolus
554 1757 566 1811 1
580 1757 643 1812 Cor.
659 1770 690 1809 111
706 1771 713 1810 :
731 1755 762 1811 si
775 1752 853 1822 cujus
867 1767 934 1822 opus
949 1768 996 1807 or·
1050 1751 1184 1807 similiter
1197 1751 1312 1810 iaciant.
1330 1754 1397 1810 ldeo
1419 1756 1572 1826 Apostolus
1595 1771 1660 1811 curn
1684 1755 1831 1811 doctorem
1849 1758 1901 1813 de·

148 1850 215 1904 serit
229 1847 359 1902 ιιαιιιιιιιιιι
377 1847 509 1915 potietur,
527 1848 580 1898 etc.
598 1844 631 1898 Et
644 1841 704 1912 ipsa
719 1840 858 1895 Dominus
868 1839 898 1893 in
910 1840 997 1894 Evan-

149 1936 236 2006 gelio,
252 1933 348 1990 llatth.
374 1949 421 1988 xrs
436 1949 443 1987 :
460 1931 531 2003 (told
545 1928 662 2001 prodest}
676 1929 779 1984 ιοιιιιιι·
794 1929 820 1984 ιι
841 1929 997 1982 actuosum

146 2020 277 2075 muudum
292 2020 420 2084 lucretur,
436 2020 556 2072 animam
570 2019 659 2071 ιιιιιιιι
671 2029 749 2069 suum
766 2013 887 2084 padul?
913 2011 995 2068 Unde

148 2106 262 2162 videtur
274 2106 385 2161 ostendi
403 2104 479 2177 quod
499 2103 632 2175 quaedam
654 2106 770 2174 peccata
796 2100 831 2156 ad
857 2100 995 2155 damnum

149 2195 304 2268 pertinent,
318 2210 375 2249 nou
394 2197 490 2248 lamen
513 2191 547 2247 ad
570 2191 729 2253 interitum,
754 2188 823 2262 quia
846 2188 896 2260 qui
915 2189 994 2244 dam·

148 2299 221 2340 num
235 2299 335 2354 passus
349 2280 446 2347 fuerit,
462 2279 565 2334 saltari
579 2278 693 2347 dicitur,
715 2278 782 2333 lieet
802 2293 854 2348 per
874 2277 972 2348 ignem
987 2291 994 2331 :

149 2372 225 2427 unde
237 2373 359 2426 loannes
375 2369 444 2426 dicit
458 2368 589 2440 quadam
601 2372 716 2439 peccata
731 2382 791 2421 asse
807 2366 842 2421 ad
864 2371 996 2437 mortem,

149 2461 283 2534 quadam
293 2475 353 2515 non
368 2460 390 2529 ll
402 2460 481 2514 Jonn.
495 2459 534 2528 v).
549 2455 618 2522 οισι
630 2460 728 2531 autem
741 2454 799 2509 sint
809 2454 844 2509 ud
860 2458 994 2521 mortem,

147 2565 206 2605 non
218 2547 298 2602 facile
317 2545 440 2601 discerni
455 2547 558 2616 potest,
575 2543 688 2616 {Delicta
708 2543 779 2598 euim
803 2544 868 2611 qais
891 2542 995 2597 inlelli-

1051 1838 1148 1894 scribit
1175 1839 1315 1907 Ecclesia,
1331 1839 1406 1896 iuter
1421 1846 1524 1896 cetera
1552 1842 1693 1914 praecipit,
1718 1858 1772 1898 stou
1789 1858 1902 1914 pacas-

1048 1941 1135 1982 sorem
1149 1926 1175 1995 (ι
1191 1929 1262 1982 itm.
1277 1928 1316 1998 ιιι)
1333 1945 1340 1983 :
1356 1943 1392 1983 ue
1407 1928 1569 2000 percutiens
1591 1935 1775 2002 praegnantes
1798 1930 1902 1985 mulie·

1048 2029 1105 2082 res,
1125 2013 1212 2069 idest
1231 2014 1342 2069 animas
1369 2014 1548 2086 insipientes,
1573 2022 1663 2087 ponat
1690 2017 1818 2072 animam
1844 2034 1900 2089 pro

1049 2101 1156 2171 anima,
1173 2103 1288 2157 oculum
1304 2119 1356 2174 pro
1379 2104 1473 2173 oculo,
1496 2103 1612 2159 dentem
1635 2120 1689 2175 pro
1717 2104 1812 2168 dente,
1842 2113 1899 2161 etc.

1048 2189 1087 2244 lla
1103 2189 1238 2260 qualibus
1253 2190 1358 2246 dicitnr
1369 2192 1465 2247 llatth.
1480 2208 1544 2248 xxiv
1560 2209 1567 2248 ε
1586 2194 1635 2250 Va
1646 2195 1854 2263 properantibus
1869 2198 1896 2249 et

1047 2279 1231 2334 nutrientibus
1244 2283 1274 2334 ia
1299 2281 1356 2335 ιἰιιι
1370 2280 1475 2343 dubus,
1501 2282 1531 2335 in
1545 2281 1644 2352 quibus
1665 2281 1899 2337 scandalizabun-

1049 2371 1105 2435 tur,
1120 2368 1146 2422 st
1158 2369 1219 2437 lteri
1231 2372 1328 2438 potest,
1341 2370 1424 2424 etium
1435 2371 1518 2424 electi.
1533 2368 1687 2425 &laudum
1704 2374 1801 2425 tamen
1823 2370 1898 2442 quod

1048 2469 1108 2510 non
1121 2459 1164 2511 est
1180 2456 1380 2528 'perlectorum
1397 2457 1591 2526 scandalizari,
1608 2458 1657 2513 sad
1671 2458 1826 2514 mulierum
1851 2463 1902 2514 aut

1048 2545 1253 2615 parvulorum
1267 2546 1343 2600 unde
1358 2546 1455 2601 blatth.
1472 2562 1561 2602 xviri:
1589 2546 1621 2603 St
1644 2548 1706 2616 quis
1725 2545 1899 2602 scandalizo·

149 2636 212 2706 git?
227 2635 313 2707 (Ριαι.
330 2635 420 2705 xvrn.)
436 2633 491 2689 Sed
507 2648 572 2689 cum
585 2632 749 2702 relernutnr
762 2646 849 2702 snper
866 2630 994 2702 quinque
1047 2634 1211 2689 neritonum
1223 2634 1256 2688 ιιι
1267 2635 1377 2705 pusillis
1387 2636 1457 2704 istis,
1473 2638 1524 2689 etc.

150 2738 231 2777 mnas
259 2720 402 2792 acquisitae
428 2720 491 2776 alise
512 2719 652 2791 quinque,
675 2722 703 2772 et
732 2732 818 2788 super
839 2716 910 2772 duas
930 2717 994 2772 dna
1084 2722 1165 2776 Vens.
1181 2725 1272 2778 etr-³6,
1293 2753 1328 2763 -
1345 2723 1423 2789 Quod
1448 2725 1473 2777 si
1493 2723 1539 2778 bos
1560 2728 1718 2794 cornupeta,
1733 2728 1787 2779 etc.
1804 2722 1897 2794 (Rae.)

150 2811 224 2880 (buc.
239 2809 306 2880 arx),
322 2809 373 2880 qui
388 2807 549 2863 mercedem
560 2808 646 2878 hujus
671 2806 866 2879 acquisitionis
888 2806 992 2878 perdit,
1049 2810 1170 2875 licceat,
1187 2811 1212 2865 si
1226 2811 1382 2882 superbum
1395 2816 1506 2867 motum
1519 2811 1609 2867 animi
1630 2812 1775 2880 dominns,
1803 2812 1832 2868 id
1856 2816 1899 2867 ιιι

149 2897 255 2953 damno
270 2896 373 2953 dicitur
388 2895 509 2967 percuti,
525 2895 597 2951 sicut
611 2896 661 2974 qui
676 2911 791 2950 causam
806 2895 932 2951 scandali
951 2895 994 2949 in·
1009 2929 1029 2987 C
1049 2897 1175 2967 spiritus,
1189 2915 1248 2953 non
1262 2899 1440 2970 constringit,
1457 2905 1484 2955 et
1499 2900 1650 2955 animabus
1670 2899 1831 2966 interitum,
1854 2900 1898 2954 rel

57 3034 63 3045 .
149 2985 272 3042 llrmiori
286 2991 313 3041 ιι
341 2984 475 3040 muliebri
502 2984 607 3040 animae
630 2983 761 3055 praebuit.
794 2984 875 3039 Dabit
899 2986 995 3038 antem
1048 2987 1215 3057 corporibus
1226 2988 1332 3060 ingerit
1358 2988 1583 3057 incommodum,
1603 2993 1698 3044 reatus
1710 2989 1854 3044 redundat
1867 2989 1897 3044 in

149 3073 307 3129 secundum
322 3073 398 3145 quod
413 3072 549 3128 indixerit
561 3072 605 3127 vir
618 3072 690 3143 ejus,
707 3076 735 3126 et
748 3071 828 3127 dabit
850 3087 916 3126 cnm
939 3072 994 3126 ho·
1048 3076 1206 3132 custodem.
1221 3077 1536 3133 UndeProrerbiorum
1566 3077 1678 3133 decimo
1709 3082 1787 3133 sexto
1815 3077 1897 3148 capi·

149 3179 219 3218 nore
232 3163 336 3218 animm
351 3160 496 3216 discentis.
512 3160 560 3215 Vir
574 3160 711 3230 magister
734 3163 776 3214 eat
789 3157 926 3225 Christus,
950 3157 995 3211 vel
1048 3164 1109 3218 tulo
1126 3181 1133 3219 :
1150 3166 1206 3220 Cor
1220 3167 1336 3223 hominis
1350 3166 1456 3222 mater
1469 3181 1498 3223 οι
1512 3167 1581 3236 effus,
1597 3171 1623 3222 ιι
1644 3166 1728 3224 tabiis
1752 3168 1828 3223 ithus
1850 3165 1899 3221 ad·

150 3254 200 3327 qui
215 3269 267 3325 pro
282 3252 393 3308 Christo
408 3251 570 3305 animarum
584 3249 686 3304 doctor
700 3251 751 3302 ast.
774 3247 903 3302 Patietur
927 3261 995 3316 ergo
1049 3250 1094 3305 det
1108 3254 1238 3319 qratiam.

150 3341 288 3398 damnum
303 3340 353 3413 qui
367 3338 514 3394 contendit
527 3337 562 3392 ad
576 3335 790 3392 subversionem
806 3333 994 3399 audientium,
1085 3339 1310 3404 Trigintasictos.
1328 3341 1441 3397 Hocest
1459 3342 1616 3397 secundum
1646 3341 1718 3413 legis
1747 3342 1896 3410 mandata,

149 3446 202 3502 pro
219 3430 314 3485 anima
329 3444 394 3501 qnae
409 3426 539 3482 nondum
553 3424 656 3481 habuit
669 3424 810 3479 infantem
823 3423 993 3478 formatum:
1047 3441 1100 3496 per
1111 3424 1197 3481 fldem
1212 3431 1241 3483 ιι
1254 3445 1335 3500 spem
1349 3434 1378 3485 et
1392 3429 1562 3485 charitatem
1576 3430 1751 3486 emendabit.
1848 3501 1851 3505 Δ

150 3519 229 3591 quod
243 3522 335 3590 potest
351 3517 386 3572 de
403 3515 546 3583 scandalo}
559 3512 757 3568 catechumeni
780 3510 879 3581 accipi.
902 3511 997 3565 Potest
1084 3517 1210 3582 Argenti.
1225 3516 1351 3573 Nitcrem
1366 3517 1456 3573 divini
1470 3516 1561 3582 verbi,
1580 3535 1638 3591 qno
1659 3518 1691 3574 iu
1704 3518 1762 3574 lide
1776 3518 1898 3575 Trinita-

151 3608 238 3663 etiam
253 3606 315 3661 lieri
330 3610 363 3660 ut
377 3605 428 3677 qui
446 3604 530 3670 loesit,
557 3602 680 3658 instruat
706 3604 735 3656 el
757 3604 870 3670 reparet
891 3598 995 3653 anima
1048 3600 1085 3656 tis
1109 3608 1138 3658 ιι
1162 3602 1282 3661 scientia
1302 3605 1430 3677 decalogi
1453 3606 1585 3663 instructi
1605 3611 1694 3671 erant,
1727 3622 1898 3680 compensa·

152 3711 216 3768 qnae
230 3693 365 3765 perdidit,
378 3698 407 3747 ιι
420 3708 486 3748 curn
499 3690 617 3758 honore,
634 3703 700 3743 cnm
713 3686 852 3742 modestia
878 3685 994 3757 scilicet,
1049 3689 1102 3745 bit.

151 3800 217 3840 cum
232 3781 619 3850 mansuetudino,noucum
640 3777 702 3846 lite,
728 3775 802 3831 sicut
826 3790 892 3830 cum
916 3791 994 3829 scau·
1089 3778 1201 3849 Siquis
1228 3785 1376 3852 aperuerit,
1407 3787 1460 3838 etc.
1488 3784 1594 3855 (tissa,
1623 3785 1673 3840 lib.
1700 3800 1756 3840 nvn
1784 3786 1896 3853 blorot„

151 3860 249 3930 delum
267 3872 373 3927 intulit.
391 3871 445 3926 Sed
461 3885 527 3924 cum
540 3869 680 3924 formatus
696 3865 789 3920 inlnns
807 3864 903 3933 luerit,
918 3863 997 3919 dabit
1049 3890 1114 3946 esp,
1136 3869 1190 3942 13.)
1206 3869 1364 3926 cisternam
1379 3873 1490 3943 aperire
1503 3876 1546 3927 est
1557 3872 1651 3928 valido
1664 3873 1813 3929 intellectu
1823 3873 1897 3929 Scri.

152 3962 278 4018 animam
292 3976 343 4032 pro
364 3959 470 4014 anima.
498 3959 646 4014 Formntus
667 3954 762 4010 inians
784 3957 877 4025 potest
905 3952 996 4008 rideri
1049 3966 1141 4034 pturae
1156 3975 1243 4015 sacrae
1263 3974 1367 4015 arcana
1391 3965 1553 4030 penetrare,
1583 3965 1649 4030 etc,
1665 3975 1752 4031 usquc
1770 3961 1808 4017 nd
1830 3961 1899 4018 inde

152 4066 246 4105 sermo
260 4049 310 4105 llei
325 4049 356 4103 in
370 4047 456 4102 corde
469 4047 572 4101 animae
586 4061 651 4118 quae
665 4043 790 4115 suscepit
808 4041 930 4115 gratiam
945 4041 994 4098 ba·
1049 4048 1202 4105 infirmitas
1216 4046 1382 4103 auditorum
1396 4047 1431 4102 ad
1447 4047 1505 4103 ima
1520 4048 1671 4105 ditabatur,

152 4137 303 4210 ptismatis,
318 4135 361 4190 rel
377 4135 428 4206 qni
442 4133 602 4189 evidentius
623 4137 651 4188 et
679 4133 782 4187 clarius
803 4131 922 4186 verbum
948 4130 997 4185 Dei
1085 4138 1116 4194 si
1129 4137 1174 4191 bos
1187 4136 1301 4203 alanus,
1319 4138 1374 4191 etc.
1399 4135 1492 4208 (Aac.)
1509 4137 1572 4191 Nou
1600 4136 1655 4192 hoo
1679 4136 1710 4192 in
1739 4137 1799 4193 solo
1826 4137 1899 4194 hocs

152 4225 286 4296 suscepit.
314 4224 423 4279 Reddet
450 4237 518 4292 ergo
537 4221 587 4292 qui
614 4220 766 4292 percussit,
795 4218 922 4274 animaru
944 4233 996 4289 pro
1016 4213 1224 4280 ”serrandum
1238 4226 1290 4289 est,
1306 4221 1355 4278 sed
1369 4222 1488 4278 inomni
1513 4239 1637 4295 pecore;
1667 4231 1791 4297 aparte
1819 4227 1897 4282 enim

152 4312 290 4369 animuin
306 4311 351 4365 die
362 4308 475 4381 judicii,
491 4308 596 4363 scilicet
610 4307 685 4378 apud
708 4323 775 4362 eum
795 4306 922 4377 iudicem
946 4304 997 4378 qui
1049 4317 1142 4369 totum
1156 4309 1337 4382 intelligitur.
1354 4310 1408 4366 Sed
1423 4312 1477 4366 hoc
1491 4311 1525 4367 de
1541 4312 1676 4368 carnibus
1706 4313 1790 4369 occisi
1810 4330 1898 4384 peco-

152 4404 246 4473 potest
260 4398 388 4454 animam
403 4401 432 4453 ct
445 4412 549 4467 corpus
565 4395 684 4468 perdere
698 4393 729 4449 in
751 4394 922 4465 gehennam.
948 4393 996 4449 Vel
1051 4399 1090 4455 ris
1104 4397 1167 4454 heri
1181 4412 1239 4453 nou
1253 4400 1356 4468 potest,
1372 4413 1430 4470 quo
1445 4404 1684 4455 convescuntur.

151 4487 247 4561 utqui
262 4486 316 4543 sibi
330 4484 461 4541 conscius
475 4484 562 4540 luerit
575 4483 648 4539 tanti
662 4483 796 4549 scandali,
821 4488 911 4554 ponat
934 4482 995 4539 ani·
1384 4529 1500 4587 CAPUT
1514 4532 1582 4587 xm

152 4592 230 4632 marn
242 4591 323 4632 suam
339 4591 392 4647 pro
407 4574 504 4628 anima
518 4571 710 4638 scandalizati,
724 4576 752 4627 et
766 4588 857 4644 usqne
871 4573 905 4628 ad
922 4587 994 4627 mor·
1587 4574 1592 4586 “

151 4661 562 4736 temdetoperamqnomodo
577 4660 613 4716 ad
636 4661 722 4715 fldem
742 4661 920 4716 restituatur.
940 4661 996 4715 Po·
1084 4663 1166 4717 vans.
1196 4664 1221 4716 l.
1246 4692 1279 4703 -
1309 4662 1341 4719 Si
1362 4663 1424 4732 quis
1447 4663 1557 4735 [arctus
1570 4665 1666 4732 sumt,
1691 4668 1748 4721 etc.
1778 4664 1898 4737 (Sunia.)

153 4759 203 4810 nat
215 4754 330 4810 oculum
343 4768 397 4824 pro
410 4753 492 4807 oculo
509 4767 516 4806 ε
532 4750 556 4805 ιι
584 4751 698 4805 oculum
726 4750 829 4804 animae
854 4749 938 4819 lasis,
966 4748 996 4804 id
1049 4750 1210 4807 Secundum
1225 4749 1352 4806 litteram
1367 4750 1496 4823 quinque
1520 4751 1606 4808 bores
1624 4768 1677 4824 pro
1692 4768 1750 4808 uno
1770 4754 1850 4816 bove,
1870 4759 1900 4810 et

153 4846 205 4911 est,
219 4842 395 4899 intellectum
411 4840 472 4913 ejus
487 4839 622 4906 turbavit,
644 4838 790 4894 auleratnr
811 4839 910 4893 oculus
935 4838 997 4909 ejus
1050 4844 1174 4912 quatuor
1189 4855 1256 4895 oves
1276 4855 1330 4910 pro
1359 4855 1417 4894 nno
1445 4839 1518 4895 bora
1544 4840 1728 4897 redduntur:
1752 4843 1823 4914 quia
1846 4843 1898 4899 bos

153 4929 189 4985 ab
205 4947 238 4985 eo
253 4931 303 5002 qni
317 4934 422 5001 praest
435 4913 575 4996 Ecclesia,
590 4927 617 4982 id
634 4932 676 4982 ιιι
689 4926 859 4982 intellectus.
875 4926 904 4982 Si
925 4925 995 4980 den·
1050 4926 1178 4999 quinque
1190 4924 1330 4982 utilitates
1348 4927 1445 4994 habet,
1461 4927 1523 4982 ovis
1535 4933 1668 4999 quatuor.
1687 4929 1739 4984 llos
1752 4930 1831 4985 enim
1845 4929 1899 4985 im·

153 5021 212 5071 tem
227 5017 309 5084 hesit,
333 5017 383 5089 qui
404 5016 561 5088 suscipiens
582 5014 678 5070 eibum
703 5015 781 5071 verbi
806 5015 856 5070 liei
879 5013 997 5069 commi·
1050 5016 1186 5085 molatur,
1206 5019 1278 5086 arat,
1292 5015 1392 5086 pascit,
1407 5016 1505 5085 lactat,
1521 5020 1550 5071 et
1561 5017 1672 5074 corium
1696 5017 1818 5073 diversis
1834 5019 1900 5087 ¹nsi·

152 5120 241 5160 nuere
255 5105 299 5160 rel
315 5104 469 5159 molaribus
485 5110 577 5159 terere
601 5102 718 5171 solebat,
744 5108 777 5176 ut
800 5102 933 5158 subtilem
961 5102 996 5157 ad
1049 5103 1103 5159 bus
1118 5102 1280 5172 ministrat;
1297 5103 1358 5159 ovis
1372 5119 1440 5159 vero
1466 5103 1645 5173 immolatur,
1670 5110 1698 5161 ιι
1724 5106 1829 5177 pascit,
1855 5106 1899 5163 lac

153 5196 282 5248 ventrem
299 5192 403 5248 anima
420 5193 627 5248 transmitteret
637 5207 752 5247 sensum
769 5208 775 5247 :
791 5192 815 5246 si
829 5191 906 5245 hanc
930 5191 997 5246 den·
1050 5197 1080 5248 et
1094 5192 1190 5246 lanam
1206 5191 1319 5247 tribuit.
1338 5191 1495 5263 allegorice
1514 5207 1581 5247 cero
1596 5209 1648 5264 per
1661 5193 1763 5249 bovem
1783 5195 1900 5251 Iudaeus

153 5286 212 5337 tem
226 5282 274 5336 ille
293 5281 436 5337 vexaverit
459 5286 488 5336 et
511 5281 653 5345 evulserit,
680 5285 713 5335 ut
737 5279 910 5336 contritione
934 5279 997 5351 ejus
1051 5278 1172 5352 quilibet
1184 5279 1365 5352 intelligitur,
1382 5296 1468 5353 quem
1483 5281 1508 5335 si
1521 5280 1585 5354 quis
1596 5281 1712 5337 ludens
1726 5282 1897 5353 vendiderit,

153 5382 213 5424 non
226 5369 317 5440 possit
330 5368 426 5423 anima
440 5368 582 5424 subtiliter
597 5372 626 5424 et
643 5366 830 5438 spiritualiter
853 5366 997 5437 suscipere
1050 5383 1144 5438 poenae
1156 5368 1228 5440 legis
1243 5367 1411 5440 subiacebit,
1436 5385 1501 5441 qna
1526 5368 1690 5426 continetur
1709 5370 1741 5425 in
1769 5370 1898 5444 quinque

153 5455 272 5512 verbum
286 5456 347 5526 liei,
363 5456 588 5512 anlereturdens
602 5456 673 5527 ojus,
689 5451 894 5526 quinonbeue
921 5453 1010 5511 cibos·
1050 5455 1132 5514 libris
1145 5455 1242 5529 bloysi.
1268 5457 1323 5514 Per
1350 5472 1434 5515 orem
1459 5457 1647 5529 Christianus,
1676 5459 1726 5530 qui
1752 5459 1897 5517 Christum
