3892 6106
90 248 139 302 991

471 243 667 298 wamiam!
688 242 811 297 srnsat
829 241 931 298 abab.
953 240 1032 298 11011.
1054 242 1141 297 Pstis
1160 240 1181 294 Ι.
1221 269 1238 280 -
1256 238 1489 296 rasoiostcs.

1801 242 1852 294 sat

92 367 162 438 quid
176 368 301 423 mortuis.
325 351 425 438 (Cass.)
441 363 549 429 Quibus
565 378 625 417 non
651 366 774 435 prosunt
788 379 877 435 opera
891 363 979 418 suab
997 377 1047 434 spe
1058 361 1285 418 Christianorum
1298 364 1327 417 et
1341 359 1554 432 magnificentia
1569 358 1689 416 Domini
1704 359 1851 416 multidi-

92 455 227 512 ostendit.
257 456 319 509 Aut
346 452 445 507 medici
459 452 639 517 suscitabunt,
662 456 716 507 etc.
733 450 827 523 (Aac.)
845 452 874 506 In
890 452 944 506 lie·

92 544 172 600 hraeo
187 559 245 598 uon
261 541 375 605 medici,
392 546 456 607 etc,
481 540 618 610 usquead
634 559 642 594 :
659 541 742 596 Nemo
752 546 841 612 potest
855 543 947 597 venire

92 633 131 689 ad
147 648 198 699 me,
208 633 264 686 cisi
273 632 355 686 Pater
368 631 485 684 traxerit
497 644 567 683 rum.

131 721 212 773 vans.
232 720 278 772 Ii.
296 747 331 756 —
345 717 482 786 sepulcro.
508 715 587 771 Unde
602 714 632 770 in
658 715 812 786 Evangelio
827 716 862 770 de
878 715 944 769 tali·

94 807 150 862 hus
167 821 174 861 :
191 805 299 862 Similes
311 806 375 859 estis
395 804 527 874 sepulcris
541 804 675 859 dealbatis
690 805 832 874 caesoris
858 819 945 874 uppa-

93 899 156 950 rect
177 893 331 948 bominibus
345 894 466 962 speciosa
488 908 496 946 :
522 893 596 947 intus
611 907 673 946 vero
700 893 782 964 plena
796 899 860 947 sunl
877 896 946 947 ossi-

93 982 142 1037 bus
174 985 351 1048 mortuoram,
394 979 486 1050 quasi,
520 978 560 1033 sic
597 987 626 1033 at
655 995 705 1033 vos
743 979 888 1049 hypocrisi
917 982 946 1033 et

92 1069 257 1142 iniquitate.
278 1061 509 1124 'Misericordiam
528 1072 553 1123 et
579 1069 728 1123 ueritatem.
747 1068 839 1138 (Aac.)
860 1067 945 1122 idise-

91 1158 246 1215 ricordiam
262 1161 290 1212 et
316 1157 466 1212 veritatem
492 1160 570 1210 amat
579 1155 753 1228 conjungere
777 1154 944 1226 Scriptura:

93 1247 219 1303 maxime
239 1247 269 1301 in
284 1244 412 1318 psalmis.

131 1337 213 1391 Vens.
230 1338 272 1391 13.
295 1337 375 1391 -ιιι
399 1334 523 1390 tenebris.
553 1333 633 1389 Idem
655 1335 722 1388 sunt
734 1332 843 1388 mortui
858 1331 945 1404 positi

91 1424 124 1480 in
138 1423 281 1495 sepulcro,
298 1428 327 1478 ct
340 1423 477 1491 tenebrae,
493 1427 521 1477 et
535 1427 612 1477 terra
626 1421 788 1477 oblivionis.

131 1514 213 1568 Vsus.
238 1513 281 1567 11.
302 1542 332 1552 -
354 1511 417 1581 Epo
440 1511 479 1568 ad
493 1515 527 1577 tc,
556 1511 677 1578 mmmm,
701 1511 827 1566 clamavi.
843 1508 940 1580 (Cass.)

1000 451 1050 521 eit,
1065 467 1118 524 per
1139 468 1204 524 quae
1227 467 1313 506 nemo
1338 450 1493 518 seducitur,
1524 449 1575 522 qui
1593 449 1683 522 digna
1700 449 1852 522 supplicet,

999 541 1172 612 quodverus
1187 540 1328 596 Israelita
1347 538 1488 610 intelligit.
1510 539 1607 594 Primo
1629 538 1668 594 de
1694 537 1852 594 misericor·

999 629 1047 685 dia
1058 629 1213 685 otveritate
1227 646 1257 684 sa
1268 634 1381 683 cautere
1392 625 1536 699 promittit
1549 628 1709 700 Propheta.

1033 720 1217 774 basternam.
1238 718 1338 787 (tissa,
1366 717 1450 786 Rau.)
1478 716 1629 781 Quomodo
1649 716 1850 773 misericordias

998 809 1166 863 inaetermum
1184 810 1287 873 cantat,
1310 810 1338 860 ct
1353 803 1459 876 gratias
1482 803 1552 875 agit,
1569 803 1620 875 qui
1644 802 1774 858 miserias
1796 818 1850 858 uon

999 894 1150 950 meminit?
1163 893 1332 959 Ouuomodo
1344 897 1440 948 autem
1450 891 1730 963 plenaheatitudosi
1745 907 1849 947 memo-

997 983 1041 1038 ria
1055 987 1151 1039 reatus
1181 986 1308 1037 mentem
1332 981 1443 1052 tangit?
1474 980 1529 1036 Sed
1555 996 1632 1053 saepe
1646 980 1709 1036 laeti
1728 979 1849 1035 tristium

998 1070 1194 1140 memInImus,
1223 1075 1251 1125 et
1267 1070 1329 1125 sani
1358 1070 1489 1126 dolorum
1508 1069 1570 1125 sine
1598 1069 1713 1137 dolore,
1739 1068 1849 1124 atinde

998 1160 1121 1231 amplius
1135 1159 1192 1214 lecti
1208 1163 1237 1214 ct
1250 1157 1326 1230 grati
1341 1173 1457 1225 sumus3
1483 1157 1523 1212 sIc
1546 1157 1646 1230 itaque
1673 1160 1704 1212 ct
1728 1157 1848 1212 miseria

998 1247 1157 1303 recordatio
1172 1247 1213 1302 nil
1230 1245 1416 1302 beatitudinis
1426 1245 1561 1301 detrahit.

1038 1339 1195 1392 Veritatem.
1215 1335 1447 1390 Promissionem.
1464 1335 1497 1388 In
1511 1349 1570 1403 ore,
1587 1349 1649 1389 non
1663 1349 1698 1389 ex
1712 1349 1766 1389 ore
1780 1332 1846 1388 labi-

998 1429 1054 1492 tur,
1075 1424 1124 1479 sed
1140 1424 1232 1478 inore
1246 1423 1296 1478 diu
1314 1428 1451 1494 tauquam
1466 1422 1547 1477 dulce
1561 1426 1705 1477 versatur.

1034 1515 1114 1568 Vens.
1135 1515 1161 1568 3.
1180 1541 1217 1555 -
1230 1513 1362 1580 Quoniam
1375 1511 1484 1567 dixisti.
1502 1511 1552 1566 llic
1565 1510 1636 1566 dicit
1654 1527 1662 1567 ι
1683 1511 1768 1568 Unde
1783 1511 1847 1566 sciti

93 1601 205 1666 Quaein
220 1600 280 1656 suis
295 1599 435 1668 sustinet;
461 1615 525 1654 ecce
548 1600 652 1654 chorus
662 1599 841 1672 respondens
867 1613 941 1669 pree·
998 1608 1027 1659 et
1042 1619 1107 1675 qoae
1126 1601 1331 1657 misericordia
1356 1600 1468 1672 Dciper
1486 1599 1632 1657 Christum
1658 1599 1744 1655 sinti
1759 1600 1847 1671 (Aac.)

92 1689 212 1745 sinenti.

131 1777 193 1849 (lo.)
220 1778 261 1832 Et
276 1792 323 1845 epo
344 1779 435 1846 quasi,
464 1792 530 1831 cum
551 1776 617 1844 iliis,
644 1792 710 1831 cum
723 1775 828 1847 quibus
841 1789 942 1832 nuum.

130 1865 225 1937 (Aoo.)
238 1869 274 1922 Et
288 1881 345 1934 epo.
360 1866 409 1921 tiis
423 1865 545 1920 mortuis
561 1881 620 1920 non
635 1869 756 1936 prosunt
765 1878 863 1937 opere,
875 1868 943 1932 etc,

92 1969 178 2025 usque
192 1953 230 2008 ad
245 1955 279 2009 Ut
288 1952 367 2023 quid,
386 1955 505 2018 tiomice,
516 1953 636 2022 repellis.

131 2045 210 2099 Vens.
227 2046 269 2098 15.
285 2072 319 2084 -
341 2044 375 2098 Ut
389 2042 466 2113 qaid.
479 2041 580 2113 (Cass.)
595 2044 662 2098 Ecce
672 2047 814 2114 quantum
829 2040 941 2098 deside·

95 2135 150 2186 rat.
179 2133 212 2188 tlt
231 2130 308 2201 qaid,
335 2133 455 2186 Domine.
484 2130 629 2202 Proponit,
655 2131 841 2203 quaerendam
881 2144 942 2185 esse

96 2235 234 2276 causam:
259 2235 321 2291 quae
358 2225 411 2286 cst,
440 2224 471 2275 ut
499 2219 635 2274 dilatione
663 2219 742 2287 honi,
763 2223 792 2274 at
818 2218 943 2274 adversis

94 2307 302 2381 multiplicatis,
318 2308 423 2379 quihus
437 2308 553 2380 repulsa
576 2308 658 2381 qussi
673 2308 765 2364 oratio
779 2307 942 2363 inflamma·

95 2402 144 2453 tur
163 2397 319 2452 ardentius.

130 2487 208 2541 Vens.
225 2486 267 2541 16.
288 2516 322 2525 -
345 2486 502 2542 Eaaltotus.
520 2484 586 2556 llo.)
617 2484 698 2540 Prius
722 2484 832 2541 tumido
846 2486 941 2555 corde,

93 2579 204 2646 postea,
225 2575 402 2629 Humiliutus.
425 2575 477 2628 Per
503 2573 723 2630 contessionem.
750 2575 940 2643 conturbatus,

92 2663 122 2719 id
136 2665 188 2729 ast,
199 2662 334 2717 contusus
350 2662 385 2716 de
401 2661 523 2732 pcccatis
537 2678 571 2717 ea
586 2662 728 2718 damnsdo

127 2752 207 2807 Vnae.
227 2754 269 2805 17.
297 2780 331 2791 -
361 2753 549 2806 transierunt.
575 2751 677 2822 teies.)
707 2752 769 2808 Non
792 2757 941 2809 mansuete

93 2838 286 2911 contigerunt.

998 1691 1073 1758 oues
1102 1690 1321 1759 misericordias,
1346 1694 1485 1761 atquem
1527 1689 1679 1745 veritatem
1710 1689 1847 1745 mutabat

999 1781 1078 1836 Ecce.
1362 1794 1365 1799 ·

1034 1869 1169 1936 Quoniam
1182 1867 1293 1925 dictati.
1320 1865 1406 1932 Quasi
1419 1865 1494 1921 dicat
1518 1883 1525 1921 :
1555 1867 1616 1934 ago
1637 1866 1730 1922 homo
1752 1883 1847 1924 secors

999 1957 1073 2026 dico,
1085 1957 1161 2029 quod
1169 1960 1211 2023 tu,
1224 1958 1308 2023 Deus,
1319 1954 1424 2022 dixisti,
1436 1954 1635 2026 perspiritum
1646 1954 1844 2011 manifestasti

1033 2045 1236 2104 Misericordiae
1273 2043 1467 2116 aedificabitur.
1496 2044 1588 2115 (huc.)
1614 2044 1780 2116 Utrumque
1806 2060 1845 2098 re·

997 2135 1080 2208 petit,
1093 2134 1170 2207 quod
1184 2133 1324 2206 praedixit.
1336 2133 1407 2198 Quia
1423 2131 1564 2187 universae
1583 2133 1639 2186 vira
1663 2132 1785 2187 Domini
1798 2132 1845 2188 mi-

998 2224 1153 2280 sericordie
1171 2227 1200 2278 el
1211 2222 1325 2277 veritas.
1337 2223 1400 2277 Nou
1413 2221 1565 2278 exhibetur
1578 2221 1686 2276 veritas
1696 2221 1730 2277 in
1747 2221 1845 2293 imple·

998 2312 1076 2369 tione
1095 2310 1314 2383 promissorum,
1338 2308 1395 2363 nisi
1420 2307 1566 2379 praecedat
1592 2306 1844 2365 misericordiam

997 2401 1197 2456 remissionem
1223 2403 1417 2470 peccatorum.
1436 2395 1576 2468 Denique,
1600 2396 1710 2452 veritas
1730 2397 1843 2465 iudaeis,

998 2488 1102 2561 quihus
1129 2484 1268 2558 promissa
1281 2483 1355 2539 iacta
1383 2487 1459 2551 sunt,
1480 2483 1616 2554 pertiuet,
1637 2483 1844 2553 misericordia,

997 2576 1130 2648 gentihus
1144 2592 1151 2630 :
1164 2579 1195 2629 ut
1221 2573 1261 2628 ait
1278 2573 1431 2644 Apostolus
1447 2588 1454 2640 ;
1473 2573 1536 2627 iiico
1560 2574 1632 2627 euim
1644 2573 1747 2628 desum
1767 2574 1844 2631 dhri-

996 2670 1069 2721 stum
1095 2666 1248 2719 ministram
1267 2663 1357 2730 'samse
1379 2662 1592 2717 circumcisionis
1605 2666 1723 2732 propter
1745 2664 1845 2719 oeca-

998 2759 1050 2810 tem
1066 2755 1118 2808 Dei
1146 2751 1336 2822 implendam:
1359 2754 1450 2818 amas
1464 2753 1555 2804 caum
1580 2763 1664 2820 super
1693 2752 1844 2806 mmmccc-

997 2842 1045 2896 dr'a
1056 2842 1187 2896 honorare
1201 2839 1387 2911 Deum(Rom.
1401 2839 1458 2910 xv).

127 2927 217 2998 (Aac.)
236 2927 308 2993 Quis
329 2926 437 2982 nonde
466 2926 554 2997 fideli,
583 2927 634 2983 sed
650 2927 685 2985 de
710 2927 819 2985 infideli
832 2929 977 2986 dictumt}
1031 2933 1062 2986 ln
1089 2927 1388 2991 calistiuienarrant
1410 2926 1531 2998 gloriam
1546 2925 1844 2998 DeI,perquoserdI·

91 3019 216 3073 estrlra
231 3019 281 3071 Dei
302 3020 489 3086 mouetsaper
503 3033 572 3072 eum.
604 3016 700 3089 (doun.
734 3019 787 3092 ιιι.)
803 3020 941 3091 I‘lsgetlat

93 3105 169 3161 enim
180 3104 256 3161 tilios
271 3121 343 3177 quos
364 3105 475 3177 recipit,
489 3106 564 3161 unda
579 3122 586 3161 ε
614 3107 684 3173 Quos
699 3123 746 3176 epo
769 3124 839 3176 amo,
854 3123 940 3178 orpao

91 3199 117 3250 et
130 3197 232 3262 castipo
260 3195 426 3264 (apocal).
445 3196 478 3250 Et
505 3194 597 3250 alibi:
626 3198 813 3252 Percutiamet
827 3199 938 3253 sonabo.

92 3282 213 3338 occidam
225 3287 250 3337 et
265 3284 355 3337 cicere
368 3284 480 3350 sociam
498 3284 587 3352 (baut.
604 3285 703 3355 xxxii).
720 3284 784 3355 (lo.)
813 3287 940 3341 Transie-

92 3374 157 3426 runt
171 3374 196 3424 et
224 3370 460 3426 conturbaverunt.
490 3371 563 3436 Quia
587 3371 664 3426 atiud
685 3372 746 3443 jam
772 3373 808 3428 dc
823 3371 942 3429 damna·

91 3457 170 3513 tione
183 3458 319 3528 petimur,
348 3462 376 3513 et
391 3458 469 3514 aliud
485 3459 520 3514 dc
539 3463 647 3514 aterna
665 3459 775 3515 ultione
790 3462 936 3518 timemus.

95 3547 220 3601 Terrorcs
233 3548 284 3601 tui.
302 3546 403 3618 (Ciss.)
430 3547 506 3612 Quos
526 3546 641 3619 patior:
670 3548 740 3620 quia
752 3549 804 3604 tibi
822 3551 940 3620 placuit,

92 3650 152 3689 non
168 3650 232 3690 meo
250 3635 355 3691 merito
372 3636 468 3707 (Auo.)
489 3637 623 3692 Terrores
637 3636 728 3693 futuri
739 3636 851 3710 judicii,
868 3655 941 3711 quos

92 3722 186 3778 omnis
196 3739 262 3779 cero
278 3723 369 3780 timet.

128 3813 360 3870 conturbaverunt
382 3829 432 3870 me.
461 3814 624 3869 Secundum
660 3814 857 3871 infirmitatem
879 3832 941 3871 car·

91 3899 145 3956 nis.
176 3900 269 3970 lbos.)
301 3901 541 3957 conturbaverunt
555 3917 596 3956 me
620 3902 776 3974 aliquando
805 3908 939 3971 terrores,

89 3987 130 4044 ita
157 3989 329 4044 conturbant
351 3989 480 4045 smmum
502 3990 942 4062 coagitantiscircumpendenti·

91 4077 144 4133 hus
158 4077 252 4141 neatis,
266 4083 299 4133 ut
313 4077 386 4133 sicut
410 4094 492 4149 aqna
514 4079 712 4134 cneumuoere
735 4080 896 4147 rideantur,
913 4085 941 4135 et

91 4270 171 4308 more
187 4253 334 4321 deserunt,
350 4255 428 4309 uude
449 4254 625 4325 Apostolus:
647 4256 742 4312 Omnes
770 4273 813 4312 mc
841 4257 938 4313 dereli-

90 4347 208 4412 querunt
222 4341 279 4413 (ll.
298 4345 367 4399 Tim.
383 4344 433 4414 iv).

124 4433 203 4486 Vens.
235 4433 278 4486 l8.
300 4462 334 4473 -
354 4431 599 4487 Circumdederunt
617 4448 667 4488 mc.
683 4432 791 4504 tltlass.)
822 4436 940 4491 Peccata

88 4519 220 4591 undique
235 4519 352 4591 copiose
361 4520 550 4576 inundatione
560 4522 745 4578 concludunt.

128 4611 196 4663 Tota
209 4608 266 4663 dic.
288 4608 380 4680 (buc.)
402 4609 474 4674 Quia
487 4610 710 4683 nullatempore
735 4612 839 4668 desunt
866 4614 942 4669 mela

91 4696 223 4753 Ecclesiae
238 4697 329 4753 donec
350 4698 467 4754 iiuiatur
494 4699 642 4756 soecirlum.
669 4700 724 4757 Sed
751 4702 812 4757 haec
844 4701 942 4757 omnia

91 4785 175 4846 liunt.
192 4791 225 4841 ut
239 4785 330 4841 oratio
350 4787 480 4842 Ecclesia
499 4788 656 4859 preveniat
671 4790 763 4845 Deum
789 4790 879 4847 donec
892 4791 942 4846 illa

91 4874 168 4928 salus
182 4875 288 4940 veniat,
302 4876 350 4930 uhi
364 4876 437 4932 nihil
453 4878 594 4933 malorum
609 4878 654 4934 sit.

128 4962 208 5017 Vens.
241 4966 281 5018 19.
295 4993 330 5004 -
347 4967 485 5021 Amicam.
509 4966 618 5037 (Cass).
636 4968 668 5022 st
685 4967 735 5040 qni
756 4968 805 5039 pIo
819 4972 848 5023 et
863 4968 942 5023 iidcli

92 5062 189 5104 amore
204 5049 349 5120 conjuncti
363 5055 439 5106 sunt.

128 5139 286 5194 Proximam
307 5143 333 5194 et
361 5145 436 5196 notos
464 5145 519 5196 etc.
563 5143 724 5199 Parentale·
760 5143 842 5217 Saepe
853 5144 941 5217 justis

90 5222 218 5281 humana
232 5227 326 5284 oiflcie
341 5228 445 5285 timore
460 5229 606 5285 subtracta
621 5235 699 5287 sunt.

341 5369 497 5426 assirius
530 5372 691 5430 LXXXVIII.

128 5488 206 5544 Vens.
223 5492 248 5544 2
266 5520 300 5532 -
327 5495 539 5551 Misericordiae.
569 5496 668 5568 (Cass.)
695 5496 941 5555 lIicPsaimusda

993 3019 1095 3075 licetur
1110 3017 1316 3073 misericordia.

1031 3108 1111 3163 Vsus.
1136 3109 1163 3163 ι.
1180 3138 1213 3147 -
1228 3107 1326 3163 iuraui
1350 3104 1440 3162 David
1465 3120 1542 3161 seruo
1570 3120 1637 3160 meo.
1654 3104 1781 3160 Securus
1804 3109 1846 3160 est

993 3197 1057 3259 ista,
1076 3197 1139 3251 ideo
1156 3196 1225 3268 quia
1252 3196 1327 3251 Deus
1348 3194 1443 3252 dixit:
1470 3194 1608 3261 securior,
1634 3193 1706 3266 quia
1724 3193 1843 3264 jurarit

993 3285 1102 3340 iuratio
1118 3283 1169 3339 Dei
1184 3282 1383 3354 promissionis
1398 3286 1440 3337 cst
1455 3282 1648 3349 confirmatio,
1674 3288 1845 3355 aratroque

994 3373 1027 3428 flr
1038 3373 1126 3427 homo
1142 3372 1244 3438 Ethen,
1260 3371 1290 3426 id
1304 3376 1357 3438 est,
1368 3370 1511 3426 robustus.

1029 3463 1140 3516 Vensb.
1165 3461 1397 3516 -icaterrrum
1423 3459 1522 3531 (cass.)
1554 3459 1616 3514 lton
1635 3463 1681 3514 est
1699 3462 1844 3531 tempora·

993 3549 1029 3605 lis
1043 3549 1195 3604 aedificatio
1220 3548 1433 3615 misericordia,
1460 3547 1535 3603 sicut
1558 3547 1644 3602 ruina
1681 3546 1846 3620 iniquitatis

994 3638 1160 3710 temporalis
1175 3642 1218 3692 cst
1232 3653 1239 3693 :
1256 3636 1415 3691 destruitur
1429 3636 1508 3692 enim
1522 3635 1663 3709 imquitas
1676 3635 1845 3707 temporalis

994 3727 1025 3782 in
1047 3726 1230 3800 quibusdam,
1248 3730 1280 3780 ut
1292 3725 1323 3780 in
1332 3725 1374 3780 ais
1388 3724 1546 3781 edificetur
1557 3729 1667 3781 aeterna
1682 3724 1844 3781 misericor·

994 3816 1052 3886 dia,
1076 3816 1152 3871 unde
1175 3815 1307 3871 Ieremias
1325 3814 1462 3870 domitius
1476 3813 1544 3870 dicit
1564 3829 1571 3869 :
1588 3817 1655 3870 Ecce
1668 3829 1733 3882 erpo
1747 3816 1845 3870 coned-

994 3907 1036 3961 tm'
1050 3909 1075 3960 te
1089 3919 1170 3976 super
1178 3908 1269 3973 pentes
1291 3907 1318 3958 ei
1330 3918 1425 3972 repca,
1442 3906 1472 3958 ut
1499 3903 1597 3958 melias
1612 3906 1638 3957 et
1665 3902 1806 3969 daem,
1821 3904 1847 3957 ct

994 3993 1148 4063 disperdas,
1166 3997 1191 4047 et
1217 3992 1343 4061 scapos,
1359 3995 1384 4046 ct
1401 3990 1516 4060 edifices
1538 3995 1564 4044 et
1584 3991 1705 4060 plantae
1722 3991 1756 4046 Iri
1770 4005 1845 4058 pcne-

992 4085 1135 4138 rationem.
1163 4080 1256 4154 (Aac.)
1283 4078 1432 4135 Generatio
1455 4077 1534 4134 enim
1561 4093 1623 4132 non
1650 4082 1761 4150 potest,
1782 4082 1844 4147 etc,

91 4165 311 4238 simulandique
320 4165 506 4234 circumdare,
518 4167 596 4222 unde
608 4167 694 4223 amici
703 4167 899 4233 strideantur,
912 4172 940 4223 et
994 4186 1078 4240 usque
1104 4169 1266 4226 adsedebit
1281 4175 1310 4224 et
1324 4174 1392 4224 tanc
1406 4167 1437 4223 iu
1452 4167 1566 4223 sanctis.

1029 4260 1110 4314 Vens.
1133 4261 1159 4314 6.
1175 4288 1212 4300 -
1237 4253 1534 4328 Omittebactur'coeli.
1559 4255 1646 4327 (cis.)
1670 4255 1843 4328 Diapsalma.

993 4348 1122 4405 Secundo
1132 4346 1249 4403 diversis
1265 4346 1357 4403 modis
1376 4346 1484 4413 laudes,
1506 4350 1536 4401 et
1556 4345 1719 4416 potentiam
1736 4344 1844 4400 Deida-

994 4437 1101 4502 scribit,
1125 4436 1215 4508 quasi,
1243 4435 1317 4491 sicut
1345 4433 1455 4503 dixisti,
1484 4434 1524 4489 ita
1556 4433 1606 4488 ilet
1629 4433 1842 4504 emptionum,

993 4525 1162 4582 laudabunt.

1030 4614 1232 4684 conplebantur
1244 4614 1303 4668 cali
1315 4611 1467 4668 mirabilia.
1483 4611 1517 4666 lu
1529 4609 1609 4665 omni
1631 4609 1714 4666 enim
1733 4609 1842 4667 miseri·

994 4701 1090 4757 cordia
1105 4701 1295 4773 perditorum,
1314 4699 1344 4754 in
1367 4698 1571 4771 justificatione
1589 4698 1753 4769 impiorum
1779 4696 1841 4771 qnid

994 4789 1146 4845 laudamus
1159 4788 1214 4844 nisi
1225 4787 1368 4844 mirabilia
1380 4788 1449 4843 Dei?
1460 4786 1568 4843 Laudas
1578 4785 1648 4857 quia
1658 4788 1843 4843 surrexerunt

993 4878 1112 4946 mortui,
1128 4878 1193 4950 plus
1213 4877 1298 4933 leuda
1327 4876 1394 4949 quie
1414 4875 1556 4946 redempti
1570 4879 1638 4931 erint
1666 4877 1784 4948 perditi.
1804 4874 1841 4929 tli-

995 4966 1132 5022 desenim
1146 4965 1294 5021 hominem
1308 4964 1371 5021 heri
1386 4965 1554 5036 voregtncm
1577 4964 1741 5035 ebrietatis,
1762 4963 1841 5021 hodie

994 5061 1197 5111 ornamentum
1221 5054 1393 5111 sobrietatis.
1419 5053 1502 5109 Vides
1517 5054 1596 5109 enim
1618 5054 1772 5110 hominem
1785 5052 1840 5110 heri

994 5159 1107 5199 coenum
1137 5142 1267 5214 luxuriae,
1300 5142 1385 5198 hodie
1410 5142 1496 5197 decus
1533 5143 1739 5212 temperantiae
1763 5138 1840 5200 :heri

994 5231 1256 5303 blasphematorem
1285 5231 1345 5299 Dei,
1372 5229 1458 5285 hodia
1483 5228 1666 5285 laudatorem
1682 5231 1746 5286 liei.
1765 5230 1840 5286 Vides

993 5321 1142 5379 hominem
1156 5320 1218 5374 heri
1232 5336 1343 5375 serrum
1356 5323 1502 5384 creaturae,
1516 5318 1600 5373 hodie
1610 5319 1756 5375 cultorem
1767 5320 1839 5376 Creu·

995 5409 1089 5464 toris:
1118 5409 1180 5464 haec
1206 5414 1274 5464 sont
1299 5407 1441 5463 micabilia
1461 5422 1526 5480 qum
1562 5407 1743 5464 confitentur
1767 5407 1834 5464 coeli.

994 5501 1102 5556 Etenim
1127 5500 1277 5555 semidiem.
1303 5496 1405 5569 (Cass.)
1427 5496 1474 5552 Vel
1500 5496 1562 5552 sine
1596 5500 1680 5554 mim.
1710 5494 1836 5554 llimbilir
