3892 6106
54 256 104 307 233
631 259 759 318 cnossi
777 262 977 322 onnlnnttlh
996 294 1031 306 -
1051 267 1118 324 ΗΒ.
1139 266 1243 325 exon.
1765 272 1819 329 234

52 373 119 428 dnm
149 374 296 430 laboriosa
318 380 348 431 et
373 376 532 448 periculosa
557 382 714 439 tentatione
738 384 905 457 fatigantur.
924 389 1053 454 donare
1068 390 1177 446 addidit
1190 407 1197 445 :
1210 392 1362 463 Postquam
1377 395 1469 461 posuit
1493 393 1538 449 illi
1556 395 1626 449 Deua
1652 394 1780 463 junctas
1792 401 1819 452 et

52 461 104 516 Sed
120 477 160 517 ne
175 467 358 520 revertantur
375 467 460 521 corda
479 466 510 522 in
523 469 685 541 AEgyptnm,
702 488 753 529 nec
766 473 806 529 ibi
828 475 907 531 Chri·
957 478 1076 548 judicia,
1092 478 1133 534 ihi
1145 479 1267 534 tentabat
1294 479 1477 536 cumdicena:
1520 483 1550 538 St
1583 481 1706 538 audieris
1729 498 1818 539 noenu

54 556 109 605 stus
124 550 251 607 deserit:
267 569 336 609 nam
348 558 377 610 et
389 555 438 610 illa
451 557 586 612 columna
600 574 659 614 non
674 562 790 617 recedit.
963 567 1071 622 Domini
1085 567 1138 622 Dei
1151 570 1201 623 tui.
1217 567 1334 623 Videtur
1354 584 1496 640 exponere
1515 586 1603 642 qnare
1634 570 1819 642 justificatio·

86 640 171 695 Vcas.
189 644 623 712 2³,2i.-Etucneruut,etc.
645 646 909 719 (Oura.,hom.6in
963 655 1277 727 nosetjudiciadedit,
1294 657 1446 713 utscilicet
1472 663 1595 714 tentaret
1613 659 1704 715 eossi
1735 659 1817 716 andi·

56 728 159 798 urea.)
177 730 246 784 Post
259 731 411 787 transitum
439 733 527 788 maris
553 735 652 805 Rubri,
681 741 746 808 pust
765 738 909 796 churoset
964 748 1138 799 rentvecem
1154 745 1268 800 Domini
1284 745 1343 813 liei,
1358 747 1604 817 etmendataejus
1620 747 1818 806 custodirent.

54 822 202 888 tympana,
243 825 308 890 post
335 821 524 893 triumphales
555 823 688 895 hymnos,
732 827 848 882 venitur
873 829 908 884 ad
964 832 1228 904 Namqnantumad
1245 834 1370 904 priorem
1397 835 1549 906 populum,
1581 835 1649 907 qnid
1675 837 1717 892 eis
1751 836 1821 892 honi

56 907 138 971 tlara,
156 923 263 975 aquam
273 908 380 964 scilicet
404 927 640 984 nunnunquam
664 916 787 987 populns
810 916 908 972 bibere
964 927 1013 975 aut
1026 921 1145 992 perfecti
1161 923 1446 977 murmurantibuset
1458 924 1720 980 contradicentibus
1736 941 1814 980 man·

54 1009 108 1046 non
131 998 273 1071 poterat;
295 997 408 1052 venitur
432 999 469 1053 ad
486 999 647 1070 pericnlum
672 1003 744 1058 sitis.
774 1003 830 1058 Sed
853 1005 910 1059 cla·
963 1008 1154 1081 deretur,qni
1180 1009 1360 1079 paulopost,
1388 1010 1564 1066 mirabilium
1590 1012 1642 1066 het
1666 1013 1761 1079 obliti,
1780 1014 1816 1069 ad

53 1082 141 1137 mavit
166 1084 261 1139 lloses
294 1085 330 1140 ad
354 1086 518 1155 Dominum,
543 1093 572 1144 et
590 1091 716 1146 ostendit
734 1092 761 1147 ei
787 1093 908 1164 lignum,
963 1097 1255 1152 idolaconvertuntur
1267 1099 1282 1151 t
1295 1099 1402 1152 Dantur
1414 1115 1482 1170 ergo
1499 1105 1641 1171 praecepta
1661 1101 1692 1155 in
1712 1101 1819 1173 quibua

53 1187 108 1241 qno
138 1172 238 1226 dulcis
277 1173 351 1228 tacta
378 1181 420 1230 est
452 1192 537 1247 aqna,
569 1182 598 1233 et
624 1179 665 1235 ihi
706 1181 800 1251 posuit
836 1183 910 1236 Dens
963 1189 1111 1239 tententur
1127 1185 1315 1251 ;nnde:Dedi
1329 1187 1405 1242 uotis
1420 1193 1594 1256 prumptaet
1604 1189 1820 1258 justificationes

56 1259 95 1312 illi
122 1259 258 1329 justitias
290 1265 318 1315 et
341 1261 505 1332 judicinm3
533 1265 583 1319 ubi
608 1266 715 1322 scilicet
737 1269 908 1336 amaritudo,
963 1274 1269 1341 nontonaeinquibus
1289 1289 1342 1328 non
1365 1277 1456 1328 uiuent
1484 1276 1591 1344 (Erech,
1624 1278 1680 1346 xx).
1707 1278 1819 1335 Tenmti

57 1347 100 1400 uhi
124 1347 205 1417 sitis,
234 1352 272 1412 et,
306 1350 384 1420 quod
413 1351 528 1422 granius
570 1358 622 1419 est,
663 1354 695 1410 in
733 1356 911 1412 abnndantia
964 1361 1043 1415 enim
1054 1360 1083 1414 in
1096 1361 1247 1431 praeceptis
1258 1360 1511 1417 noniuveninntur
1525 1363 1634 1430 fideles,
1647 1365 1712 1419 ideo
1724 1365 1820 1422 inven-

58 1451 211 1505 aquarum,
233 1436 308 1491 alius
333 1454 390 1493 non
428 1443 489 1494 erat
517 1439 595 1494 locus
625 1440 741 1513 dignior
765 1449 794 1498 et
816 1445 910 1515 aptior
965 1453 1027 1504 tuns
1041 1449 1389 1506 asteismundatumeese
1403 1451 1439 1505 ad
1453 1457 1573 1506 mortem
1604 1455 1681 1525 quod
1708 1453 1819 1510 eratad

60 1524 199 1578 Praeterea
229 1525 307 1595 qnod
334 1524 411 1592 dicit,
449 1527 616 1583 ostendititti
639 1530 743 1598 tignum
770 1532 855 1600 Deua,
882 1537 912 1589 et
965 1536 1062 1591 vitam.
1079 1536 1156 1591 ldem
1172 1537 1259 1604 enim,
1277 1538 1448 1605 siservetur,
1464 1539 1550 1594 sitam
1567 1556 1573 1607 ;
1588 1541 1612 1594 si
1634 1556 1696 1596 non
1719 1557 1819 1597 serve-

59 1610 131 1666 misit
142 1610 219 1666 illud
231 1611 262 1666 in
273 1628 389 1683 aquaem,
402 1617 431 1668 et
459 1614 533 1670 lacta
548 1621 592 1671 est
621 1616 722 1685 dulcis,
745 1620 828 1690 qnasi
852 1636 911 1675 nun
967 1630 1023 1693 tur,
1045 1629 1168 1681 mortem
1179 1631 1307 1696 generat.
1325 1627 1387 1682 Non
1400 1627 1579 1682 servantibus
1593 1644 1662 1698 ergo
1685 1628 1820 1685 dicuntur

58 1703 148 1769 posset
166 1700 233 1754 sino
247 1699 328 1772 ligno
357 1718 462 1774 aquam
483 1704 576 1760 lacere
599 1705 713 1761 dulcere
749 1707 833 1777 neus,
864 1712 914 1764 ant
969 1712 1102 1768 mandata
1122 1731 1179 1769 non
1201 1714 1286 1781 bona,
1310 1719 1339 1770 et
1365 1714 1520 1786 inquibus
1544 1731 1602 1769 non
1632 1714 1736 1770 vivant.
1765 1715 1819 1771 Sed

59 1788 142 1842 doses
157 1789 276 1859 lignum
292 1790 424 1854 nesciret,
453 1791 507 1846 Sed
532 1793 556 1847 si
584 1793 630 1848 lex
656 1794 812 1850 secundnm
838 1797 914 1853 litte·
969 1800 1176 1872 admistoligno
1191 1801 1291 1869 crucis,
1314 1801 1346 1856 in
1374 1802 1553 1856 dnlcedinem
1581 1807 1712 1871 sersa,at
1735 1801 1819 1874 spiri·

57 1892 112 1930 ram
131 1876 307 1948 accipiatur,
325 1894 422 1934 amara
436 1883 480 1935 est
493 1884 522 1935 et
535 1880 598 1953 ipsa
620 1882 706 1937 liare.
735 1883 810 1948 Quid
836 1885 914 1941 eninr
967 1890 1084 1945 tualiter
1111 1891 1265 1954 intellecta,
1291 1895 1320 1946 et
1345 1894 1456 1946 serrata
1480 1895 1548 1945 sunt
1580 1892 1717 1947 mandata
1745 1891 1819 1947 vitae,

58 1968 110 2019 tani
127 1981 269 2021 amarum
281 1973 415 2039 quamut
429 1985 501 2040 puer
529 1975 627 2026 octavo
648 1971 694 2027 die
720 1971 914 2030 circumcisio·
968 1980 1104 2034 cunctum
1134 1981 1290 2048 unguerem
1320 1995 1398 2049 quem
1430 1983 1512 2050 posui
1540 1982 1570 2035 in
1597 1983 1725 2051 AEpypta,
1766 1995 1820 2036 non

58 2054 96 2151 ΡΒ
109 2054 365 2153 vulnusassssillial.
381 2061 409 2111 et
421 2058 546 2128 rigorem
572 2059 642 2113 ferri
670 2064 772 2115 tencre
788 2061 915 2132 patiatur
967 2070 1096 2126 inducam
1107 2084 1189 2140 super
1203 2075 1241 2126 te.
1261 2069 1377 2125 Videtur
1397 2070 1491 2125 dicere
1506 2070 1584 2142 quod
1599 2071 1622 2124 si
1637 2070 1701 2142 quis
1728 2075 1821 2126 servet

59 2143 352 2200 lfls³1¹022ffl²fflm
368 2149 411 2200 0⁸²
425 2145 502 2201 essim
516 2147 651 2218 P⁰0111¹1ffl
679 2148 761 2219 legit,
788 2151 915 2222 t>⁰p¹1111³
967 2158 1108 2213 mandata
1129 2158 1239 2213 nnllam
1267 2157 1469 2229 egritudinem
1497 2159 1633 2229 patiatur,
1650 2158 1739 2214 idest
1765 2175 1819 2215 nec

60 2241 114 2302 liei,
127 2257 191 2296 non
208 2241 260 2313 qni
288 2242 319 2298 in
346 2243 420 2298 llose
446 2243 607 2315 baptizatus
632 2249 675 2301 est
700 2246 731 2302 in
755 2246 831 2302 nnhe
845 2247 915 2303 etin
967 2245 1069 2314 febres,
1095 2262 1149 2301 nec
1162 2245 1233 2301 alios
1248 2246 1360 2302 dolores
1380 2262 1541 2317 corporeos.
1556 2246 1609 2302 Sed
1630 2246 1747 2301 omnino
1768 2247 1820 2303 lob

61 2331 136 2398 nari,
154 2330 209 2384 sed
224 2330 276 2402 qui
291 2331 323 2385 in
347 2333 451 2403 spiritu
473 2338 502 2388 et
519 2349 594 2405 aqua
620 2351 680 2389 non
703 2335 793 2407 possit
814 2335 914 2392 hibera
963 2332 1148 2405 justissimus,
1161 2337 1189 2388 et
1203 2333 1282 2388 omni
1308 2333 1414 2404 pietate
1435 2334 1583 2405 plenus,a
1606 2333 1698 2405 capite
1728 2349 1819 2406 nsque

61 2426 82 2472 et
92 2422 226 2489 gustare,
249 2433 303 2473 nec
330 2418 489 2475 hostiarum
510 2422 585 2477 terre
612 2422 845 2492 amaritudinem,
861 2441 915 2481 nec
966 2423 1003 2478 ad
1017 2422 1104 2493 pedes
1131 2422 1259 2493 repletur
1287 2422 1382 2476 ulcere
1413 2421 1550 2492 pessimo.
1583 2422 1640 2477 Sed
1660 2420 1731 2491 justi
1760 2437 1819 2478 non
1876 2430 1880 2438 '

60 2507 168 2562 sabbati
191 2506 415 2563 observantiam.
437 2509 492 2564 Sed
515 2509 539 2564 si
557 2511 630 2566 Dens
651 2513 783 2568 ostendat
802 2514 914 2586 lignum
965 2509 1145 2565 habentillas
1159 2509 1341 2564 infirmitates
1364 2526 1436 2581 quas
1462 2510 1595 2583 AEgyptii.
1628 2511 1821 2580 AEgyptusest

61 2596 133 2667 quod
159 2595 296 2650 mittatur
317 2595 348 2650 in
385 2596 459 2652 hanc
496 2600 728 2669 amaritudinem,
755 2601 846 2657 dulcis
881 2603 915 2659 fit
966 2597 1109 2653 mundns:
1125 2597 1245 2670 diligere
1268 2613 1336 2669 ergo
1362 2598 1503 2653 mundum
1518 2603 1546 2653 et
1574 2614 1639 2670 qnae
1653 2598 1684 2651 in
1709 2597 1818 2652 mundo

61 2698 130 2754 aqua
151 2683 228 2754 legis
244 2687 273 2738 et
292 2683 436 2754 potabilis.
453 2686 533 2742 Pron.
563 2704 615 2742 nr:
645 2690 788 2759 Sapientia
809 2691 914 2759 lignum
966 2690 1042 2751 sunt,
1066 2686 1213 2759 AEgyptius
1238 2686 1361 2758 languor
1397 2692 1440 2742 est
1464 2703 1471 2754 ;
1502 2687 1653 2742 ohservare
1696 2701 1817 2753 menses,

61 2774 117 2826 rite
132 2777 174 2827 est
191 2774 224 2826 in
249 2773 374 2828 omnihus
399 2776 621 2845 amplectentibus
646 2793 714 2834 eum.
743 2779 773 2834 Si
798 2794 866 2850 ergo
877 2780 912 2835 li·
965 2779 1107 2846 tempora,
1148 2775 1295 2830 stellarum
1341 2777 1470 2831 cursibus
1514 2775 1671 2844 adherere,
1712 2774 1818 2830 servire

62 2875 147 2930 mum
176 2859 330 2932 sapientie
350 2860 454 2916 Christi
487 2864 609 2919 missum
642 2866 730 2921 luerit
767 2866 799 2921 in
838 2868 911 2939 tege,
966 2863 1057 2931 carni,
1072 2862 1194 2918 luxuria
1209 2879 1325 2936 operam
1341 2864 1449 2920 dareet
1472 2864 1581 2920 deliciis
1604 2879 1714 2930 recma,
1737 2864 1819 2934 AEgy·

62 2949 212 3003 osteudens
249 2949 394 3020 quomodo
432 2950 535 3007 debeat
574 2952 697 3025 intelligi
733 2954 912 3011 circumcisio
931 2952 1044 3024 cptius
1060 2952 1246 3024 languorest.

62 3037 270 3102 sabbatum,lex
286 3038 373 3109 leprae
387 3043 417 3093 et
439 3039 614 3109 hujusmodi,
638 3041 799 3097 amaritudo
829 3042 912 3115 legia,
1003 3043 1141 3096 Venerunt
1150 3044 1250 3106 autem,
1264 3043 1317 3094 etc.
1335 3039 1528 3109 (Oarc.,itid.)
1542 3039 1682 3094 Nonante
1704 3038 1735 3094 in
1746 3037 1819 3094 Elim

62 3126 180 3181 rmtitnr
204 3124 237 3179 in
269 3125 449 3181 dulcedinem
478 3127 676 3199 intelligentiae
703 3129 868 3201 spiritualis,
881 3137 915 3188 nt
966 3128 1081 3185 ducitur
1091 3129 1226 3200 populns,
1240 3127 1291 3183 uhi
1303 3133 1387 3184 erant
1398 3128 1549 3184 duodecim
1564 3130 1658 3184 lontes
1678 3143 1819 3201 aquarum

64 3214 185 3285 populns
199 3212 301 3268 hibere
313 3213 403 3284 possit
415 3214 465 3285 qui
480 3214 558 3270 idola
585 3216 703 3288 reliquit
725 3221 753 3273 et
774 3218 810 3273 ad
822 3219 913 3274 Deum
967 3217 1072 3290 quihus
1084 3217 1125 3273 nil
1142 3218 1236 3273 inerat
1259 3217 1472 3284 amaritudinis,
1496 3216 1557 3272 scd‘
1575 3217 1726 3272 amoenitas
1750 3216 1819 3288 pln-

64 3301 199 3372 coniugit.
217 3301 247 3356 Si
280 3301 378 3356 audiat
401 3303 494 3374 legem
517 3304 553 3359 de
581 3305 727 3360 sacrificiis
753 3306 913 3376 docentem,
966 3306 1041 3362 rima
1055 3322 1088 3362 er
1110 3306 1248 3361 densitate
1275 3306 1454 3377 palmarum:
1480 3305 1529 3360 sed
1554 3306 1635 3376 prius
1659 3305 1763 3360 ductus
1778 3309 1821 3360 est

65 3389 199 3443 mntinno
214 3387 321 3460 refugit
331 3392 360 3443 et
376 3389 475 3445 bibere
492 3406 552 3446 non
575 3397 676 3463 potest.
693 3394 725 3448 ln
753 3393 827 3449 hasac
845 3409 914 3467 ergo
967 3395 1003 3449 ad
1016 3411 1105 3466 aquas
1127 3395 1214 3448 salsas
1240 3397 1269 3448 et
1290 3408 1414 3460 amaras,
1443 3393 1547 3466 quibus
1576 3408 1629 3465 per
1663 3393 1775 3464 lignum
1803 3407 1821 3447 a

66 3476 297 3543 amaritudinem,
312 3476 341 3532 id
357 3478 536 3535 estlitteram
562 3480 645 3553 legis,
664 3483 762 3553 posuit
784 3484 914 3556 Densju·
968 3483 1090 3538 Domino
1119 3487 1311 3538 monstratum
1338 3482 1501 3548 dulcoratis,
1517 3481 1632 3537 venitur
1646 3481 1682 3536 ad
1713 3481 1819 3536 fontes.

65 3566 194 3620 stitiaset
221 3565 395 3634 teshmonia,
425 3568 502 3623 velut
528 3568 673 3624 scilicetin
699 3571 813 3626 vasculo
841 3586 914 3642 quo·
966 3571 996 3627 Si
1021 3571 1170 3627 historiam
1200 3572 1289 3627 solam
1320 3585 1485 3642 sequamur,
1525 3586 1583 3625 non
1611 3571 1736 3625 muttum
1767 3584 1820 3624 nos

66 3656 126 3711 darn
155 3653 307 3726 sapientiae
322 3671 382 3710 anae
410 3661 439 3712 et
464 3657 591 3713 scientiae
611 3659 759 3715 thesauros
771 3660 916 3716 concludit
968 3660 1176 3715 adificatscire
1200 3659 1235 3715 ad
1258 3675 1345 3731 quem
1372 3660 1467 3714 locum
1495 3659 1589 3729 primo
1617 3657 1756 3726 venerint,
1785 3657 1820 3712 ad

67 3741 229 3816 trandidit}
245 3743 347 3799 Unde:
367 3744 510 3802 Eatenus
536 3748 915 3805 thesaurumistuminoasia
968 3763 1055 3820 quem
1082 3747 1217 3803 secundo.
1244 3748 1339 3803 Primo
1367 3751 1464 3802 annm
1496 3746 1612 3802 ducitur
1637 3747 1759 3818 populns
1785 3745 1821 3800 ad

66 3832 193 3902 tenuius
209 3834 217 3903 (
232 3833 324 3891 llGor.
341 3834 393 3904 ιιι).
412 3835 448 3889 Ut
461 3850 530 3906 ergo
550 3836 640 3907 possit
662 3837 724 3892 haec
745 3853 820 3909 aqua
844 3837 915 3908 bibi,
967 3836 1093 3892 litteram
1104 3835 1185 3907 legis,
1201 3851 1218 3890 a
1232 3852 1289 3907 qua
1301 3835 1371 3890 dum
1399 3838 1548 3906 permanet
1571 3834 1601 3888 in
1629 3833 1820 3889 amaritudine

10 3962 13 3969 .
67 3921 186 3977 ostendit
196 3921 274 3977 neus
284 3921 394 3993 lignum
413 3923 492 3995 quod
512 3922 644 3979 mittatur
657 3924 689 3979 in
717 3940 790 3992 eam,
814 3928 847 3980 nt
864 3925 916 3997 qni
969 3940 1030 3992 sna,
1043 3924 1175 3980 recedere
1189 3938 1248 3978 non
1263 3927 1365 3995 potest.
1379 3922 1450 3977 Cnm
1466 3937 1534 3990 ergo
1546 3937 1598 3993 per
1626 3920 1740 3990 lignum
1754 3920 1820 3976 ritae

68 4011 166 4067 biberit
178 4026 240 4065 non
254 4011 404 4079 moriatur,
426 4027 484 4066 non
507 4012 611 4067 sentiat
639 4012 870 4069 amaritudinem.
886 4012 916 4070 Si
969 4014 1056 4068 luerit
1089 4011 1278 4077 indulcorata,
1314 4014 1343 4065 et
1374 4009 1562 4080 spiritualiter
1590 4008 1743 4074 intellecta,
1785 4007 1821 4062 de

10 4128 13 4147 =
68 4100 126 4171 quis
139 4115 211 4171 ergo
225 4099 286 4154 sine
301 4099 380 4171 ligno
394 4100 471 4168 vitoe,
486 4100 515 4156 id
531 4105 583 4170 est,
606 4102 668 4159 sine
693 4103 829 4172 mysterio
852 4118 916 4158 cru-
971 4099 1064 4155 Veteri
1075 4100 1256 4154 Testamenta
1272 4096 1373 4152 transit
1389 4096 1424 4151 ad
1435 4097 1555 4163 Novum,
1570 4099 1600 4150 ct
1615 4095 1651 4149 ud
1667 4093 1820 4150 duodecim

68 4190 111 4253 cis,
127 4189 193 4243 sine
221 4188 279 4243 ilde
308 4188 423 4255 Christi,
453 4189 514 4244 sine
547 4190 737 4262 intelligentia
776 4189 918 4263 spirituali
970 4187 1140 4260 apostolicos
1154 4185 1259 4247 tontes,
1275 4185 1325 4241 nbi
1353 4185 1536 4256 reperiuntur
1564 4183 1679 4239 arbores
1707 4186 1822 4254 septua-

69 4277 175 4341 hiherit,
198 4276 390 4332 amaritudine
399 4277 555 4334 morietur.
586 4279 688 4335 Unde:
718 4281 822 4335 Littera
848 4280 916 4334 occi·
939 4252 958 4308 ⁰
970 4277 1050 4348 ginta
1068 4277 1240 4346 palmarum.
1257 4273 1410 4330 Nouenim
1443 4274 1496 4329 soli
1527 4273 1680 4329 duodecim
1700 4269 1824 4343 apostoli

70 4366 117 4433 dit,
135 4365 231 4432 idest,
248 4381 323 4438 aqna
342 4367 428 4436 tlara,
452 4366 477 4422 si
499 4366 614 4423 bibatur
641 4383 700 4423 non
726 4371 836 4423 mutata
850 4366 919 4422 etin
970 4365 1057 4420 tidem
1072 4363 1176 4420 Christi
1190 4363 1428 4435 predicaverunt,
1443 4363 1490 4416 sed
1515 4361 1607 4416 etalii
1631 4359 1822 4432 septuaginta,

72 4454 251 4510 dnlcedinem
265 4469 360 4509 versa.
971 4468 1104 4524 perqnos
1122 4452 1232 4523 palmas
1260 4450 1384 4506 victoriae
1412 4450 1516 4505 Christi
1547 4450 1672 4513 mundns
1695 4448 1821 4519 agnovit.

24 4560 27 4565 ·
111 4543 194 4598 Vnus.
236 4544 335 4598 aum.
357 4569 394 4588 -
429 4543 482 4610 Qui
512 4544 630 4600 ostendit
669 4547 704 4612 ci,
733 4548 787 4600 etc.
826 4546 918 4616 (dua,
974 4540 1230 4612 Nonsniiicitergo
1258 4541 1366 4611 populo
1395 4537 1446 4593 Dei
1475 4554 1580 4610 aquam
1608 4539 1684 4594 liara
1715 4537 1824 4603 bibere,

75 4632 165 4698 duait.
182 4635 217 4686 57
228 4633 260 4685 in
272 4631 380 4701 Enod.)
407 4633 502 4688 Genus
527 4632 601 4704 ligni
627 4638 689 4689 erat
711 4633 796 4688 iatam
810 4633 920 4688 hahens
973 4627 1102 4702 quamvis
1113 4629 1321 4683 indulcoratam
1337 4642 1389 4699 per
1404 4627 1515 4698 lignum
1531 4626 1595 4681 ritae
1611 4646 1619 4694 3
1634 4626 1725 4681 solnm
1738 4626 1826 4681 Vetus

75 4721 138 4776 nm:
153 4736 194 4777 an
213 4720 343 4791 qnalibet
356 4721 435 4792 ligno
449 4721 543 4776 lacere
554 4726 666 4793 poterat
676 4722 760 4789 Deus,
780 4720 921 4793 quitanta
972 4719 1186 4774 Testamentum
1200 4732 1258 4772 nou
1272 4716 1378 4773 sufficit
1403 4717 1438 4772 ad
1463 4716 1631 4782 bibendum,
1647 4715 1825 4771 veniendum

75 4808 213 4865 mirabilia
226 4808 375 4865 iaciebat?
401 4810 521 4866 Videtur
545 4815 642 4866 umen
668 4809 827 4881 significare
842 4808 921 4880 quod
974 4812 1016 4862 est
1030 4806 1108 4861 enim
1118 4806 1152 4861 ad
1167 4807 1286 4870 Novum,
1303 4807 1338 4862 de
1353 4822 1411 4878 quo
1426 4805 1488 4860 sine
1502 4805 1636 4875 scrupulo
1651 4808 1679 4859 et
1704 4803 1825 4859 difficul-

77 4896 175 4953 dictum
185 4901 243 4965 est,
259 4896 377 4952 ostendit
388 4899 422 4966 ei,
438 4902 577 4970 unquam
588 4899 651 4969 jam
678 4898 736 4953 tale
757 4901 832 4953 esset
847 4895 921 4965 ;niai
973 4900 1031 4951 tate
1045 4899 1171 4966 potatur.
1186 4895 1277 4950 lndoei
1299 4895 1385 4951 etiam
1405 4909 1480 4948 nunc
1504 4893 1579 4964 apud
1590 4892 1666 4947 liare
1693 4895 1770 4961 sunt,
1795 4892 1827 4948 id

78 4983 140 5041 torte
152 4986 236 5042 locus
254 4989 317 5040 erat
328 4985 379 5040 nbi
402 4986 481 5057 ligna
508 4986 628 5042 omnino
655 5002 714 5041 non
733 4985 922 5041 inveniebar·
974 4988 1016 5039 est
1031 4982 1064 5038 ad
1079 4998 1168 5054 aqrras
1182 4998 1312 5038 amaras:
1327 4982 1456 5038 nondum
1472 4980 1550 5036 enim
1560 4979 1687 5035 ostendit
1701 4979 1741 5035 eis
1752 4981 1827 5035 Dens

80 5080 125 5141 tur,
149 5079 185 5130 ut
212 5075 270 5130 hoc
298 5073 394 5145 ipsum
416 5080 491 5130 emet
510 5075 600 5130 divini
625 5074 766 5145 adjutorii
803 5074 879 5146 quod
896 5073 924 5129 ei
976 5073 1086 5142 lignum
1102 5071 1137 5127 de
1152 5088 1209 5144 quo
1224 5072 1398 5136 dulcescunt,
1415 5069 1549 5140 qnianiai
1563 5068 1743 5137 crediderint,
1774 5083 1828 5124 non

81 5163 209 5220 hominus
226 5163 344 5234 lignum
356 5164 492 5231 ostendit,
507 5164 680 5220 nbinnllnm
696 5167 767 5230 erat,
784 5168 813 5219 et
824 5179 877 5235 per
891 5163 924 5218 li·
975 5161 1126 5229 intelligent
1142 5162 1206 5229 (lna.
1224 5161 1284 5229 vrri.

81 5265 155 5320 guum
173 5267 268 5325 aquas
296 5252 402 5319 dulces,
437 5253 513 5321 iecit,
536 5253 724 5325 praefigurans
752 5252 874 5324 gloriam
897 5254 926 5309 et
1296 5291 1407 5347 CAPUT
1446 5291 1504 5348 XVI

83 5340 310 5408 nahamcrncis.
332 5339 388 5396 Sed
414 5340 519 5397 intuli
546 5341 631 5397 etiam
668 5341 747 5412 ligno
777 5341 843 5414 quis
869 5339 925 5396 nisi
1508 5332 1515 5346 ⁸

86 5434 185 5486 nestor
200 5429 625 5486 etdemonstratorlandandus
639 5435 690 5486 est.
1027 5430 1108 5485 Vsus.
1131 5431 1159 5483 t.
1185 5456 1219 5468 -
1259 5427 1295 5483 nt
1317 5429 1500 5482 murmuravit
1531 5428 1618 5483 omnis
1660 5427 1833 5497 congregatio

111 5519 345 5660 Ιὺίοωυθίῑίςίεοί
357 5521 520 5659 moggi!
534 5518 634 5590 (Oura,
671 5519 739 5575 tom.
753 5522 768 5573 7
782 5519 812 5574 in
826 5517 926 5590 duod.)
980 5519 1075 5589 lsrael,
1104 5521 1157 5574 etc.
1182 5515 1286 5585 (Oura,
1321 5517 1390 5573 hom.
1420 5520 1436 5569 7
1463 5519 1494 5570 in
1521 5514 1674 5652 Baodd80
1701 5515 1833 5587 ingratus

284 5611 399 5660 mill..
523 5637 533 5659 ι
