3892 6106
55 278 111 331 393
646 278 773 335 οΙ088Α
791 280 995 337 ΟΙΙῦΙΝΑΙΙΙΑ.
1016 309 1049 320 --
1070 281 1135 336 LlB.
1156 280 1243 338 NUM.
1770 293 1822 348 stt

91 398 182 452 vens.
209 401 252 454 lt.
269 426 304 437 -—
328 399 366 453 Et
387 413 495 453 armum
510 404 611 454 coctum
626 402 731 462 arietis,
759 405 919 472 tortamque.
939 404 1097 458 donimano
1133 418 1248 457 mcama
1274 419 1325 466 me,
1347 404 1396 459 sed
1418 420 1466 473 epo
1488 423 1558 478 pono
1581 423 1649 476 eam,
1674 414 1700 465 et
1724 412 1822 468 ilerum

56 485 276 541 Fortitudinem
305 487 414 541 scilicet
443 487 549 558 operis,
572 492 679 543 coctam
708 491 736 542 et
768 489 917 561 probatam
973 491 1225 559 sumoeamlloun.
1242 492 1281 562 x).

55 574 129 644 igne
155 574 451 640 tribulationis,facil
477 592 606 631 summus
631 577 762 632 sacerdos
787 583 918 633 sanctum
1007 577 1093 632 Vens.
1110 581 1136 632 Ι.
1153 609 1184 616 -
1210 580 1349 648 Principes
1370 581 1455 636 lsrael
1475 585 1501 636 et
1527 585 1631 654 capitu,
1658 590 1711 641 etc.
1740 587 1821 659 (Rea.

55 679 145 717 snum
162 663 270 718 olierre
285 664 343 718 Deo
360 663 448 719 Patri.
972 666 1002 718 iu
1012 665 1104 735 Num.)
1121 665 1304 733 Patriarchte,
1329 669 1479 740 prophetae
1495 675 1524 726 et
1539 673 1670 743 aposloli,
1686 678 1752 742 etc,
1772 690 1822 731 us·

92 752 138 806 Et
153 752 297 820 laganum,
312 752 461 807 scientiam
478 750 585 808 scilicet
596 753 680 826 legis,
698 754 774 810 douo
794 754 917 828 Spiritus
972 769 1024 823 quc
1040 753 1078 807 ad
1088 755 1138 824 fiel
1152 755 1208 809 illis
1220 771 1238 809 a
1251 758 1333 811 Patro
1344 772 1410 812 meo.

56 839 272 910 sanetijuvans
285 840 416 910 inopere
432 855 642 896 consummare.
903 829 913 854 ’
1006 842 1088 895 Vane.
1112 844 1137 896 3.
1170 871 1205 884 -
1231 843 1285 899 Sea
1309 845 1448 914 plaustra.
1478 845 1571 920 (Rae.)
1601 848 1730 906 Plaustra
1756 866 1822 923 qum

94 928 184 982 Vns.
203 929 251 983 20.
265 958 304 968 -
325 928 472 984 iuuabit:
498 928 574 983 bona
593 928 709 997 scilicet,
735 945 800 1000 qum
823 929 917 985 conti·
970 926 1049 983 flliiae
1060 928 1145 983 Israel
1161 929 1266 984 Levitis
1280 930 1314 985 ad
1328 932 1540 991 subvectionem
1550 935 1728 994 tabernaculi
1740 940 1822 994 obtu-

56 1031 135 1069 nens
154 1020 304 1088 operatur,
324 1015 401 1071 Patri
426 1017 611 1088 praesentabit
634 1022 662 1073 et
684 1021 822 1091 perpetua
837 1035 916 1075 mer·
970 1016 1074 1080 lerunt,
1104 1017 1275 1088 temporalia
1303 1020 1403 1075 solatia
1427 1022 1603 1094 significant,
1632 1043 1697 1098 que
1725 1027 1820 1085 devoti

55 1103 130 1157 cede
145 1103 233 1159 iaciat
248 1105 438 1160 remunerari.
972 1105 1074 1176 populi
1095 1107 1332 1176 praedicatoribus
1346 1116 1544 1182 compensant,
1569 1117 1602 1167 ut
1624 1115 1686 1169 sine
1700 1131 1768 1170 cura
1792 1122 1821 1173 et

93 1192 267 1260 Sacerdotis,
285 1191 353 1264 quia
367 1192 402 1247 ad
418 1192 480 1264 ejus
495 1193 617 1264 gloriam
636 1193 761 1265 pertinet
775 1193 915 1266 quidquid
971 1195 1394 1263 impedimentodivinovacenl
1408 1200 1557 1271 obsequio.
1571 1202 1607 1256 Ut
1620 1207 1649 1256 el
1663 1202 1713 1274 qui
1730 1205 1820 1259 Evan-

58 1281 218 1336 Nazarteus
237 1281 312 1337 bene
332 1281 422 1336 voluit
447 1286 475 1337 et
489 1297 576 1352 opere
599 1283 831 1338 consummavit:
856 1284 917 1353 lpse
971 1282 1078 1352 getium
1101 1282 1283 1350 annuntiant,
1312 1284 1347 1340 de
1362 1285 1531 1358 Evangelico
1555 1289 1671 1345 vivant:
1692 1292 1820 1350 sienim

55 1371 132 1424 euim
157 1375 199 1426 cst
223 1373 274 1440 qui
296 1374 426 1440 operatur
447 1371 478 1425 iu
497 1370 575 1426 nobis
601 1375 627 1425 et
649 1370 716 1426 uelle
742 1375 768 1426 ct
788 1374 917 1442 perurere
970 1371 1100 1424 seminent
1122 1371 1291 1440 spiritualia,
1311 1386 1365 1428 non
1378 1377 1418 1428 est
1433 1390 1561 1444 inaquam
1587 1377 1613 1431 si
1634 1381 1738 1433 metunt
1757 1383 1820 1434 tem·

58 1458 176 1530 (Philip.
193 1459 235 1529 u).
359 1444 363 1453 ’
969 1458 1258 1529 poroliallllor.1x).

95 1550 162 1603 Post
177 1548 244 1614 tace,
264 1546 292 1602 id
307 1550 360 1610 est,
374 1549 442 1617 post
455 1550 561 1601 rectam
579 1546 779 1613 intentionem,
808 1546 913 1602 discre-
1006 1543 1136 1598 Plaustra
1159 1549 1234 1599 recte
1250 1544 1305 1600 fide
1328 1551 1356 1601 el
1371 1547 1573 1605 misericordiae
1593 1551 1694 1607 affectu
1717 1559 1819 1610 ornata

57 1640 118 1690 tarn
132 1636 368 1708 promissionem,
386 1633 482 1706 operis
492 1635 707 1706 perfectionem,
721 1642 749 1691 et
775 1637 913 1691 mercedis
929 1679 949 1733 B
971 1635 1001 1684 nt
1018 1631 1074 1685 Deo
1089 1625 1286 1704 sint'nccepta,
1306 1619 1458 1690 duodecim
1472 1638 1642 1705 sunthoves
1656 1657 1664 1695 :
1679 1641 1818 1712 quienim

60 1723 296 1778 retributionem.
694 1732 699 1742 ’
968 1719 998 1772 in
1015 1718 1152 1792 obsequio
1173 1727 1337 1777 sanctorum
1353 1724 1486 1780 laborant
1501 1726 1554 1781 sub
1570 1727 1640 1798 jugo
1655 1731 1818 1800 apostolicae

93 1811 195 1865 Bitere
215 1812 325 1882 :plene
342 1815 371 1864 el
390 1810 479 1865 libere
494 1809 609 1864 haurire
625 1809 771 1881 spirituale
792 1809 911 1877 donum,
968 1807 1104 1863 doctrinm
1130 1810 1229 1865 omnia
1257 1810 1377 1868 honeste
1405 1819 1434 1868 et
1459 1814 1591 1871 ordinate
1622 1816 1740 1872 iaciunt.
1768 1819 1818 1874 Vel

57 1900 155 1954 unde:
174 1902 306 1955 Torrente
316 1901 467 1969 voluptatis
479 1903 531 1953 tuse
544 1899 704 1969 potabiseos
720 1900 803 1968 (Psoi.
820 1904 910 1967 xxxv).
968 1897 1064 1964 hoves,
1079 1897 1211 1953 doctores
1223 1901 1388 1972 accipimus,
1404 1901 1454 1973 qui
1478 1903 1508 1957 in
1523 1920 1592 1975 agro
1607 1905 1722 1960 Domini
1736 1906 1818 1978 digni

93 1989 238 2044 Veneti.
270 1990 489 2058 -Locutusque
507 1993 558 2043 est.
585 1989 674 2041 Moses
699 1988 911 2056 legemnaron
968 1991 1135 2055 operantur.
1160 1987 1535 2058 llequibusdicilur:Non
1559 1992 1817 2059 ullipalisoslouis

60 2076 265 2144 sacerdotium,
290 2081 319 2131 et
340 2076 393 2131 tilii
410 2077 471 2147 ejus
498 2076 627 2130 ordinem
645 2076 774 2131 Ecclesia
800 2077 912 2147 signiti-
967 2073 1232 2144 triturantisweut.
1261 2090 1333 2143 xrv;
1351 2078 1364 2131 Ι
1380 2079 1449 2132 Tim.
1465 2079 1503 2148 v).
1528 2079 1584 2144 oui
1603 2082 1681 2135 enim
1705 2088 1818 2152 aposto-

61 2169 133 2221 cant.
162 2165 253 2221 Docet
278 2181 347 2237 ergo
374 2163 511 2218 [lominus
536 2179 590 2235 per
615 2165 705 2236 legem
732 2164 912 2221 sacerdotum
967 2160 1052 2215 licam
1066 2177 1199 2217 normam
1213 2162 1332 2218 vivendo
1348 2166 1568 2236 etpraedicaudo
1581 2175 1751 2225 conservant
1766 2171 1816 2226 du·

63 2255 201 2321 ordinem,
219 2254 368 2326 quomodo
384 2253 524 2325 populum
540 2252 743 2324 praedicatione
759 2252 910 2323 aedificent,
967 2249 1007 2319 pti
1022 2249 1130 2304 honore
1146 2250 1308 2324 honorandi
1324 2258 1400 2307 sunt.

66 2343 205 2414 frequenti
218 2342 350 2397 oratione
365 2347 395 2396 et
406 2341 605 2396 benedictione
620 2342 799 2397 confirment.
1004 2340 1090 2393 Unum
1111 2339 1211 2404 bocum,
1231 2344 1286 2394 ele,
1303 2340 1365 2412 (ln.)
1380 2341 1452 2406 Quia
1474 2343 1568 2398 unitas
1583 2343 1662 2413 tidei,
1686 2353 1752 2416 etc,
1767 2363 1815 2404 us·

97 2432 185 2498 itinn,
201 2431 251 2485 uti
263 2429 372 2500 supro.)
389 2429 682 2501 Moses-multiplicem
704 2430 792 2485 habet
819 2428 909 2501 signi·
966 2442 1017 2495 que
1031 2427 1069 2481 ad
1091 2426 1126 2482 ad
1154 2427 1370 2483 tabernaculum
1397 2429 1446 2484 liei
1472 2447 1537 2486 cum
1553 2432 1649 2488 debito
1677 2436 1814 2508 obsequio

70 2520 224 2575 ficationem
245 2525 313 2588 etc,
337 2534 422 2589 usque
445 2519 483 2573 nd
507 2518 576 2572 dum
598 2518 813 2573 tabernaculum
831 2535 909 2574 com·
966 2514 1248 2585 properaredebere.

71 2611 129 2679 piet,
149 2609 237 2680 erigit
251 2613 281 2662 et
295 2607 388 2679 ungit.
1000 2605 1081 2659 Vens.
1106 2605 1132 2658 9.
1150 2635 1183 2644 -
1205 2606 1285 2660 Filiis
1309 2612 1368 2663 aul.
1393 2608 1451 2665 Col.
1468 2609 1560 2679 (Rea.)
1585 2610 1722 2683 Superius
1749 2612 1815 2668 scri-

100 2699 175 2753 lms.
200 2698 247 2752 tt.
275 2726 310 2736 -
334 2694 487 2751 Benedicat.
513 2694 575 2767 (lo)
605 2696 766 2750 Notandum
793 2696 861 2768 quia
880 2696 909 2751 in
965 2699 1046 2764 ptum
1060 2697 1112 2760 est,
1128 2698 1193 2760 etc,
1211 2696 1347 2763 usquead
1366 2712 1418 2750 nec
1442 2696 1498 2768 ipsi
1513 2698 1563 2769 qui
1578 2700 1684 2756 habere
1703 2701 1813 2773 aliquid

72 2787 114 2839 hac
129 2785 332 2840 benedictione
353 2799 456 2838 nomen
478 2783 592 2838 domini
604 2784 688 2838 tertio
704 2784 860 2851 inducitur,
878 2790 910 2840 ut
965 2780 1093 2834 exercitii
1108 2787 1134 2836 et
1149 2781 1320 2836 eruditionis
1334 2782 1454 2838 videtur.

72 2880 155 2929 uncta
173 2874 300 2929 Trinitas
315 2872 592 2947 intelligaturaquo
604 2876 633 2926 et
656 2888 708 2943 per
722 2888 808 2944 quem
823 2877 852 2927 el
878 2874 908 2927 in
999 2869 1082 2924 Vens.
1107 2871 1148 2924 tt).
1172 2870 1518 2926 -Oltuleruutduccsin
1550 2873 1746 2931 dedicationem
1770 2879 1812 2933 al·

72 2963 226 3032 quaomnia
247 2962 404 3017 bonasunt
428 2960 550 3030 pelenda
568 2963 597 3015 el
624 2958 812 3031 impetranda,
843 2960 912 3033 quia
929 2959 948 3014 G
965 2959 1034 3012 luris
1062 2958 1106 3012 dic
1134 2974 1199 3028 qua.
1218 2958 1418 3030 Unusquisque
1439 2976 1491 3030 pro
1520 2977 1684 3032 possesne,
1714 2965 1810 3028 tidem.

71 3067 97 3104 cx
109 3052 168 3123 ipso
186 3057 216 3106 et
230 3066 284 3122 per
299 3049 395 3120 ipsum
410 3054 439 3103 et
454 3048 560 3119 inipso
576 3052 643 3103 sunt
657 3049 764 3105 omnia.
961 3045 1130 3111 doctrinam,
1147 3049 1176 3099 et
1204 3047 1400 3117 operationem
1418 3047 1520 3103 bonam
1546 3049 1581 3104 sd
1605 3053 1764 3121 proiectum
1784 3060 1814 3111 et

99 3141 129 3194 El
155 3140 303 3195 custodiat.
330 3138 394 3211 (ln.)
429 3136 658 3193 Benedictionem
689 3153 775 3209 qnam
807 3154 906 3209 perce·
960 3133 1099 3188 honorem
1115 3132 1245 3189 Ecclesia
1265 3134 1349 3189 debet
1367 3134 1479 3190 olierre.

72 3230 136 3298 pisti,
165 3245 218 3283 sua
245 3232 396 3282 conservet
424 3225 539 3297 gratia:
563 3227 626 3284 Nisi
654 3228 782 3282 domium
816 3233 908 3283 custo-
998 3224 1111 3277 linctum
1134 3228 1182 3288 est,
1197 3223 1356 3278 oblationem
1378 3238 1456 3279 sunu
1475 3230 1538 3280 aute
1551 3227 1647 3284 altare
1672 3230 1811 3304 Tempore

73 3315 141 3371 dierit
169 3319 319 3383 ciuitatem,
347 3317 457 3383 trustra
487 3314 587 3383 oipilat
619 3317 669 3385 qui
701 3314 819 3370 custodit
849 3331 908 3370 eum
959 3308 1177 3377 incarnationis,
1201 3312 1316 3382 quando
1339 3317 1404 3383 post
1417 3314 1658 3371 resurrectionem
1668 3322 1696 3373 et
1711 3336 1810 3375 ascen·

72 3404 139 3470 (Post.
151 3402 251 3475 cxxvi).
960 3398 1069 3453 sionem
1083 3404 1270 3471 susceperuut
1284 3400 1417 3471 discipuli
1438 3400 1560 3472 Spiritus
1576 3405 1666 3461 sancti
1692 3408 1809 3464 ellusio-

98 3494 174 3547 tlms.
196 3496 243 3547 25.
258 3523 292 3532 -
307 3492 447 3548 Ostendat.
465 3489 595 3547 ostensio
610 3491 706 3545 vultus
731 3490 780 3546 Dei
808 3490 906 3563 propi·
960 3503 1026 3542 nem
1042 3487 1115 3558 (Act.
1129 3491 1170 3557 u).

72 3581 138 3636 tiatio
154 3587 209 3648 est,
238 3585 267 3636 et
282 3597 357 3635 verre
379 3579 479 3636 salutis
495 3578 639 3645 ostensio;
663 3579 763 3634 rande:
794 3580 909 3636 Ostende
996 3574 1078 3630 Vens.
1110 3578 1151 3630 ΙΙ.
1179 3603 1214 3618 -
1229 3576 1317 3631 Duces
1330 3592 1379 3647 per
1397 3578 1518 3645 stapulas
1542 3578 1600 3634 dies
1620 3580 1736 3650 effuant
1753 3599 1809 3639 uu·

69 3671 380 3736 (mantuanorum
401 3665 729 3738 enumeraturum).
958 3678 1036 3717 nera.
1068 3663 1273 3718 Prndicatores
1304 3666 1374 3719 recti
1400 3664 1510 3721 itineris
1538 3668 1635 3734 duces,
1660 3670 1710 3742 qui
1740 3672 1807 3729 licet

95 3759 171 3813 vens.
196 3761 243 3813 to.
268 3786 304 3801 -
319 3759 474 3823 Convertat,
492 3760 544 3810 etc.
566 3755 720 3811 Conversio
746 3755 841 3809 vultus
868 3756 906 3810 si·
960 3751 1090 3807 eamdem
1106 3752 1172 3807 lidei
1188 3751 1356 3819 doctrinam,
1373 3753 1478 3808 alboni
1489 3754 1583 3825 operis
1594 3760 1695 3813 eadem
1711 3776 1808 3816 exem·

69 3848 174 3916 gnificat
194 3845 432 3912 misericordiam,
449 3843 560 3899 aversio
575 3843 664 3906 iram:
682 3842 756 3898 unde
773 3860 780 3898 ε
798 3846 907 3915 Respice
959 3841 1007 3912 ple
1026 3839 1158 3908 offerant,
1176 3856 1229 3910 pro
1249 3840 1414 3897 diversitate
1429 3846 1525 3897 tamen
1540 3843 1596 3898 loci
1621 3851 1650 3900 el
1673 3850 1809 3921 temporis

17 3936 20 3941 '
68 3937 148 3991 arne
169 3942 196 3990 et
213 3935 403 3990 misereremei
417 3933 503 4004 (Psnl.
524 3931 626 4001 arvus).
649 3932 682 3986 ut
700 3930 793 3987 alibi:
818 3933 907 3999 Quare
959 3928 1117 3983 oblationes
1132 3928 1318 3984 distribuunt.

65 4029 153 4079 nutis
179 4023 280 4095 sudem
308 4025 392 4086 tuom,
422 4025 448 4075 el
475 4019 639 4075 oblivisceris
662 4020 761 4089 inopia
786 4021 907 4078 nostra?
996 4015 1076 4070 Vens.
1105 4018 1147 4070 ll.
1175 4043 1211 4058 -·
1237 4015 1416 4073 Aoelolulum
1435 4021 1602 4084 arpenleum.
1618 4019 1684 4076 Haec
1699 4021 1806 4080 habent

64 4114 136 4175 lirul.
160 4110 250 4182 xciii.)
272 4108 442 4181 lingendum
469 4112 511 4162 est
527 4122 596 4178 ergo
613 4111 644 4161 ul
658 4108 739 4177 cujus
766 4108 904 4163 auxilium
959 4119 990 4157 os
1005 4109 1170 4175 angustum,
1200 4106 1228 4158 et
1249 4102 1410 4174 angustiam
1433 4103 1534 4160 litterae
1549 4105 1631 4179 legis,
1649 4112 1678 4164 et
1704 4110 1806 4166 obscu-

64 4201 212 4256 mffimus
225 4217 241 4255 a
253 4198 336 4253 nobi,
354 4196 509 4269 peccando,
523 4211 576 4267 pgr
590 4195 724 4267 pietatem
745 4212 826 4251 ,uam
843 4199 904 4252 vul.
959 4190 1073 4246 ritatem
1086 4192 1293 4264 prophetarum
1309 4192 1480 4262 significent.

62 4297 116 4345 tum
139 4305 227 4344 sunm
240 4303 328 4358 super
342 4302 394 4340 nos
416 4285 579 4340 illuminare
599 4283 744 4354 dignetur,
758 4288 790 4339 ut
805 4285 904 4341 nesab
996 4279 1079 4335 Vtri&
1105 4295 1170 4334 lm
1186 4278 1331 4336 ⁰ff⁰lendfl
1359 4279 1496 4337 libamini
1523 4281 1607 4351 lacta,
1632 4285 1717 4340 liri&
1741 4293 1808 4343 ³⁰⁰²

62 4378 179 4434 inimicis
195 4374 429 4442 eruens‚tribuat
444 4378 612 4446 perpetuam
628 4387 740 4442 pacem.
960 4369 1158 4424 distinctiones
1182 4367 1261 4423 verbi
1288 4384 1340 4440 pro
1359 4369 1437 4424 varia
1456 4371 1611 4443 capacitate
1632 4373 1804 4431 auditorum.

93 4467 172 4522 vans.
189 4468 279 4521 tu—
309 4462 487 4518 lnooeadunt.
506 4460 567 4532 (Ιο.)
587 4460 771 4516 Sacerdotem
793 4465 835 4515 est
853 4477 904 4515 no-
959 4456 1050 4511 Aliter
1062 4455 1139 4510 enim
1158 4455 1313 4526 sapientes,
1328 4455 1412 4511 aliter
1427 4456 1615 4528 insipientes;
1635 4461 1717 4516 aliter
1731 4461 1807 4518 divi-

62 4571 122 4611 men
136 4553 253 4610 Domini
267 4552 399 4608 invocare
415 4568 422 4606 :
440 4549 554 4606 llomini
574 4555 680 4609 eutem,
695 4547 772 4620 qnod
787 4547 904 4618 petitur,
960 4550 1011 4613 tes,
1028 4543 1112 4599 aliter
1130 4559 1291 4616 pauperes3
1320 4544 1404 4599 aliter
1417 4545 1489 4613 sani,
1509 4547 1593 4602 aliter
1619 4548 1726 4606 infirmi
1755 4552 1806 4607 do·

62 4644 204 4714 perlicere.
222 4643 312 4698 Nemo
327 4657 396 4712 ergo
411 4638 587 4696 sibitribnat
600 4638 679 4710 quod
699 4638 759 4692 sota
783 4637 905 4693 Trinitas
959 4633 1041 4689 cendi
1056 4638 1136 4700 sunt3
1155 4632 1239 4687 aliter
1253 4633 1332 4686 rudis
1346 4633 1470 4704 populus
1484 4634 1647 4691 ludaeorum
1663 4638 1715 4694 snb
1742 4656 1807 4695 um·

61 4733 102 4786 wi
120 4733 320 4803 'numm
958 4721 1010 4777 bra
1033 4722 1115 4793 legis,
1140 4721 1224 4777 aliter
1254 4721 1432 4777 Christianus
1459 4721 1631 4780 inveritate
1660 4726 1806 4799 Evangelii

958 4810 1030 4881 legis
1049 4809 1185 4881 mysteria
1200 4809 1353 4880 explanata
1367 4810 1556 4882 conspiciens,
1576 4813 1607 4868 in
1628 4814 1721 4870 virum
1737 4832 1805 4888 per·

389 4862 502 4917 CAPUT
521 4860 580 4916 VH·
958 4897 1065 4953 iactum
1080 4897 1316 4954 nutriendusest.

93 4997 173 5053 vens.
199 5001 222 5052 Ι.
245 5026 280 5036 —
302 4998 415 5051 Factum
428 5000 468 5050 est
482 4998 583 5061 aulem,
608 4996 674 5057 etc,
690 4992 902 5047 talernaculum.
993 4988 1074 5042 Vns-
1105 4989 1148 5042 ¹9·
1170 5016 1205 5028 -
1231 4987 1357 5042 Phialam
1383 4991 1539 5056 “leimam
1575 4989 1675 5047 '¹⁰⁶⁰'ss
1697 4998 1806 5065 iiim·

65 5082 133 5139 (ttm.
148 5087 178 5139 iu
199 5085 292 5149 Num..
308 5089 378 5139 tom.
400 5084 445 5153 ΙΙ.)
461 5081 615 5136 Ecclesiam
633 5079 674 5134 vel
698 5079 846 5151 perfectos,
874 5079 903 5133 in
958 5077 1035 5145 pinta
1063 5077 1154 5145 siclos,
1176 5080 1230 5131 ele.
1256 5074 1417 5146 Spirituaiis
1440 5075 1556 5131 scientia
1582 5077 1612 5132 in
1637 5080 1699 5152 lege
1724 5088 1753 5139 et
1774 5083 1806 5139 in

65 5172 158 5239 quihus
184 5179 313 5228 aromata
335 5171 473 5225 virtutum
496 5174 523 5224 et
546 5169 709 5224 orationum
741 5167 902 5233 adolentur,
957 5163 1111 5236 Evangelio
1126 5167 1178 5227 est,
1197 5178 1263 5235 quae
1280 5162 1422 5235 spirituali
1449 5165 1540 5234 gratis
1566 5166 1745 5226 ministrante
1770 5174 1805 5229 ad

65 5261 98 5312 vel
118 5260 326 5315 humanitatem
365 5258 489 5314 sirristi:
516 5256 545 5311 in
569 5272 626 5328 qua
655 5253 778 5309 hostiam
800 5259 903 5308 nostrae
958 5253 1078 5308 salutem
1095 5251 1246 5307 hominum
1274 5251 1377 5322 scripta
1401 5255 1429 5305 et
1447 5253 1557 5323 prolata
1579 5261 1633 5326 est,
1654 5257 1723 5314 hinc
1751 5260 1807 5317 rite

67 5347 261 5421 redemptionis
284 5347 363 5402 Patri
393 5345 532 5401 exhibuit.
563 5346 627 5416 lpse
655 5343 733 5398 enim
761 5342 902 5407 sacerdos,
958 5339 1185 5407 sacrificiumlil,
1203 5340 1272 5410 quia
1291 5339 1362 5394 nihii
1387 5344 1446 5394 um
1470 5340 1617 5414 acceptum
1634 5347 1702 5413 lieo,
1719 5365 1806 5420 qnam

67 5432 116 5503 ipse
130 5436 234 5501 hostia,
255 5440 284 5491 el
298 5435 407 5500 altares
431 5432 499 5506 quia
513 5433 543 5488 in
557 5436 696 5504 potestate
719 5436 843 5486 mortem
858 5434 903 5486 le-
958 5428 1104 5485 meditalio
1119 5427 1264 5501 legiscum
1280 5428 1463 5485 exsecutione
1478 5431 1584 5502 operis.

70 5523 260 5596 nenspropria
274 5522 421 5578 voluntate
447 5521 579 5594 suscepit.
597 5517 697 5576 Unde:
726 5519 808 5576 Nemo
833 5519 904 5574 tollit
994 5517 1088 5587 (Rea,
1110 5519 1139 5573 iu
1154 5519 1246 5586 utum,
1274 5522 1333 5574 lom
1348 5555 1355 5570 .
1373 5517 1418 5586 ΙΙ.)
1446 5519 1543 5576 Phiala
1567 5521 1647 5593 prius
1672 5524 1707 5580 de
1732 5525 1805 5582 vitro

189 5598 329 5663 Parnon.
356 5593 461 5661 Clllll.
1631 5602 1671 5661 13
