3892 6106
103 253 156 307 703
407 250 607 307 walelntbt
626 251 750 307 sinaut
770 250 870 306 FULD.
891 247 972 305 lton.
992 248 1068 305 OPP.
1089 249 1179 304 PARS
1198 251 1220 305 Ι.
1240 276 1275 287 -
1294 246 1523 305 renouentur.
1798 220 1850 305 rus

126 373 208 427 Vens.
223 375 250 428 d.
273 373 397 430 -Nunc
415 387 488 441 erpo.
513 371 663 444 Significat
683 375 863 438 Artaxerxes,
893 371 982 443 quid
1001 371 1165 427 Dominoet
1187 387 1260 444 opus
1278 372 1373 444 ipsum
1382 374 1572 445 complerent,
1583 372 1703 430 etbonis
1720 373 1850 430 omnibns

22 493 25 497 ⁴
89 461 208 518 domum
223 461 275 516 llai
289 467 320 515 et
333 461 475 516 civitatem
489 460 789 527 edisserentem
807 461 943 532 quicoo-
997 460 1188 516 abundarent.

91 550 241 606 structioni
277 549 407 605 Ecclesiae
445 555 549 604 sanctae
581 549 667 605 motis
694 549 942 620 persecutionibus
1033 551 1118 621 (Bnoa
1131 550 1180 604 ubi
1196 549 1305 620 supro.)
1332 550 1422 604 Nemo
1447 550 1525 622 quod
1557 552 1682 623 Aggsens
1710 549 1780 606 dicit
1801 552 1852 607 sub

91 639 300 705 contradicunt,
327 638 402 693 inter
416 654 488 710 quas
502 637 626 692 Ecclesia
648 639 769 692 maxime
784 644 943 708 martyrum
998 638 1083 694 llario
1098 655 1164 709 rege
1176 640 1254 710 jacta
1271 654 1331 694 esse
1346 638 1448 709 templi
1467 639 1667 705 fundamenta,
1687 642 1756 706 etc,
1770 654 1853 711 usque

92 728 212 784 uictoria
234 726 342 782 tloruit.
368 727 469 782 Darius
499 732 596 781 autem
611 726 689 797 piam
703 727 819 781 illorum
842 741 943 797 regam
997 725 1035 780 od
1057 725 1212 797 aliquando
1236 726 1391 798 separatim
1417 726 1471 781 sub
1490 727 1607 782 nomios
1631 727 1853 800 gazophylacio-

93 817 284 884 dcvotiouem‚
301 816 350 887 qui
380 816 478 887 agnita
491 815 560 871 tidei
573 815 740 871 Christiane
760 815 866 886 pietate
887 830 944 869 non
997 830 1072 882 rom,
1096 817 1139 869 rel
1165 814 1344 881 exedrarum,
1365 816 1409 870 vel
1437 816 1613 886 porticuum,
1630 816 1675 871 rel
1694 817 1853 886 atriorum

92 905 235 969 resistere,
251 905 299 959 sed
322 903 380 959 suis
403 903 525 959 decretis
548 919 613 958 eam
634 905 769 976 adjurare
794 903 943 971 curabant,
997 903 1074 958 unde
1090 921 1099 957 ε
1116 903 1170 970 Qui
1191 906 1270 959 statis
1291 906 1321 958 in
1340 903 1418 959 domo
1445 907 1564 968 Domini,
1592 907 1623 960 in
1650 907 1733 962 atriis
1759 905 1853 961 domus

93 993 229 1064 equibus
245 993 329 1047 multi
344 992 504 1047 interdictis
529 993 775 1063 persecutionibus
801 992 942 1063 priorum,
998 991 1052 1046 Dei
1065 993 1154 1046 nostri
1168 992 1249 1055 (Psoi.
1266 993 1386 1059 cxxxnr).

95 1084 204 1154 seipsos
228 1097 294 1136 cum
318 1081 453 1152 subjectis
475 1081 592 1152 populis
616 1080 745 1152 ejusdem
760 1080 828 1136 ildei
851 1096 943 1135 sacre·
1032 1083 1069 1136 Et
1095 1083 1262 1136 Artaxerxe.
1290 1079 1436 1145 Quaeritur
1464 1080 1623 1152 quomodo,
1649 1080 1774 1152 jubente
1797 1084 1852 1137 Ar·

94 1171 198 1228 mentis
213 1169 372 1226 consecrari
395 1171 546 1225 voluerunt
562 1187 568 1225 ι
585 1169 689 1241 quibus
719 1169 791 1224 bene
813 1170 946 1223 convenit
998 1173 1124 1236 taxerxe,
1146 1169 1257 1224 dicator
1282 1169 1386 1223 domos
1401 1174 1572 1238 constructa,
1589 1186 1654 1225 cnm
1672 1169 1771 1225 statim
1786 1170 1853 1226 snb·

93 1260 172 1333 quod
198 1259 299 1315 Darius
327 1259 458 1329 adjungit
488 1274 494 1313 :
524 1258 577 1316 Sed
603 1274 621 1312 o
646 1273 688 1312 me
713 1262 878 1327 preceptum
905 1261 945 1312 est
995 1257 1130 1329 jungitur
1147 1274 1221 1325 eam,
1239 1263 1376 1328 regnante
1397 1256 1489 1312 adhuc
1504 1258 1598 1326 llario,
1614 1258 1703 1313 luisse
1727 1259 1854 1331 comple·

15 1414 22 1421 ⁵
93 1349 176 1421 quod,
192 1353 256 1410 etc..
271 1348 340 1413 Quis
355 1346 579 1418 enimexplioare
594 1347 840 1417 valeatquantum
852 1345 944 1400 Eccle-
998 1351 1058 1402 um
1080 1352 1108 1401 et
1137 1347 1306 1414 dedicatam,
1330 1346 1387 1400 nisi
1412 1346 1484 1400 forte
1506 1346 1682 1402 credendum
1706 1347 1852 1402 estetiam

93 1437 136 1493 sia
152 1437 322 1491 liberalitate
337 1451 439 1507 regum
457 1434 556 1506 adjuta
569 1435 605 1489 sit
619 1441 649 1489 et
661 1432 854 1505 locupletata‘l
999 1438 1193 1504 Artaxerxem,
1208 1436 1295 1489 misso
1320 1450 1390 1489 euro
1414 1438 1443 1489 et
1456 1440 1585 1505 argento,
1599 1435 1721 1506 jussisse
1737 1451 1746 1491 z
1767 1435 1817 1490 ubi
1829 1435 1854 1490 si

128 1527 211 1580 Vens.
224 1527 250 1580 8.
267 1555 302 1564 -
318 1526 352 1580 Ut
366 1524 399 1579 de
412 1539 488 1580 orco.
505 1525 605 1596 (Bene,
627 1523 710 1592 ibid.)
727 1524 766 1577 lle
789 1537 855 1577 arca
870 1520 945 1592 regis
1000 1524 1070 1595 quid
1081 1525 1177 1579 minus
1193 1524 1222 1579 in
1237 1523 1357 1579 aedilicio
1373 1524 1416 1579 rel
1428 1530 1530 1578 ornatu
1541 1522 1645 1594 templi
1660 1524 1705 1578 vel
1718 1538 1853 1579 rasorum

94 1614 131 1670 ad
146 1630 219 1684 opos
234 1614 284 1669 Dei
297 1616 427 1684 sumptus
446 1611 622 1680 tribuuntur,
644 1616 712 1679 etc,
725 1625 810 1680 usque
825 1610 863 1664 ad
876 1609 944 1681 quid
966 1654 985 1708 B
1001 1618 1075 1668 esset
1088 1613 1276 1685 completum,
1291 1611 1489 1684 perficeretur.
1513 1613 1584 1667 Nam
1600 1612 1689 1666 Esdra
1703 1612 1774 1667 illuc
1787 1628 1854 1684 pro-

93 1703 225 1774 Cyrillus,
241 1702 311 1774 quid
332 1702 466 1768 loannes,
483 1700 553 1771 quid
570 1699 666 1754 ceteri
679 1700 768 1754 sancti
785 1698 940 1753 dixerunt:
999 1706 1129 1772 perante,
1141 1701 1335 1771 scriptumest
1348 1699 1514 1772 qnodidem
1528 1715 1578 1754 rex
1593 1698 1855 1772 comprincipibus

95 1791 230 1846 edoctum
258 1806 314 1845 sea
346 1788 509 1843 senioribus
537 1788 714 1855 ludreoram,
737 1787 767 1842 id
791 1793 835 1843 est
855 1786 945 1841 contl-
999 1790 1045 1844 rel
1058 1789 1229 1844 consiliariis
1252 1789 1311 1843 suis
1324 1788 1484 1859 plurimum
1510 1788 1574 1843 aori
1592 1794 1621 1844 et
1636 1787 1751 1860 argenti
1762 1793 1791 1843 et
1804 1804 1856 1843 ra·

94 1879 219 1934 tentiam
236 1882 264 1934 et
282 1877 463 1933 laudantium
478 1879 567 1932 Deum
578 1876 719 1948 probavit.
1000 1893 1098 1934 sorum
1114 1877 1225 1932 miserit
1240 1877 1276 1932 ad
1292 1877 1442 1949 templum.

136 1968 244 2024 Vitutos
270 1971 296 2021 et
324 1980 418 2032 opnos.
443 1966 506 2038 (lo,
529 1967 611 2036 ibid.)
633 1967 698 2020 lloec
722 1963 858 2019 animalia
881 1979 946 2035 quas
1037 1968 1118 2021 Vens.
1136 1968 1178 2022 lb.
1195 1996 1229 2006 -
1249 1964 1348 2022 Mensis
1373 1964 1576 2037 edomuisse,
1593 1964 1782 2036 ibid.)Cujus
1795 1970 1853 2020 ter·

95 2055 204 2109 munda
231 2058 306 2117 sunt,
339 2057 404 2123 etc,
431 2054 733 2125 usqueadquiqoida
757 2053 827 2107 viris
856 2053 947 2107 Eccle-
999 2054 1041 2111 tia
1055 2055 1102 2110 die
1117 2054 1219 2110 domus
1234 2054 1376 2124 completa
1390 2059 1444 2121 est,
1460 2054 1643 2124 usqueadin
1657 2054 1765 2126 quibus
1778 2053 1853 2109 emi·

95 2143 146 2199 sie
160 2142 274 2199 salubre
287 2141 429 2209 didicerit,
444 2147 536 2197 toturn
558 2143 588 2197 in
604 2142 734 2196 divinum
762 2142 872 2196 cultum
890 2140 945 2195 im·
1000 2144 1132 2200 nentiora
1144 2149 1247 2197 cuncta
1258 2143 1338 2198 luere
1354 2143 1504 2214 completa.

95 2232 206 2305 pendit.
1036 2233 1098 2304 (lm,
1109 2231 1188 2301 ibid.)
1202 2231 1354 2302 Templum
1371 2246 1437 2284 vero
1459 2246 1625 2303 quanquam
1646 2230 1769 2286 electam
1791 2230 1852 2286 ani·

131 2322 212 2376 Vsus.
248 2323 274 2375 9.
304 2348 339 2361 -
366 2319 519 2374 Secundum
544 2320 639 2375 ritum.
655 2318 710 2384 Qui
733 2323 801 2372 tunc
832 2322 946 2372 uotum
1001 2337 1078 2377 mam
1101 2319 1242 2391 significat
1256 2325 1375 2391 propter
1389 2318 1597 2374 inhabitantem
1621 2318 1652 2373 in
1667 2335 1697 2374 se
1711 2318 1851 2390 Spiritum

95 2415 163 2466 uota
178 2408 358 2464 offerentiam
383 2412 498 2478 accepta
520 2411 615 2470 arant,
638 2421 704 2460 cum
728 2406 946 2461 secandumca-
1001 2409 1115 2478 christi,
1130 2413 1201 2476 otc.,
1219 2407 1851 2479 usqueedasopariorequoqoaintertium
1901 2439 1904 2443 ·

95 2498 209 2555 tholice
231 2496 309 2568 pacis
331 2495 420 2550 ritum
443 2494 616 2563 offerentum
639 2510 704 2566 queo
727 2499 823 2549 antem
847 2492 947 2563 gentili
999 2504 1194 2571 penetramus,
1211 2514 1275 2552 curo
1288 2496 1496 2552 beatitudinem
1511 2496 1672 2551 animarum
1689 2496 1778 2551 etiam
1794 2511 1852 2551 cor·

95 2585 298 2658 superstitione
317 2585 362 2640 vel
378 2583 511 2639 heretice
534 2583 672 2656 permista
695 2588 773 2650 sunt,
797 2583 874 2638 bona
888 2598 947 2638 non
999 2604 1103 2661 porum
1118 2587 1329 2642 immortalium
1344 2585 1526 2657 perceptione
1541 2586 1735 2641 cumulemus.

96 2681 174 2731 suut.
1036 2678 1117 2731 Vens.
1138 2679 1178 2730 16.
1196 2707 1229 2716 ——
1255 2677 1386 2731 Fecerunt
1409 2679 1509 2729 autem
1535 2674 1634 2728 llerito
1659 2671 1852 2744 gaudentlilii

132 2765 212 2818 Vens.
231 2765 274 2818 lo.
295 2790 331 2805 —
347 2762 491 2830 orentque.
513 2760 676 2816 Secundum
696 2758 769 2814 illud
795 2757 945 2830 Apostoli:
1001 2762 1273 2833 transmigrationis,
1298 2767 1365 2829 etc.,
1384 2761 1525 2830 usquead
1544 2762 1613 2831 qaia
1626 2776 1728 2815 omnes
1741 2759 1852 2815 ordines

96 2853 209 2911 Obsecro
222 2866 285 2921 erpo
302 2853 392 2921 primo
416 2851 534 2905 omnium
557 2851 618 2919 iteri
635 2849 830 2904 obsecrationes
844 2853 870 2902 et
884 2862 946 2902 oro·
1000 2851 1133 2906 Ecclesia
1148 2850 1339 2905 reconciliatis
1361 2865 1413 2921 pcr
1436 2849 1637 2920 penitentiam
1655 2848 1852 2920 peccatoribus

98 2944 192 3008 tientes,
213 2940 408 3010 postulationes
431 2940 638 3006 gratiarumque
652 2939 771 2992 actiones
792 2951 848 3007 pro
862 2937 946 2991 omni·
963 2936 984 2993 C
1003 2940 1140 3012 gaudent.

98 3030 146 3085 bus
161 3029 322 3093 bominibus,
335 3042 387 3098 pro
402 3028 520 3096 regibus,
538 3030 563 3082 et
576 3026 699 3081 omnibus
718 3027 767 3097 qui
781 3027 810 3080 tn
824 3025 948 3080 sublimi·
1039 3028 1119 3083 Vens.
1136 3031 1180 3081 ll.
1195 3028 1279 3082 -Et
1299 3026 1462 3080 obtulerunt.
1486 3025 1615 3081 Otlerunt
1629 3025 1660 3080 in
1675 3024 1852 3081 dedicatione
1890 3062 1896 3075 .

97 3122 153 3174 tote
164 3122 228 3172 sunt
243 3117 269 3185 (l
287 3117 355 3171 Tim.
374 3114 414 3187 ιι).
1001 3115 1119 3180 hostias,
1136 3131 1203 3170 cum
1226 3130 1277 3185 pro
1301 3115 1459 3169 errantium
1474 3113 1658 3168 conversione
1676 3115 1735 3168 lico
1750 3112 1852 3184 gratias

134 3206 218 3261 Vrsa.
241 3209 283 3259 ll.
300 3233 334 3245 -
358 3206 383 3258 A
403 3219 444 3258 me
462 3217 535 3271 erqo.
559 3201 730 3258 Gravissima
751 3216 837 3271 prena
860 3199 950 3255 voluit
1002 3209 1101 3276 agunt,
1117 3219 1183 3259 otim
1199 3203 1283 3258 multi
1295 3208 1448 3274 conspecte
1463 3202 1615 3258 devotione
1629 3218 1732 3256 eorum
1746 3202 1781 3257 ad
1797 3218 1852 3256 ma-

99 3309 165 3349 sam
194 3292 296 3364 punire
322 3291 372 3362 qui
396 3290 544 3346 decretum
557 3295 692 3355 mutaret,
714 3289 819 3344 damno
841 3287 950 3342 scilicet
998 3290 1064 3362 jora
1078 3308 1108 3346 se
1134 3292 1272 3347 virtutum
1292 3307 1379 3363 opera
1394 3292 1555 3363 accingunt,
1582 3306 1619 3345 ne
1634 3291 1693 3345 sint
1707 3290 1851 3362 segniores

100 3380 315 3450 omniumque
337 3377 456 3433 haberet
479 3382 507 3432 et
530 3377 635 3432 animes
659 3392 728 3443 suae,
750 3391 837 3448 quam
861 3374 949 3430 ctiam
1002 3380 1043 3435 eis
1056 3380 1088 3434 in
1107 3381 1264 3451 operando,
1281 3382 1386 3452 quibus
1401 3380 1613 3436 innocentiores
1625 3380 1745 3435 luerunt
1760 3379 1851 3433 minus

99 3465 180 3538 ligno
192 3464 321 3521 confixus
334 3467 421 3537 longo
433 3467 558 3521 cruciatu
573 3466 727 3521 amitteret.
1002 3468 1157 3540 peccando.
1172 3469 1252 3524 ldulti
1274 3469 1360 3524 etiam
1376 3470 1427 3540 qui
1445 3470 1475 3524 in
1496 3468 1554 3524 lida
1566 3472 1787 3540 precesserunt,
1802 3468 1851 3523 ler-

88 3602 90 3606 .
136 3555 251 3627 Hystica
274 3559 368 3609 autem
390 3570 479 3626 opera
505 3558 604 3608 nostra
626 3553 713 3624 lignis
734 3556 948 3623 comparantur,
1002 3557 1131 3612 vendere
1144 3557 1317 3611 novitiorum
1331 3557 1425 3612 studia
1438 3558 1620 3613 emulantur.

100 3643 175 3699 bona
194 3642 358 3708 fructiferis,
379 3658 466 3715 prava
489 3648 586 3697 antem
608 3641 742 3696 salicibus
767 3646 796 3696 et
817 3640 950 3695 incendio
1038 3648 1133 3702 Hireos
1158 3660 1317 3715 comarum.
1333 3645 1410 3700 llirci
1433 3646 1464 3701 in
1479 3646 1531 3700 hac
1544 3645 1603 3700 vita
1621 3644 1786 3701 offeruntur
1802 3660 1850 3716 pro

101 3733 206 3802 dignis,
230 3732 398 3803 tolliturque
412 3732 526 3803 lignum
545 3730 580 3787 do
607 3731 694 3786 domo
710 3731 783 3802 ejus,
799 3729 849 3800 qui
869 3728 949 3784 holo·
1003 3740 1131 3808 peccato,
1155 3751 1221 3790 com
1245 3735 1327 3789 electi
1343 3736 1401 3790 lieo
1423 3735 1594 3806 supplicant,
1619 3741 1650 3791 ot
1664 3735 1852 3791 liberentura

101 3829 205 3883 caustis
221 3827 337 3884 Domini
350 3828 525 3890 contradicit,
554 3826 727 3897 sterigitur,
749 3830 778 3880 et
798 3825 858 3896 ipse
872 3825 902 3880 in
916 3841 950 3880 eo
1003 3824 1149 3897 peccatis:
1174 3823 1334 3878 olleruntur
1363 3824 1393 3878 in
1416 3823 1524 3891 loturo,
1548 3839 1612 3878 oum
1637 3824 1746 3894 gratias
1767 3826 1852 3895 agunt

101 3917 264 3989 configitur,
279 3933 345 3973 eum
367 3933 456 3988 opera
480 3931 581 3972 eorum
605 3915 654 3988 qai
668 3915 732 3986 paci
756 3914 887 3970 Ecclesia
901 3929 950 3968 re-
1004 3913 1054 3986 qui
1077 3912 1189 3967 liborati
1216 3919 1294 3980 sunt,
1319 3911 1440 3983 ideoque
1460 3911 1662 3967 misericordias
1694 3911 1805 3967 bomini
1826 3914 1852 3966 in

101 4011 232 4079 pugnant
249 4006 384 4061 omnibus
398 4005 559 4073 manifeste,
586 4020 675 4077 qoam
701 4004 757 4059 sint
782 4003 898 4058 inutilia
922 4007 952 4057 et
1002 4006 1132 4058 niernum
1159 4000 1307 4055 cantabunt
1340 4001 1423 4070 (Psoi.
1454 3998 1600 4070 anxsrn);
1637 4001 1706 4071 quia
1744 4014 1852 4072 semper

102 4110 235 4167 perversa
248 4099 399 4166 patescunt
415 4111 422 4148 z
439 4099 467 4148 et
485 4093 541 4165 ipsi
556 4093 587 4148 in
598 4094 639 4147 sis
655 4109 712 4146 non
724 4093 788 4147 vitae
801 4091 948 4163 gaudium,
1003 4089 1123 4145 miseros
1138 4105 1167 4143 se
1180 4089 1267 4144 luisse
1282 4093 1311 4143 et
1333 4089 1410 4142 dono
1438 4089 1500 4159 ejus
1520 4087 1653 4143 liberatus
1668 4104 1730 4144 essa
1746 4104 1850 4144 memo·

103 4183 152 4237 sed
173 4182 274 4237 mortis
303 4182 437 4253 laqueum
468 4180 621 4251 acquisisse
651 4179 818 4249 probantur.
843 4179 950 4233 Domus
1007 4179 1125 4234 rabant.

103 4285 218 4344 quoque
249 4269 351 4326 mltum
380 4269 553 4340 publicatur,
584 4268 614 4323 id
640 4272 692 4337 est,
720 4266 834 4339 publico
862 4267 988 4322 consul)
1039 4267 1091 4321 Pro
1114 4269 1232 4336 peccato.
1263 4266 1318 4320 Pro
1345 4268 1460 4335 peccato
1475 4263 1560 4319 stiam
1580 4262 1669 4318 totins
1688 4264 1777 4320 lsrael
1791 4264 1852 4320 olle

102 4360 317 4432 proscribitur:
341 4374 407 4412 cum
428 4373 548 4427 corpora
578 4372 677 4412 eorum
704 4372 770 4410 cum
789 4355 895 4428 quibus
919 4355 950 4410 in
1003 4357 1082 4421 runt,
1102 4354 1170 4426 quia
1183 4358 1297 4423 oportet
1318 4352 1358 4406 sic
1373 4368 1422 4407 sos
1444 4351 1494 4423 qui
1508 4351 1659 4407 nobiscum
1673 4358 1753 4416 sunt,
1775 4352 1853 4408 bonis

103 4449 156 4503 hac
171 4448 229 4503 vita
240 4449 451 4513 remanserunt,
468 4447 498 4499 in
514 4445 720 4500 resurrectione
741 4449 880 4516 perpetuo
894 4461 949 4516 pu·
1004 4443 1113 4510 farere;
1137 4443 1177 4496 sic
1199 4441 1314 4496 illorum
1329 4441 1405 4495 bone
1424 4439 1575 4507 imitando,
1591 4445 1690 4494 nostra
1705 4439 1811 4506 tacere,
1825 4443 1854 4494 ut

104 4536 209 4591 nienda
229 4539 374 4590 tormento
394 4534 476 4588 seris
491 4533 677 4601 exactoribus,
694 4533 850 4589 immundis
865 4533 949 4606 spiri·
1005 4531 1091 4587 etiam
1106 4546 1159 4601 pro
1186 4535 1262 4584 stetu
1285 4529 1371 4584 totius
1393 4528 1521 4583 Ecclesia
1541 4527 1695 4584 Dominum
1720 4528 1854 4599 deprece-

21 4686 26 4691 ,
103 4624 179 4680 tibus
197 4623 227 4678 in
242 4627 381 4694 potestate
395 4621 559 4676 traduntur.
1005 4636 1081 4676 mur.
1099 4619 1177 4674 Unda
1201 4618 1233 4673 in
1257 4618 1387 4673 oratione
1411 4616 1560 4671 [lominica
1578 4632 1664 4671 nemo
1680 4615 1736 4671 sibi
1750 4616 1853 4688 specie·

140 4712 219 4766 vees.
236 4713 278 4765 li.
300 4738 332 4750 -
348 4711 421 4764 Deras
435 4714 534 4765 cutem
563 4711 712 4765 Decretum
736 4726 822 4765 soom
847 4709 951 4765 divinae
1006 4711 1071 4765 liter
1085 4708 1194 4778 aliquid
1210 4707 1294 4779 petit,
1314 4706 1363 4762 sed
1377 4705 1513 4761 omnibus
1527 4704 1578 4776 qni
1594 4704 1730 4759 eumdem
1746 4706 1855 4760 Patrem

104 4797 243 4868 potentiae
257 4796 424 4853 confirmari
445 4797 597 4866 desiderat,
613 4798 717 4869 etipse
733 4802 763 4852 ut
777 4799 864 4852 homo
878 4803 952 4852 tem·
1005 4798 1112 4854 habent
1127 4797 1157 4851 in
1178 4797 1265 4852 coelis.
1295 4796 1376 4863 ltem,
1405 4793 1545 4850 edificeto
1574 4794 1694 4864 templo,
1719 4792 1855 4849 dedicatio

103 4886 197 4957 porali
210 4901 301 4957 regno
326 4886 464 4958 praeditus
487 4902 539 4958 pro
555 4902 625 4958 pace
644 4887 748 4942 domus
772 4886 822 4941 llei
839 4885 951 4955 publica
1007 4885 1146 4958 seqnitur,
1168 4901 1234 4939 cnm
1248 4884 1391 4954 completa
1411 4882 1442 4936 in
1455 4882 1512 4937 liae
1539 4881 1637 4935 saecoli
1666 4897 1782 4937 summa
1805 4881 1855 4936 ele

106 4973 169 5045 lege
184 4975 282 5030 omnia
296 4991 361 5046 quae
384 4979 481 5046 potest
502 4974 577 5029 lacit.
593 4975 675 5039 Quod
699 4989 776 5028 nunc
791 4989 906 5046 quoque
921 4974 953 5029 in
1006 4979 1116 5030 ctorem
1134 4973 1281 5045 perveniet
1295 4972 1331 5027 ad
1349 4970 1470 5043 gratiam
1487 4970 1646 5026 eoelestinm
1661 4971 1853 5040 premiorum.

106 5061 228 5118 Ecclesia
247 5064 366 5132 geritur,
382 5079 448 5119 cum
476 5068 598 5118 terrente
629 5068 783 5133 potestates
809 5063 843 5116 ad
866 5063 953 5117 fidem
1007 5063 1038 5118 io
1057 5079 1114 5134 qua
1139 5061 1238 5117 hostire
1253 5060 1412 5115 offeruntur
1428 5075 1434 5114 :
1453 5059 1489 5114 da
1508 5058 1614 5130 quibos
1628 5059 1731 5113 eadem
1747 5058 1855 5123 domus,

107 5166 249 5206 conversas
274 5168 326 5222 pro
350 5157 425 5207 statu
451 5152 582 5207 Ecclesiae
604 5152 720 5224 publica
742 5151 835 5206 edicta
852 5167 955 5222 propo·
1009 5151 1037 5206 id
1052 5155 1095 5205 est
1110 5150 1240 5211 Ecclesia,
1266 5154 1331 5221 post
1353 5146 1547 5218 captivitatem
1571 5145 1702 5201 mortalis
1723 5160 1855 5202 aeramnae

106 5242 190 5308 ntrnt,
211 5244 240 5294 et
265 5240 339 5295 banc
365 5240 486 5296 Domino
511 5241 630 5312 jurante
652 5245 682 5296 et
701 5240 832 5295 inimicos
855 5239 955 5295 debel·
1009 5239 1182 5295 reedificata
1205 5254 1257 5309 per
1283 5237 1405 5310 gloriam
1423 5234 1648 5290 immortalitatis
1664 5234 1758 5292 dicit:
1775 5238 1856 5291 Diru-

105 5328 183 5382 lants
199 5327 341 5399 placidam
354 5340 454 5400 pacem
469 5345 584 5401 semper
597 5329 843 5400 haberscupiunt.
874 5318 876 5323 ’
1008 5331 1086 5400 pisti,
1102 5330 1222 5397 Domine,
1250 5326 1361 5382 uinculo
1386 5340 1456 5390 meo,
1482 5325 1533 5379 tibi
1557 5323 1719 5393 sacrificabo
1745 5325 1857 5379 bostiam

143 5416 225 5471 Vses.
244 5418 287 5471 14.
304 5447 338 5457 -
351 5420 438 5472 lucto
455 5419 637 5488 prophetiam.
664 5418 855 5473 Proediieraot
866 5415 955 5484 enim,
1012 5417 1103 5473 medis
1118 5417 1203 5488 (Psoi.
1229 5414 1298 5486 cxv).
1314 5415 1347 5468 Et
1368 5413 1436 5485 qnia
1450 5412 1612 5467 offeruntur
1625 5426 1684 5466 non
1699 5412 1795 5467 solum
1808 5426 1857 5482 pro

108 5503 179 5576 qaia
191 5503 215 5560 si
240 5503 408 5560 aedillcaudo
429 5508 538 5579 templo
554 5506 729 5576 insisterent,
752 5522 821 5562 mox
833 5505 957 5563 donante
1012 5504 1094 5561 donis
1115 5504 1265 5572 virtutum,
1281 5502 1333 5558 sed
1357 5505 1387 5558 et
1400 5516 1453 5574 pro
1466 5498 1622 5555 mundanis
1633 5499 1765 5556 sordibus
1780 5499 1859 5556 ritio-
