3892 6106
46 206 48 210 ι
94 253 160 306 titt
404 250 604 307 wstsratnt
622 248 746 306 statut
765 250 863 305 nuto.
884 251 966 306 uoti.
988 249 1068 306 OPP.
1085 250 1174 306 PARS
1192 251 1213 306 Ι.
1227 279 1262 291 -
1281 249 1508 308 THEOLOGICA.
1783 255 1845 310 ttts

90 370 336 442 tur,quialluxas
353 371 541 440 cogitationes
569 370 599 425 in
624 370 758 427 cordibus
786 368 976 425 hominurnlt
1031 372 1111 428 Vens.
1128 362 1404 429 5s-Ducubara.
1435 375 1648 447 llultisttguris
1676 378 1782 434 eadem
1799 379 1844 433 Ec·

92 461 152 516 auis
189 461 440 534 praedicationibus
467 459 656 531 restringunt,
685 476 722 515 ne
750 458 882 514 diltluant
909 462 939 512 et
991 459 1085 515 clesiae
1099 461 1235 532 mysteria
1256 467 1441 533 rspetnutor;
1457 464 1646 536 sedrepetita
1668 466 1740 522 nori
1767 482 1844 522 scau

88 549 183 605 cordis
225 551 322 605 oculos
354 553 496 620 premant.
521 550 656 606 coccinea.
695 547 767 612 Quia
796 544 936 602 Dominici
991 564 1043 620 per
1054 548 1162 619 aliquid
1177 549 1309 618 atterunt,
1325 557 1354 606 et
1369 567 1420 622 per
1439 551 1529 624 ipsam
1547 554 1707 610 novitatem
1735 555 1844 611 animos

92 637 248 710 sanguinis,
265 654 322 709 qno
345 638 546 707 redemptaest
561 636 694 702 Ecclesia,
712 636 837 708 pretium
863 651 937 708 prce·
991 637 1170 693 audientium
1198 641 1323 710 amplius
1346 641 1497 697 delectant.
1528 644 1585 699 Duo
1629 642 1724 714 igitur
1749 644 1842 710 ubera,

94 728 189 782 dicare
203 742 261 781 nou
288 727 452 781 cessatzvel
476 727 545 798 qiiia
570 726 737 797 pradicatio
756 730 853 780 sancta
873 725 938 779 cba-
991 727 1195 798 praedicatores
1221 730 1255 782 de
1270 728 1382 783 duobus
1398 731 1524 800 populis,
1540 731 1590 802 qui
1612 734 1686 786 ocuti
1709 732 1843 787 dicuutur

90 815 297 871 ritatisardore
312 814 489 870 flammescit.
506 816 663 870 Eabtatua.
696 815 800 868 Dentes
818 813 868 884 qui
893 818 937 866 te·
991 815 1060 886 quia
1075 816 1358 887 occultaproficiunt.
1378 821 1483 885 Dentes,
1508 819 1577 890 quia
1605 819 1758 892 improbos
1780 837 1840 874 cor·

92 903 332 974 runt:labiqnae
351 905 571 977 tritaaperiuut.
589 906 733 973 Eloquium
753 909 828 958 tuum
849 902 935 956 dulce.
992 904 1100 974 rigant,
1121 909 1149 959 et
1175 905 1206 958 in
1231 922 1334 976 corpus
1366 907 1497 962 Ecclesiae
1527 907 1698 978 traJ'iciunt:
1729 909 1841 978 mass,

93 993 257 1063 Dumque
278 992 522 1048 dicuntlaciunt:
544 1009 609 1048 suas
634 991 855 1063 praedicationes
884 990 937 1044 ho·
992 992 1060 1062 quia
1091 992 1206 1047 vitalem
1238 994 1352 1061 ilatum,
1375 999 1483 1050 aterna
1512 995 1617 1066 gaudia
1644 996 1839 1068 praedicando,

90 1080 216 1135 minibus
231 1081 313 1151 quasi
328 1081 441 1151 sapidas
455 1097 533 1135 escas
548 1085 707 1152 apponunt.
722 1081 801 1134 Sicut
812 1081 938 1146 fragmen
991 1081 1166 1149 ministrant,
1192 1087 1221 1137 et
1234 1082 1312 1136 cibos
1327 1083 1474 1138 doctrina.
1505 1086 1592 1147 Ubera
1607 1084 1678 1156 quia
1704 1084 1749 1140 lac
1774 1100 1840 1155 par·

88 1169 156 1222 muli
183 1171 288 1237 punici,
314 1171 355 1222 ilo
378 1185 460 1237 pense,
489 1170 520 1222 ln
547 1169 640 1222 colrire
668 1167 793 1247 exterius
812 1168 936 1236 puniceo,
991 1170 1064 1224 vulis
1075 1169 1106 1224 in
1120 1169 1223 1225 Christi
1239 1170 1404 1237 infundunt,
1421 1172 1470 1243 qui
1494 1178 1560 1227 sunt
1588 1174 1702 1228 trinitati
1728 1189 1839 1243 caprea,

90 1253 938 1328 uoluntasmartyrii:inalbisgrauis(qnmcorticetracto
991 1259 1059 1330 qnia
1093 1264 1186 1326 acuto,
1210 1274 1275 1330 qua
1306 1264 1374 1314 sunt
1394 1261 1515 1330 agenda,
1543 1260 1725 1330 discernunt,
1752 1261 1840 1316 veloci

90 1344 240 1412 ridentur),
255 1346 364 1400 candor
377 1345 515 1400 virtutum
530 1362 537 1400 :
554 1345 604 1416 qni
619 1350 750 1416 augetur,
778 1343 846 1398 dum
870 1358 937 1397 caro
990 1361 1077 1402 cursu
1091 1346 1267 1417 operationis
1281 1347 1318 1405 de
1333 1348 1404 1402 valle
1423 1349 1618 1419 laerymarum
1644 1349 1773 1403 arctant
1789 1349 1837 1406 tis·

89 1434 236 1489 colliditur
250 1451 257 1489 :
269 1435 375 1489 candor
392 1435 488 1497 ctiam,
505 1450 570 1489 cnm
595 1434 716 1504 impleta
730 1432 863 1504 passione
884 1429 936 1484 mi·
991 1434 1075 1500 melli,
1090 1434 1159 1506 qnia
1173 1434 1303 1490 eamdem
1320 1435 1417 1502 tidem,
1447 1437 1547 1492 eadem
1570 1441 1753 1492 sacramenta
1768 1453 1839 1508 prae·

89 1523 192 1577 racnlis
210 1523 312 1578 nitent.
333 1524 364 1578 lu
385 1526 460 1591 pertis
482 1523 661 1589 verecundia,
691 1521 721 1577 iu
750 1520 937 1590 malopuuica
992 1522 1111 1578 dicant:
1142 1523 1191 1595 qui
1206 1539 1241 1578 ne
1266 1523 1309 1578 lac
1334 1523 1412 1595 quod
1434 1530 1556 1595 erogant
1583 1524 1613 1579 in
1643 1524 1688 1579 eis
1716 1524 1839 1592 deliciet,

89 1613 184 1685 passio
197 1613 313 1669 Christi.
331 1613 421 1669 Habet
435 1629 504 1685 ergo
517 1613 653 1668 roborem
676 1610 800 1666 Ecclesia
828 1609 859 1665 in
886 1624 934 1679 ge·
951 1649 972 1704 B
991 1615 1147 1681 pascuntur
1162 1610 1280 1666 tionibus
1296 1610 1507 1682 scripturarum
1522 1616 1552 1667 et
1570 1611 1712 1682 exemplis
1733 1615 1839 1666 saneto

90 1702 143 1767 uis,
158 1717 224 1757 cum
240 1707 451 1757 sacramentum
480 1701 636 1756 nomisios
662 1699 804 1772 passionis
832 1698 937 1753 latetur
991 1714 1056 1755 rum
1072 1715 1105 1757 ea
1118 1715 1233 1771 semper
1243 1700 1405 1755 recolendo.
1420 1704 1477 1756 Duo
1492 1701 1611 1755 hinnuli.
1635 1700 1700 1755 Duo
1727 1701 1838 1771 populi,

90 1789 196 1860 verbis,
210 1794 240 1844 et
251 1788 376 1844 ostendit
388 1789 542 1843 modorum
554 1804 619 1843 cnm
649 1789 763 1859 pulsata
784 1785 934 1858 pressuris,
991 1788 1041 1859 qni
1057 1804 1108 1860 per
1120 1788 1313 1844 humilitatem
1333 1804 1437 1860 parvos
1451 1794 1480 1844 et
1498 1804 1528 1845 se
1542 1793 1710 1861 peccatores
1732 1789 1839 1845 intelli-

91 1878 249 1932 castitatem
264 1877 330 1948 pnri
346 1877 439 1931 cordis
451 1877 562 1949 probat,
588 1881 617 1931 ct
635 1875 726 1942 tactis,
741 1874 810 1947 quid
836 1872 937 1945 gratia
990 1883 1074 1949 gunt,
1114 1877 1163 1932 sed
1189 1877 1328 1932 charitate
1368 1881 1527 1946 curreutes,
1559 1878 1659 1933 omnia
1691 1878 1837 1935 obstacula

91 1965 224 2020 salutaris
242 1982 309 2021 crox
326 1965 430 2020 babeat
456 1964 565 2036 pandit.
589 1965 698 2034 Absque
712 1979 750 2020 eo.
777 1963 855 2019 Licet
880 1962 938 2017 sint
991 1965 1093 2020 mundi
1105 1968 1265 2028 transeunt,
1280 1969 1309 2019 et
1323 1965 1444 2020 saltibus
1453 1965 1719 2036 comtemplationis
1732 1967 1770 2022 ad
1793 1983 1838 2021 su·

92 2069 208 2122 magna,
235 2070 300 2124 quae
324 2054 448 2109 exterius
479 2057 619 2125 apparent
635 2068 641 2107 :
656 2053 766 2124 majora
791 2049 937 2106 tamenin
991 2070 1081 2126 perna
1106 2055 1310 2109 conscendunt.
1327 2055 1380 2121 Oui
1391 2060 1553 2124 pascuntur.
1569 2054 1645 2120 Onia
1673 2056 1706 2112 in
1727 2056 1774 2111 bis
1796 2073 1837 2111 re·

91 2144 202 2197 occuito
215 2143 348 2211 retinent,
363 2158 428 2214 qua
442 2140 531 2197 diuini
546 2141 622 2197 oculi
636 2141 692 2197 soli
715 2141 820 2196 rident.
847 2140 935 2194 Latet.
991 2142 1144 2198 lectionem
1157 2143 1273 2209 liabent,
1290 2144 1340 2214 qni
1353 2143 1457 2198 florent
1472 2143 1624 2199 virtutibus
1636 2145 1837 2216 etsplendent,

92 2228 434 2285 Confessionemviviticae
449 2230 540 2285 crucis
555 2234 674 2303 possunt
702 2244 801 2284 omues
827 2228 858 2282 in
891 2229 938 2282 Ec·
990 2231 1060 2286 dom
1075 2230 1169 2302 ipsum
1182 2232 1283 2299 Deum,
1299 2247 1386 2303 qoem
1399 2231 1575 2296 desiderant,
1592 2233 1689 2288 adhuc
1703 2233 1742 2288 de
1752 2232 1838 2288 vicino

90 2316 176 2371 etesia
192 2317 301 2386 audire,
321 2334 470 2389 pressuras
494 2319 625 2375 Ecclesia
652 2318 761 2385 uidere,
788 2317 831 2372 vel
850 2315 938 2371 ctiam
991 2320 1087 2376 ridere
1101 2337 1158 2375 nou
1173 2325 1304 2390 possunt.

92 2405 229 2460 miracula
253 2422 318 2478 qua
336 2406 392 2478 ipsi
418 2406 547 2462 Ecclesia
569 2412 637 2462 suot
664 2405 800 2461 divinitus
823 2405 936 2460 collata.
1028 2409 1109 2464 Vsus.
1139 2412 1165 2464 6.
1198 2439 1233 2450 -
1255 2411 1340 2465 Donec
1367 2411 1471 2479 aspiret
1491 2409 1549 2465 dies
1577 2409 1638 2464 itta.
1664 2411 1834 2481 Postquam.

94 2498 215 2566 possunt
228 2495 359 2550 infideles
373 2510 439 2549 cum
464 2495 597 2550 fidelibus
620 2494 727 2549 intueri
742 2510 750 2548 ι
764 2493 827 2564 ipsa
841 2497 938 2548 autem
992 2513 1044 2553 nec
1068 2497 1190 2553 docendi
1216 2497 1293 2553 ultra
1323 2512 1377 2553 nec
1400 2497 1528 2553 discendi
1554 2502 1673 2568 tempus
1698 2497 1767 2565 erit,
1794 2499 1838 2553 sed

92 2583 153 2637 sola
168 2583 265 2638 anima
278 2584 359 2639 nouit
380 2584 496 2657 qnando
523 2587 656 2639 tencatur
683 2597 781 2637 amore
810 2581 876 2636 vita
892 2580 937 2635 iu·
992 2585 1200 2641 consummatis
1215 2585 1350 2640 omuibus
1365 2587 1450 2657 hujus
1463 2585 1564 2641 mundi
1584 2586 1726 2652 tenebris,
1743 2602 1839 2642 omnes

92 2671 223 2740 visibilis,
253 2680 360 2744 quanto
388 2689 486 2730 amore
514 2688 584 2745 erga
604 2674 695 2728 Deum
724 2674 754 2726 et
774 2669 937 2743 proximum
992 2672 1143 2746 tnlgebunt
1157 2673 1231 2728 siout
1247 2674 1301 2728 sol.
1322 2674 1428 2729 Vadam
1439 2674 1476 2729 ad
1496 2679 1621 2729 monum.
1638 2674 1674 2729 Et
1702 2674 1774 2746 qnia
1798 2675 1839 2729 aa

93 2760 280 2816 flammescat.
991 2762 1077 2816 clesia
1106 2777 1159 2832 per
1182 2760 1372 2832 singntstalis
1386 2766 1439 2815 est.
1468 2761 1585 2827 Vadam,
1600 2760 1630 2816 id
1658 2768 1714 2829 est,
1740 2762 1839 2818 addam

126 2849 209 2905 Vsus.
229 2849 256 2904 b.
267 2878 294 2890 -
317 2849 393 2906 Sicut
405 2851 491 2905 turris
506 2848 606 2904 Dauid.
619 2848 718 2904 Turris
728 2851 770 2902 est
789 2862 936 2918 expugna·
991 2850 1126 2921 gratiam,
1151 2855 1210 2905 tam
1233 2849 1419 2904 interioribus
1436 2865 1523 2922 qnam
1540 2849 1711 2919 maioribus.
1728 2850 1837 2907 Vadam.

92 2937 159 2993 bilis
173 2937 394 3008 predicatorum
415 2938 587 2997 constantia.
608 2952 672 3007 quac
698 2935 938 2991 ad‘delendenda
953 2934 974 2989 C
992 2939 1064 3004 Quia
1079 2954 1167 2994 novas
1190 2941 1312 3010 populos
1336 2939 1465 3010 quotidie
1488 2939 1681 3009 congregabo.
1714 2940 1750 2994 Et
1777 2938 1839 3009 qnia

92 3025 306 3093 fldeiaeditlria,
322 3030 351 3082 et
376 3027 409 3082 ad
435 3025 599 3097 repellenda
627 3023 753 3080 hostium
780 3024 846 3090 tela,
875 3023 939 3078 lorti
993 3042 1087 3081 sermo
1103 3031 1146 3082 est
1160 3027 1195 3081 ad
1208 3025 1358 3081 Ecclesiam
1375 3026 1410 3081 de
1424 3026 1570 3097 gentibus,
1586 3031 1681 3096 potest
1707 3043 1769 3082 non
1796 3027 1841 3081 iu-

92 3131 181 3171 mann
206 3115 266 3184 Dei,
282 3119 311 3171 et
324 3114 507 3171 desiderabili
535 3129 602 3185 rege
629 3117 793 3168 constructa
814 3115 857 3166 est
879 3127 940 3167 cum
993 3130 1119 3187 congrue
1139 3115 1229 3169 videri
1249 3115 1391 3185 promissa
1411 3113 1521 3168 vocatio
1533 3114 1708 3186 Synagogae,
1725 3131 1793 3187 quae
1813 3115 1840 3170 in

91 3203 308 3276 propugnaculis
324 3219 332 3259 ε
347 3203 376 3258 id
390 3209 444 3269 est,
461 3218 525 3257 oiim
541 3201 703 3257 divinarum
727 3200 939 3272 scripturarum
993 3204 1051 3260 flos
1067 3202 1167 3259 muudi
1186 3207 1230 3258 est
1244 3204 1341 3258 lutura
1360 3218 1432 3258 :seu
1459 3202 1570 3257 vocatio
1599 3217 1841 3276 quarumcunque

93 3292 205 3356 notitia,
223 3292 339 3364 quaudo
355 3291 448 3362 aperit
464 3306 590 3357 sensnm,
607 3289 816 3359 utintelligaut
842 3287 940 3361 Scrip·
993 3292 1134 3364 gentium.
1167 3291 1244 3346 Unde
1272 3307 1339 3346 mox
1372 3291 1407 3347 de
1431 3289 1608 3361 amplissima
1626 3290 1842 3361 pulchritudine

94 3378 649 3450 turas.etdictispraecedeutiumsnam
665 3377 837 3431 coullrmaut
865 3392 938 3447 pra·
993 3381 1080 3436 unius
1105 3380 1293 3451 ejusdemque
1307 3379 1439 3435 Ecclesia
1453 3395 1517 3452 qum
1532 3379 1577 3434 vel
1601 3378 1638 3435 de
1669 3380 1782 3437 ludaeis
1802 3381 1841 3436 vel

93 3466 277 3534 dicationem,
288 3468 495 3537 propugnacula
510 3465 608 3532 etiam,
625 3464 829 3520 miraculorum
853 3465 939 3532 dona,
994 3470 1213 3543 quibuscunque
1237 3467 1369 3539 gentibus
1392 3484 1445 3539 per
1469 3474 1561 3522 totum
1589 3468 1692 3524 orbem
1708 3475 1755 3526 est
1777 3487 1842 3526 con·

92 3555 198 3627 quibus
221 3554 385 3624 praedicatio
405 3555 552 3610 astruitur.
594 3555 667 3610 Nam
699 3553 804 3608 sanatis
832 3552 940 3608 morbis
994 3557 1150 3630 gregando,
1166 3556 1309 3624 subditur,
1327 3556 1570 3625 rotaputctroes.

94 3643 299 3714 corporalibus,
316 3644 350 3698 ad
366 3645 488 3698 salutem
504 3643 608 3699 anima
629 3641 740 3698 facilius
763 3641 938 3714 peruenitur.
1030 3647 1110 3701 Vsus.
1131 3651 1157 3701 7.
1171 3674 1208 3688 -
1221 3648 1288 3701 Tota
1301 3646 1418 3715 putclsra
1431 3660 1468 3701 es.
1490 3646 1554 3700 Non
1567 3646 1663 3700 solnm
1678 3645 1711 3700 in
1727 3647 1843 3702 electio·

95 3733 203 3788 collum
222 3739 307 3788 tuum.
330 3733 442 3790 Collum
470 3732 664 3801 extendimus,
680 3731 796 3803 quaudo
824 3730 940 3801 longius
994 3734 1074 3790 ribus
1097 3734 1245 3800 membris,
1269 3751 1334 3806 que
1359 3734 1537 3800 enumeravi,
1567 3734 1616 3789 sed
1633 3733 1724 3790 etiam
1740 3735 1771 3790 iu
1790 3735 1843 3791 illis

93 3820 306 3894 prospicimus:
335 3822 382 3878 Sic
423 3821 635 3892 predicatores,
675 3820 793 3883 collum,
821 3824 940 3890 propter
994 3824 1044 3896 qui
1057 3822 1153 3893 pusilli
1168 3828 1198 3877 et
1212 3823 1328 3894 fragiles
1341 3823 1483 3878 videntur.

93 3909 221 3966 hostium
248 3910 282 3965 de
305 3910 389 3982 longe
413 3909 659 3981 speculationem:
686 3910 793 3974 Turris,
823 3912 940 3979 proptor
1031 3912 1113 3966 Vsus.
1129 3913 1155 3967 8.
1175 3939 1208 3951 -
1228 3912 1296 3965 Veni
1310 3911 1469 3966 dstibouo.
1488 3911 1597 3979 (Geso.)
1613 3910 1649 3966 m
1676 3911 1749 3983 quia
1774 3912 1843 3967 rado

94 3998 293 4055 tortitudinem
315 4004 344 4054 et
371 4004 491 4071 propter
522 3999 662 4053 excelsam
691 3996 850 4052 caelestium
872 4011 940 4067 gau·
994 3999 1029 4054 ad
1054 4004 1092 4069 te,
1120 4005 1152 4053 tn
1181 3998 1267 4053 debes
1294 3998 1391 4053 venire
1411 3998 1446 4053 ad
1470 4013 1527 4066 me,
1550 3997 1741 4069 cogitatione,
1769 3998 1843 4056 locis·

94 4087 209 4143 diorum
233 4088 514 4157 contemplationem.
541 4087 600 4156 Vel,
627 4087 733 4153 collum,
768 4086 836 4158 quia
862 4084 939 4138 cibos
992 4088 1082 4157 tione,
1103 4103 1199 4159 opere.
1222 4085 1407 4157 Vet,primus
1430 4086 1536 4157 gradus
1562 4086 1648 4142 estin
1674 4103 1765 4144 carne
1794 4104 1843 4160 pro

93 4174 936 4246 incorpnsdimittont,velqniacorpuscapitijungnnt:
994 4176 1070 4231 bono
1102 4191 1213 4246 opere:
1240 4175 1381 4230 secundus
1408 4174 1439 4229 in
1462 4174 1643 4229 absolutoria
1686 4176 1784 4232 carnis
1810 4177 1842 4232 ad

95 4265 183 4333 unde,
205 4265 344 4322 Dominus
353 4265 402 4320 dat
414 4280 514 4335 panes,
524 4263 657 4334 discipuli
670 4267 766 4316 autem
778 4261 870 4316 turbis
886 4277 937 4332 ap·
994 4263 1209 4336 percipiendam
1222 4262 1465 4318 beatitudinemin
1476 4261 1573 4317 anima
1589 4263 1715 4320 :tertius
1731 4271 1844 4338 recepto

94 4359 217 4425 panum.
235 4355 355 4424 Propter
369 4352 448 4407 aliud
472 4351 681 4423 predicatores,
705 4351 796 4419 oculi3
821 4356 942 4421 propter
994 4368 1114 4425 corpore
1143 4352 1258 4424 qnando
1275 4353 1304 4406 in
1323 4351 1532 4406 resurrectione
1554 4350 1686 4421 duplices
1708 4353 1846 4426 recipient

95 4442 314 4510 alind,dsutes:
343 4447 460 4513 propter
474 4440 562 4508 aliud,
592 4454 688 4509 geue:
719 4443 837 4510 propter
862 4437 940 4492 aliud
995 4443 1092 4497 stolas.
1110 4442 1177 4497 Veni
1194 4440 1260 4506 tide,
1282 4441 1529 4511 ucutopere,ueui
1555 4440 1628 4494 alios
1649 4440 1844 4498 adducendo:

94 4532 353 4588 collumvocantnr.
372 4528 705 4600 Propupaooutusnntin
733 4527 837 4583 divinis
863 4527 941 4584 Scri-
996 4528 1172 4585 velterveui
1188 4533 1304 4599 proptor
1321 4528 1407 4583 tidem
1431 4527 1592 4584 Trinitatis.
1612 4528 1737 4585 Libanus
1767 4546 1847 4586 mons

95 4620 187 4692 pturis
218 4619 411 4690 inlriogibiles
428 4618 587 4685 sententia,
615 4618 645 4673 in
661 4617 766 4689 quibus
781 4618 836 4672 toti
863 4621 940 4683 suut,
997 4617 1297 4680 Pboeniois,liebratce
1323 4617 1531 4685 interpretatur
1554 4615 1731 4684 candidatio,
1755 4619 1847 4675 Graece

95 4708 145 4780 qui
173 4707 208 4762 de
222 4707 359 4779 longeab
378 4707 590 4763 incursantibus
611 4722 641 4763 se
668 4705 839 4761 defendunt.
864 4706 943 4760 Mille
997 4710 1060 4764 llus
1077 4724 1083 4762 :
1102 4707 1283 4776 undesnpra,
1315 4706 1597 4762 Vadamodmoutem
1611 4708 1735 4775 myrrlrae
1762 4714 1789 4764 st
1814 4707 1848 4763 ad

95 4797 194 4867 clypei.
209 4797 342 4867 Clypeus,
364 4794 418 4850 ista
430 4795 595 4850 firmissima
623 4795 695 4849 ratio
719 4800 772 4859 est,
795 4810 852 4866 qua
879 4793 943 4848 lreti
997 4798 1087 4853 collem
1104 4797 1202 4850 ituris.
1220 4795 1294 4850 Ilum
1313 4795 1705 4867 pradicatorescoursrtunt
1719 4796 1793 4851 tales
1815 4795 1847 4851 ad

94 4889 198 4956 sponte
226 4890 326 4940 contra
344 4884 493 4939 hereticos
511 4885 667 4955 prodeunt,
697 4888 770 4938 etse
799 4883 942 4947 muniunt,
998 4887 1130 4951 salntem,
1155 4883 1255 4938 crescit
1284 4898 1388 4938 corona
1413 4884 1448 4938 de
1462 4883 1640 4954 principibus
1652 4884 1738 4939 victis
1765 4889 1848 4940 certa·

94 4973 236 5028 domitios
247 4973 420 5046 percutiunt.
436 4973 530 5029 Omnis
554 4977 707 5028 armatura.
723 4973 752 5028 ld
782 4977 834 5041 est,
850 4971 944 5026 omnis
998 4974 1076 5029 mine
1099 4988 1209 5028 eorum.
1239 4971 1435 5036 Veniouasi:
1465 4987 1502 5026 ue
1527 4972 1642 5038 timeas,
1660 4988 1700 5027 ne
1724 4973 1848 5029 solace-

94 5062 257 5130 instructio,
282 5063 327 5118 rel
354 5061 539 5134 operationis,
569 5063 613 5116 vel
643 5062 780 5117 doctrinas
810 5059 943 5126 coelestis,
998 5061 1082 5117 nias:
1112 5061 1180 5133 qnia
1201 5062 1305 5115 multos
1332 5060 1385 5116 tibi
1413 5060 1532 5117 addam.
1555 5062 1593 5116 lle
1617 5063 1712 5130 copus
1731 5063 1847 5118 Arausa.

96 5150 685 5223 perquamsauctinonsolnmeradnnt,
703 5148 854 5204 sedetiam
871 5147 945 5203 acies
998 5149 1208 5204 Amanamons
1229 5147 1401 5217 estCilicias,
1431 5148 1513 5204 Sanir
1533 5152 1562 5203 et
1588 5148 1721 5204 Hermon
1740 5156 1849 5206 montes

96 5244 233 5311 superant
255 5239 469 5311 malignorum:
487 5239 556 5295 dnm
573 5239 712 5311 quosdam
734 5244 762 5293 ct
788 5238 824 5291 ab
847 5251 945 5292 errore
999 5235 1114 5301 Judoea,
1131 5235 1161 5290 iu
1180 5235 1285 5306 quibns
1309 5235 1407 5289 leones
1420 5234 1625 5307 habitant,per
1640 5251 1718 5305 qnos
1746 5236 1847 5292 damu

95 5327 141 5380 vel
160 5327 237 5381 vitiis
260 5329 429 5383 retrahunt:
446 5343 511 5399 quae
527 5327 655 5383 omniaa
684 5325 811 5399 praelatis
834 5325 946 5396 depen-
1000 5340 1051 5379 nes
1065 5329 1214 5393 notantur,
1232 5324 1283 5395 qni
1296 5328 1398 5379 contra
1422 5322 1631 5378 nossoeviunt:
1657 5329 1689 5379 et
1717 5325 1790 5397 quia
1814 5321 1851 5379 illi

95 5414 174 5479 dent,
191 5415 258 5486 quia
274 5417 309 5471 ab
322 5417 363 5470 eis
391 5416 541 5472 resistendi
567 5418 732 5488 exemplum
754 5420 782 5471 et
813 5413 947 5470 sinccndi
999 5411 1697 5484 conuertuntur,qnorumcordalneroutcnbilia
1725 5414 1849 5475 leonum,

99 5500 263 5575 accipimus,
1000 5503 1068 5557 dum
1086 5501 1207 5558 vicissim
1228 5518 1326 5557 eorum
1347 5500 1524 5557 conlassiona
1552 5500 1696 5556 brsminos
1717 5503 1850 5565 creditor,
