<?xml version="1.0" encoding="UTF-8"?>
<!DOCTYPE html PUBLIC "-//W3C//DTD XHTML 1.0 Transitional//EN"
    "http://www.w3.org/TR/xhtml1/DTD/xhtml1-transitional.dtd">
<html xmlns="http://www.w3.org/1999/xhtml" xml:lang="en" lang="en">
 <head>
  <title>
</title>
<meta http-equiv="Content-Type" content="text/html;charset=utf-8" />
  <meta name='ocr-system' content='tesseract 3.04.00' />
  <meta name='ocr-capabilities' content='ocr_page ocr_carea ocr_par ocr_line ocrx_word'/>
</head>
<body>
  <div class='ocr_page' id='page_1' title='image "./patrologiaecurs04migngoog_0394.png"; bbox 0 0 3892 6106; ppageno 0'>
   <div class='ocr_carea' id='block_1_1' title="bbox 506 246 1714 306">
    <p class='ocr_par' dir='ltr' id='par_1_1' title="bbox 506 246 1714 306">
     <span class='ocr_line' id='line_1_1' title="bbox 506 246 1714 306; baseline -0.001 -2"><span class='ocrx_word' id='word_1_1' title='bbox 506 255 511 263; x_wconf 91' lang='grc'><em>“</em></span> <span class='ocrx_word' id='word_1_2' title='bbox 542 248 671 306; x_wconf 75' lang='lat' dir='ltr'><strong>atussa</strong></span> <span class='ocrx_word' id='word_1_3' title='bbox 689 248 893 306; x_wconf 76' lang='lat' dir='ltr'><strong>ouutuatut.</strong></span> <span class='ocrx_word' id='word_1_4' title='bbox 916 273 946 289; x_wconf 83' lang='lat'><strong>·—</strong></span> <span class='ocrx_word' id='word_1_5' title='bbox 968 248 1034 305; x_wconf 77' lang='grc' dir='ltr'><strong>ΗΒ.</strong></span> <span class='ocrx_word' id='word_1_6' title='bbox 1053 246 1125 304; x_wconf 76' lang='lat'><strong>108.</strong></span> <span class='ocrx_word' id='word_1_7' title='bbox 1661 249 1714 304; x_wconf 80' lang='lat'><strong>778</strong></span> 
     </span>
    </p>
   </div>
   <div class='ocr_carea' id='block_1_2' title="bbox 70 364 1779 2916">
    <p class='ocr_par' dir='ltr' id='par_1_2' title="bbox 70 364 1779 2916">
     <span class='ocr_line' id='line_1_2' title="bbox 70 364 1715 440; baseline -0.001 -16"><span class='ocrx_word' id='word_1_8' title='bbox 70 409 73 424; x_wconf 91' lang='lat'>.</span> <span class='ocrx_word' id='word_1_9' title='bbox 87 369 114 424; x_wconf 83' lang='lat'><strong>8.</strong></span> <span class='ocrx_word' id='word_1_10' title='bbox 142 396 179 409; x_wconf 95' lang='lat'>-</span> <span class='ocrx_word' id='word_1_11' title='bbox 202 367 286 423; x_wconf 78' lang='lat' dir='ltr'><strong>allec</strong></span> <span class='ocrx_word' id='word_1_12' title='bbox 299 364 418 437; x_wconf 79' lang='lat' dir='ltr'><strong>aspiciet</strong></span> <span class='ocrx_word' id='word_1_13' title='bbox 440 380 485 420; x_wconf 89' lang='lat' dir='ltr'><strong>me</strong></span> <span class='ocrx_word' id='word_1_14' title='bbox 499 365 576 420; x_wconf 89' lang='lat' dir='ltr'><strong>visus</strong></span> <span class='ocrx_word' id='word_1_15' title='bbox 590 365 727 422; x_wconf 90' lang='lat' dir='ltr'><strong>hominis.</strong></span> <span class='ocrx_word' id='word_1_16' title='bbox 749 387 762 417; x_wconf 74' lang='lat' dir='ltr'><strong>s</strong></span> <span class='ocrx_word' id='word_1_17' title='bbox 779 367 846 424; x_wconf 75' lang='lat' dir='ltr'><strong>lua</strong></span> <span class='ocrx_word' id='word_1_18' title='bbox 865 384 916 423; x_wconf 90' lang='lat' dir='ltr'><strong>nos</strong></span> <span class='ocrx_word' id='word_1_19' title='bbox 928 367 1069 423; x_wconf 88' lang='lat' dir='ltr'><strong>custodire</strong></span> <span class='ocrx_word' id='word_1_20' title='bbox 1084 381 1271 440; x_wconf 74' lang='lat' dir='ltr'>nequeamus,</span> <span class='ocrx_word' id='word_1_21' title='bbox 1287 370 1316 421; x_wconf 87' lang='lat' dir='ltr'><strong>st</strong></span> <span class='ocrx_word' id='word_1_22' title='bbox 1338 365 1362 420; x_wconf 89' lang='lat' dir='ltr'><strong>si</strong></span> <span class='ocrx_word' id='word_1_23' title='bbox 1384 366 1453 439; x_wconf 90' lang='lat' dir='ltr'><strong>quid</strong></span> <span class='ocrx_word' id='word_1_24' title='bbox 1482 382 1629 436; x_wconf 87' lang='lat' dir='ltr'><strong>conamur,</strong></span> <span class='ocrx_word' id='word_1_25' title='bbox 1651 383 1715 440; x_wconf 87' lang='lat' dir='ltr'><strong>pec·</strong></span> 
     </span>
     <span class='ocr_line' id='line_1_3' title="bbox 70 453 1223 528; baseline 0.001 -17"><span class='ocrx_word' id='word_1_26' title='bbox 70 455 214 511; x_wconf 72' lang='lat' dir='ltr'><strong>encardia</strong></span> <span class='ocrx_word' id='word_1_27' title='bbox 226 453 439 525; x_wconf 89' lang='lat' dir='ltr'><strong>Redempturis,</strong></span> <span class='ocrx_word' id='word_1_28' title='bbox 455 469 519 526; x_wconf 77' lang='lat' dir='ltr'><strong>quaa</strong></span> <span class='ocrx_word' id='word_1_29' title='bbox 532 454 715 524; x_wconf 91' lang='lat' dir='ltr'><strong>peccantium</strong></span> <span class='ocrx_word' id='word_1_30' title='bbox 730 454 810 510; x_wconf 89' lang='lat' dir='ltr'><strong>duri·</strong></span> <span class='ocrx_word' id='word_1_31' title='bbox 865 457 935 512; x_wconf 89' lang='lat' dir='ltr'><strong>catis</strong></span> <span class='ocrx_word' id='word_1_32' title='bbox 950 472 1112 528; x_wconf 83' lang='lat' dir='ltr'><strong>gravamur,</strong></span> <span class='ocrx_word' id='word_1_33' title='bbox 1128 456 1223 512; x_wconf 86' lang='lat' dir='ltr'><strong>unde:</strong></span> 
     </span>
     <span class='ocr_line' id='line_1_4' title="bbox 70 542 1715 616; baseline 0 -16"><span class='ocrx_word' id='word_1_34' title='bbox 70 544 168 611; x_wconf 76' lang='lat' dir='ltr'><strong>nollit,</strong></span> <span class='ocrx_word' id='word_1_35' title='bbox 194 548 226 598; x_wconf 89' lang='lat' dir='ltr'><strong>nt</strong></span> <span class='ocrx_word' id='word_1_36' title='bbox 240 560 304 598; x_wconf 90' lang='lat' dir='ltr'><strong>cum</strong></span> <span class='ocrx_word' id='word_1_37' title='bbox 331 543 447 597; x_wconf 87' lang='lat' dir='ltr'><strong>Petrum</strong></span> <span class='ocrx_word' id='word_1_38' title='bbox 477 542 601 613; x_wconf 85' lang='lat' dir='ltr'><strong>respexit</strong></span> <span class='ocrx_word' id='word_1_39' title='bbox 627 543 702 614; x_wconf 82' lang='lat' dir='ltr'><strong>(Lus.</strong></span> <span class='ocrx_word' id='word_1_40' title='bbox 728 542 811 615; x_wconf 74' lang='lat'><strong>¹111),</strong></span> <span class='ocrx_word' id='word_1_41' title='bbox 903 545 1025 610; x_wconf 73' lang='lat' dir='ltr'><strong>«Quare</strong></span> <span class='ocrx_word' id='word_1_42' title='bbox 1038 543 1161 616; x_wconf 88' lang='lat' dir='ltr'><strong>posuisti</strong></span> <span class='ocrx_word' id='word_1_43' title='bbox 1171 560 1218 599; x_wconf 91' lang='lat' dir='ltr'><strong>me</strong></span> <span class='ocrx_word' id='word_1_44' title='bbox 1234 548 1420 599; x_wconf 79' lang='lat' dir='ltr'><strong>contrarium.</strong></span> <span class='ocrx_word' id='word_1_45' title='bbox 1439 565 1451 595; x_wconf 80' lang='grc' dir='ltr'><strong>ι</strong></span> <span class='ocrx_word' id='word_1_46' title='bbox 1469 545 1540 601; x_wconf 89' lang='lat' dir='ltr'><strong>Cum</strong></span> <span class='ocrx_word' id='word_1_47' title='bbox 1555 546 1642 601; x_wconf 91' lang='lat' dir='ltr'><strong>homo</strong></span> <span class='ocrx_word' id='word_1_48' title='bbox 1657 562 1715 601; x_wconf 85' lang='lat' dir='ltr'><strong>ser·</strong></span> 
     </span>
     <span class='ocr_line' id='line_1_5' title="bbox 70 631 1716 704; baseline -0.001 -15"><span class='ocrx_word' id='word_1_49' title='bbox 70 638 89 689; x_wconf 77' lang='lat' dir='ltr'><strong>tt</strong></span> <span class='ocrx_word' id='word_1_50' title='bbox 104 638 226 689; x_wconf 88' lang='lat' dir='ltr'><strong>mortem</strong></span> <span class='ocrx_word' id='word_1_51' title='bbox 243 647 301 686; x_wconf 92' lang='lat' dir='ltr'><strong>non</strong></span> <span class='ocrx_word' id='word_1_52' title='bbox 317 631 427 699; x_wconf 84' lang='lat' dir='ltr'><strong>libarat,</strong></span> <span class='ocrx_word' id='word_1_53' title='bbox 444 647 531 702; x_wconf 90' lang='lat' dir='ltr'><strong>quem</strong></span> <span class='ocrx_word' id='word_1_54' title='bbox 551 637 617 687; x_wconf 87' lang='lat' dir='ltr'><strong>anta</strong></span> <span class='ocrx_word' id='word_1_55' title='bbox 642 633 736 704; x_wconf 90' lang='lat' dir='ltr'><strong>gratia</strong></span> <span class='ocrx_word' id='word_1_56' title='bbox 753 649 812 688; x_wconf 92' lang='lat' dir='ltr'><strong>non</strong></span> <span class='ocrx_word' id='word_1_57' title='bbox 865 633 947 704; x_wconf 88' lang='lat' dir='ltr'><strong>penti</strong></span> <span class='ocrx_word' id='word_1_58' title='bbox 969 633 1101 701; x_wconf 88' lang='lat' dir='ltr'><strong>credidit,</strong></span> <span class='ocrx_word' id='word_1_59' title='bbox 1132 637 1197 698; x_wconf 75' lang='lat' dir='ltr'><strong>ete,</strong></span> <span class='ocrx_word' id='word_1_60' title='bbox 1233 648 1318 702; x_wconf 82' lang='lat' dir='ltr'><strong>usqua</strong></span> <span class='ocrx_word' id='word_1_61' title='bbox 1348 631 1385 688; x_wconf 84' lang='lat' dir='ltr'><strong>od</strong></span> <span class='ocrx_word' id='word_1_62' title='bbox 1413 632 1462 690; x_wconf 86' lang='lat' dir='ltr'><strong>sed</strong></span> <span class='ocrx_word' id='word_1_63' title='bbox 1490 632 1716 690; x_wconf 88' lang='lat' dir='ltr'><strong>misericordiam</strong></span> 
     </span>
     <span class='ocr_line' id='line_1_6' title="bbox 70 720 1185 795; baseline -0.003 -17"><span class='ocrx_word' id='word_1_64' title='bbox 70 727 107 778; x_wconf 85' lang='lat' dir='ltr'><strong>at.</strong></span> <span class='ocrx_word' id='word_1_65' title='bbox 126 724 188 778; x_wconf 87' lang='lat' dir='ltr'><strong>Non</strong></span> <span class='ocrx_word' id='word_1_66' title='bbox 200 721 276 775; x_wconf 75' lang='lat' dir='ltr'><strong>uisus</strong></span> <span class='ocrx_word' id='word_1_67' title='bbox 290 720 426 786; x_wconf 90' lang='lat' dir='ltr'><strong>hominis,</strong></span> <span class='ocrx_word' id='word_1_68' title='bbox 444 721 504 788; x_wconf 87' lang='lat' dir='ltr'><strong>sed,</strong></span> <span class='ocrx_word' id='word_1_69' title='bbox 866 722 980 795; x_wconf 76' lang='lat' dir='ltr'><strong>quaerit,</strong></span> <span class='ocrx_word' id='word_1_70' title='bbox 997 722 1073 777; x_wconf 86' lang='lat' dir='ltr'><strong>unde</strong></span> <span class='ocrx_word' id='word_1_71' title='bbox 1085 721 1165 777; x_wconf 81' lang='lat' dir='ltr'><strong>addit</strong></span> <span class='ocrx_word' id='word_1_72' title='bbox 1179 738 1185 775; x_wconf 94' lang='lat'><strong>:</strong></span> 
     </span>
     <span class='ocr_line' id='line_1_7' title="bbox 70 809 1716 881; baseline 0 -14"><span class='ocrx_word' id='word_1_73' title='bbox 70 810 108 867; x_wconf 89' lang='lat' dir='ltr'><strong>uli</strong></span> <span class='ocrx_word' id='word_1_74' title='bbox 128 811 170 865; x_wconf 90' lang='lat' dir='ltr'><strong>tui</strong></span> <span class='ocrx_word' id='word_1_75' title='bbox 185 810 226 866; x_wconf 91' lang='lat' dir='ltr'><strong>in.</strong></span> <span class='ocrx_word' id='word_1_76' title='bbox 244 832 255 859; x_wconf 79' lang='grc' dir='ltr'><strong>ι</strong></span> <span class='ocrx_word' id='word_1_77' title='bbox 270 810 382 880; x_wconf 79' lang='lat' dir='ltr'><strong>(Gara.)</strong></span> <span class='ocrx_word' id='word_1_78' title='bbox 398 809 428 864; x_wconf 89' lang='lat' dir='ltr'><strong>ld</strong></span> <span class='ocrx_word' id='word_1_79' title='bbox 446 813 498 873; x_wconf 88' lang='lat' dir='ltr'><strong>est,</strong></span> <span class='ocrx_word' id='word_1_80' title='bbox 510 809 670 864; x_wconf 88' lang='lat' dir='ltr'><strong>districtum</strong></span> <span class='ocrx_word' id='word_1_81' title='bbox 682 810 812 881; x_wconf 84' lang='lat' dir='ltr'><strong>judicem</strong></span> <span class='ocrx_word' id='word_1_82' title='bbox 901 812 973 866; x_wconf 84' lang='lat' dir='ltr'><strong>Vnus</strong></span> <span class='ocrx_word' id='word_1_83' title='bbox 986 814 1033 867; x_wconf 72' lang='lat' dir='ltr'><strong>il.</strong></span> <span class='ocrx_word' id='word_1_84' title='bbox 1048 842 1082 852; x_wconf 96' lang='lat'>—</span> <span class='ocrx_word' id='word_1_85' title='bbox 1102 828 1117 862; x_wconf 81' lang='lat' dir='ltr'><strong>a</strong></span> <span class='ocrx_word' id='word_1_86' title='bbox 1144 811 1200 866; x_wconf 88' lang='lat' dir='ltr'><strong>Cur</strong></span> <span class='ocrx_word' id='word_1_87' title='bbox 1223 825 1284 865; x_wconf 92' lang='lat' dir='ltr'><strong>non</strong></span> <span class='ocrx_word' id='word_1_88' title='bbox 1310 811 1398 866; x_wconf 89' lang='lat' dir='ltr'><strong>tollis.</strong></span> <span class='ocrx_word' id='word_1_89' title='bbox 1425 829 1439 864; x_wconf 80' lang='lat' dir='ltr'><strong>s</strong></span> <span class='ocrx_word' id='word_1_90' title='bbox 1459 811 1527 866; x_wconf 80' lang='lat' dir='ltr'><strong>Ecce</strong></span> <span class='ocrx_word' id='word_1_91' title='bbox 1541 811 1716 868; x_wconf 86' lang='lat' dir='ltr'><strong>desiderium</strong></span> 
     </span>
     <span class='ocr_line' id='line_1_8' title="bbox 70 896 1715 973; baseline -0.001 -16"><span class='ocrx_word' id='word_1_92' title='bbox 70 900 173 957; x_wconf 85' lang='lat' dir='ltr'><strong>andum</strong></span> <span class='ocrx_word' id='word_1_93' title='bbox 187 898 307 962; x_wconf 85' lang='lat' dir='ltr'><strong>videbis,</strong></span> <span class='ocrx_word' id='word_1_94' title='bbox 327 903 355 951; x_wconf 90' lang='lat' dir='ltr'><strong>et</strong></span> <span class='ocrx_word' id='word_1_95' title='bbox 365 897 415 969; x_wconf 90' lang='lat' dir='ltr'><strong>qui</strong></span> <span class='ocrx_word' id='word_1_96' title='bbox 438 896 483 951; x_wconf 91' lang='lat' dir='ltr'><strong>hic</strong></span> <span class='ocrx_word' id='word_1_97' title='bbox 499 900 679 968; x_wconf 84' lang='lat' dir='ltr'><strong>exspectatus</strong></span> <span class='ocrx_word' id='word_1_98' title='bbox 694 898 730 953; x_wconf 90' lang='lat' dir='ltr'><strong>ad</strong></span> <span class='ocrx_word' id='word_1_99' title='bbox 750 915 812 970; x_wconf 78' lang='lat' dir='ltr'><strong>poe·</strong></span> <span class='ocrx_word' id='word_1_100' title='bbox 866 898 1042 966; x_wconf 87' lang='lat' dir='ltr'><strong>Mediatoris,</strong></span> <span class='ocrx_word' id='word_1_101' title='bbox 1058 898 1108 971; x_wconf 88' lang='lat' dir='ltr'><strong>qui</strong></span> <span class='ocrx_word' id='word_1_102' title='bbox 1124 899 1200 954; x_wconf 89' lang='lat' dir='ltr'><strong>tollit</strong></span> <span class='ocrx_word' id='word_1_103' title='bbox 1215 901 1332 969; x_wconf 84' lang='lat' dir='ltr'><strong>peccato</strong></span> <span class='ocrx_word' id='word_1_104' title='bbox 1356 899 1469 955; x_wconf 82' lang='lat' dir='ltr'><strong>mundi.</strong></span> <span class='ocrx_word' id='word_1_105' title='bbox 1486 900 1546 968; x_wconf 84' lang='lat' dir='ltr'><strong>Vel,</strong></span> <span class='ocrx_word' id='word_1_106' title='bbox 1569 904 1637 955; x_wconf 91' lang='lat' dir='ltr'><strong>tuno</strong></span> <span class='ocrx_word' id='word_1_107' title='bbox 1649 916 1715 973; x_wconf 89' lang='lat' dir='ltr'><strong>pec·</strong></span> 
     </span>
     <span class='ocr_line' id='line_1_9' title="bbox 70 985 1717 1063; baseline -0.001 -19"><span class='ocrx_word' id='word_1_108' title='bbox 70 1005 112 1045; x_wconf 81' lang='lat' dir='ltr'><strong>am</strong></span> <span class='ocrx_word' id='word_1_109' title='bbox 127 987 253 1043; x_wconf 78' lang='lat' dir='ltr'><strong>substitit</strong></span> <span class='ocrx_word' id='word_1_110' title='bbox 265 987 324 1058; x_wconf 87' lang='lat' dir='ltr'><strong>jam</strong></span> <span class='ocrx_word' id='word_1_111' title='bbox 342 1002 400 1041; x_wconf 93' lang='lat' dir='ltr'><strong>non</strong></span> <span class='ocrx_word' id='word_1_112' title='bbox 414 985 558 1063; x_wconf 77' lang='lat' dir='ltr'><strong>subsistat.</strong></span> <span class='ocrx_word' id='word_1_113' title='bbox 574 987 630 1041; x_wconf 84' lang='lat' dir='ltr'><strong>Hoc</strong></span> <span class='ocrx_word' id='word_1_114' title='bbox 648 987 729 1058; x_wconf 87' lang='lat' dir='ltr'><strong>justo</strong></span> <span class='ocrx_word' id='word_1_115' title='bbox 744 1003 810 1042; x_wconf 90' lang='lat' dir='ltr'><strong>con·</strong></span> <span class='ocrx_word' id='word_1_116' title='bbox 866 991 961 1042; x_wconf 89' lang='lat' dir='ltr'><strong>catum</strong></span> <span class='ocrx_word' id='word_1_117' title='bbox 983 987 1069 1059; x_wconf 89' lang='lat' dir='ltr'><strong>plene</strong></span> <span class='ocrx_word' id='word_1_118' title='bbox 1095 988 1222 1055; x_wconf 87' lang='lat' dir='ltr'><strong>tolletur,</strong></span> <span class='ocrx_word' id='word_1_119' title='bbox 1246 1003 1313 1043; x_wconf 91' lang='lat' dir='ltr'><strong>cum</strong></span> <span class='ocrx_word' id='word_1_120' title='bbox 1337 987 1368 1042; x_wconf 92' lang='lat' dir='ltr'><strong>in</strong></span> <span class='ocrx_word' id='word_1_121' title='bbox 1392 988 1606 1060; x_wconf 79' lang='lat' dir='ltr'><strong>corruptionem</strong></span> <span class='ocrx_word' id='word_1_122' title='bbox 1630 988 1717 1043; x_wconf 92' lang='lat' dir='ltr'><strong>homo</strong></span> 
     </span>
     <span class='ocr_line' id='line_1_10' title="bbox 70 1074 1717 1150; baseline -0.001 -18"><span class='ocrx_word' id='word_1_123' title='bbox 70 1078 114 1150; x_wconf 73' lang='lat' dir='ltr'><strong>qui</strong></span> <span class='ocrx_word' id='word_1_124' title='bbox 130 1077 213 1132; x_wconf 91' lang='lat' dir='ltr'><strong>timet</strong></span> <span class='ocrx_word' id='word_1_125' title='bbox 240 1091 326 1130; x_wconf 89' lang='lat' dir='ltr'><strong>omne</strong></span> <span class='ocrx_word' id='word_1_126' title='bbox 341 1075 417 1146; x_wconf 71' lang='lat' dir='ltr'><strong>(quod</strong></span> <span class='ocrx_word' id='word_1_127' title='bbox 435 1074 501 1145; x_wconf 91' lang='lat' dir='ltr'><strong>agit,</strong></span> <span class='ocrx_word' id='word_1_128' title='bbox 519 1078 547 1128; x_wconf 87' lang='lat' dir='ltr'><strong>at</strong></span> <span class='ocrx_word' id='word_1_129' title='bbox 565 1079 676 1129; x_wconf 86' lang='lat' dir='ltr'><strong>remota</strong></span> <span class='ocrx_word' id='word_1_130' title='bbox 705 1075 812 1146; x_wconf 87' lang='lat' dir='ltr'><strong>pietate</strong></span> <span class='ocrx_word' id='word_1_131' title='bbox 866 1075 1034 1132; x_wconf 80' lang='lat' dir='ltr'><strong>mutabitur.</strong></span> <span class='ocrx_word' id='word_1_132' title='bbox 1052 1076 1197 1131; x_wconf 79' lang='lat' dir='ltr'><strong>Desiderat</strong></span> <span class='ocrx_word' id='word_1_133' title='bbox 1219 1091 1287 1148; x_wconf 87' lang='lat' dir='ltr'><strong>ergo</strong></span> <span class='ocrx_word' id='word_1_134' title='bbox 1309 1077 1534 1149; x_wconf 85' lang='lat' dir='ltr'><strong>Redemptorem</strong></span> <span class='ocrx_word' id='word_1_135' title='bbox 1547 1077 1593 1132; x_wconf 85' lang='lat' dir='ltr'><strong>vel</strong></span> <span class='ocrx_word' id='word_1_136' title='bbox 1621 1092 1717 1132; x_wconf 91' lang='lat' dir='ltr'><strong>resur·</strong></span> 
     </span>
     <span class='ocr_line' id='line_1_11' title="bbox 70 1161 1716 1238; baseline -0.002 -17"><span class='ocrx_word' id='word_1_137' title='bbox 70 1181 160 1221; x_wconf 81' lang='lat' dir='ltr'><strong>mrum</strong></span> <span class='ocrx_word' id='word_1_138' title='bbox 181 1164 307 1236; x_wconf 79' lang='lat' dir='ltr'><strong>praescit,</strong></span> <span class='ocrx_word' id='word_1_139' title='bbox 337 1168 366 1217; x_wconf 90' lang='lat' dir='ltr'><strong>et</strong></span> <span class='ocrx_word' id='word_1_140' title='bbox 380 1179 436 1217; x_wconf 91' lang='lat' dir='ltr'><strong>non</strong></span> <span class='ocrx_word' id='word_1_141' title='bbox 456 1161 585 1217; x_wconf 84' lang='lat' dir='ltr'><strong>subsistit</strong></span> <span class='ocrx_word' id='word_1_142' title='bbox 610 1167 677 1218; x_wconf 87' lang='lat' dir='ltr'><strong>ante</strong></span> <span class='ocrx_word' id='word_1_143' title='bbox 703 1165 810 1230; x_wconf 90' lang='lat' dir='ltr'><strong>oculos,</strong></span> <span class='ocrx_word' id='word_1_144' title='bbox 866 1164 1035 1229; x_wconf 86' lang='lat' dir='ltr'><strong>rectionem,</strong></span> <span class='ocrx_word' id='word_1_145' title='bbox 1051 1164 1126 1220; x_wconf 90' lang='lat' dir='ltr'><strong>unde</strong></span> <span class='ocrx_word' id='word_1_146' title='bbox 1140 1166 1294 1236; x_wconf 86' lang='lat' dir='ltr'><strong>etpoenam</strong></span> <span class='ocrx_word' id='word_1_147' title='bbox 1309 1181 1398 1238; x_wconf 89' lang='lat' dir='ltr'><strong>quam</strong></span> <span class='ocrx_word' id='word_1_148' title='bbox 1411 1182 1446 1221; x_wconf 85' lang='lat' dir='ltr'><strong>ex</strong></span> <span class='ocrx_word' id='word_1_149' title='bbox 1460 1165 1573 1237; x_wconf 88' lang='lat' dir='ltr'><strong>origine</strong></span> <span class='ocrx_word' id='word_1_150' title='bbox 1599 1164 1716 1231; x_wconf 90' lang='lat' dir='ltr'><strong>meruit,</strong></span> 
     </span>
     <span class='ocr_line' id='line_1_12' title="bbox 70 1250 1719 1325; baseline 0 -16"><span class='ocrx_word' id='word_1_151' title='bbox 70 1268 144 1309; x_wconf 78' lang='lat' dir='ltr'><strong>oenoe</strong></span> <span class='ocrx_word' id='word_1_152' title='bbox 158 1253 216 1306; x_wconf 83' lang='lat' dir='ltr'><strong>vita</strong></span> <span class='ocrx_word' id='word_1_153' title='bbox 231 1268 288 1306; x_wconf 92' lang='lat' dir='ltr'><strong>uon</strong></span> <span class='ocrx_word' id='word_1_154' title='bbox 303 1250 417 1318; x_wconf 81' lang='lat' dir='ltr'><strong>suflicit,</strong></span> <span class='ocrx_word' id='word_1_155' title='bbox 438 1251 462 1304; x_wconf 92' lang='lat' dir='ltr'><strong>si</strong></span> <span class='ocrx_word' id='word_1_156' title='bbox 474 1250 587 1321; x_wconf 87' lang='lat' dir='ltr'><strong>justitia</strong></span> <span class='ocrx_word' id='word_1_157' title='bbox 612 1267 678 1306; x_wconf 88' lang='lat' dir='ltr'><strong>eum</strong></span> <span class='ocrx_word' id='word_1_158' title='bbox 695 1251 810 1323; x_wconf 83' lang='lat' dir='ltr'><strong>premit.</strong></span> <span class='ocrx_word' id='word_1_159' title='bbox 866 1258 895 1309; x_wconf 88' lang='lat' dir='ltr'><strong>at</strong></span> <span class='ocrx_word' id='word_1_160' title='bbox 907 1252 1050 1324; x_wconf 87' lang='lat' dir='ltr'><strong>judicium</strong></span> <span class='ocrx_word' id='word_1_161' title='bbox 1075 1253 1154 1325; x_wconf 91' lang='lat' dir='ltr'><strong>quod</strong></span> <span class='ocrx_word' id='word_1_162' title='bbox 1169 1270 1201 1308; x_wconf 83' lang='lat' dir='ltr'><strong>cx</strong></span> <span class='ocrx_word' id='word_1_163' title='bbox 1223 1253 1342 1325; x_wconf 86' lang='lat' dir='ltr'><strong>propria</strong></span> <span class='ocrx_word' id='word_1_164' title='bbox 1368 1254 1484 1313; x_wconf 74' lang='lat' dir='ltr'><strong>acdona</strong></span> <span class='ocrx_word' id='word_1_165' title='bbox 1502 1254 1595 1321; x_wconf 84' lang='lat' dir='ltr'><strong>timet,</strong></span> <span class='ocrx_word' id='word_1_166' title='bbox 1618 1254 1719 1325; x_wconf 88' lang='lat' dir='ltr'><strong>adjun-</strong></span> 
     </span>
     <span class='ocr_line' id='line_1_13' title="bbox 70 1338 1718 1413; baseline 0.001 -18"><span class='ocrx_word' id='word_1_167' title='bbox 70 1338 357 1411; x_wconf 86' lang='lat' dir='ltr'><strong>imastrs‚idastqui</strong></span> <span class='ocrx_word' id='word_1_168' title='bbox 378 1338 529 1393; x_wconf 89' lang='lat' dir='ltr'><strong>sanctitate</strong></span> <span class='ocrx_word' id='word_1_169' title='bbox 546 1340 650 1403; x_wconf 77' lang='lat' dir='ltr'><strong>lucent,</strong></span> <span class='ocrx_word' id='word_1_170' title='bbox 667 1357 811 1396; x_wconf 90' lang='lat' dir='ltr'><strong>corameo</strong></span> <span class='ocrx_word' id='word_1_171' title='bbox 866 1342 917 1413; x_wconf 88' lang='lat' dir='ltr'><strong>git.</strong></span> <span class='ocrx_word' id='word_1_172' title='bbox 936 1343 1103 1397; x_wconf 77' lang='lat' dir='ltr'><strong>Ecce‘nuuo</strong></span> <span class='ocrx_word' id='word_1_173' title='bbox 1122 1342 1252 1413; x_wconf 89' lang='lat' dir='ltr'><strong>peccanti</strong></span> <span class='ocrx_word' id='word_1_174' title='bbox 1282 1343 1391 1398; x_wconf 91' lang='lat' dir='ltr'><strong>homini</strong></span> <span class='ocrx_word' id='word_1_175' title='bbox 1416 1343 1524 1399; x_wconf 89' lang='lat' dir='ltr'><strong>dictum</strong></span> <span class='ocrx_word' id='word_1_176' title='bbox 1549 1347 1613 1398; x_wconf 88' lang='lat' dir='ltr'><strong>est:</strong></span> <span class='ocrx_word' id='word_1_177' title='bbox 1641 1342 1718 1398; x_wconf 85' lang='lat' dir='ltr'><strong>Ciuis</strong></span> 
     </span>
     <span class='ocr_line' id='line_1_14' title="bbox 83 1427 1762 1500; baseline 0.002 -17"><span class='ocrx_word' id='word_1_178' title='bbox 83 1431 159 1484; x_wconf 91' lang='lat' dir='ltr'><strong>sunt.</strong></span> <span class='ocrx_word' id='word_1_179' title='bbox 177 1428 266 1499; x_wconf 86' lang='lat' dir='ltr'><strong>Culpa</strong></span> <span class='ocrx_word' id='word_1_180' title='bbox 281 1432 378 1481; x_wconf 89' lang='lat' dir='ltr'><strong>autam</strong></span> <span class='ocrx_word' id='word_1_181' title='bbox 394 1431 421 1481; x_wconf 95' lang='lat' dir='ltr'><strong>et</strong></span> <span class='ocrx_word' id='word_1_182' title='bbox 443 1443 529 1498; x_wconf 83' lang='lat' dir='ltr'><strong>poena</strong></span> <span class='ocrx_word' id='word_1_183' title='bbox 546 1427 667 1483; x_wconf 89' lang='lat' dir='ltr'><strong>humani</strong></span> <span class='ocrx_word' id='word_1_184' title='bbox 697 1429 811 1500; x_wconf 87' lang='lat' dir='ltr'><strong>generis</strong></span> <span class='ocrx_word' id='word_1_185' title='bbox 866 1447 905 1500; x_wconf 91' lang='lat' dir='ltr'><strong>es,</strong></span> <span class='ocrx_word' id='word_1_186' title='bbox 923 1429 992 1485; x_wconf 88' lang='lat' dir='ltr'><strong>etin</strong></span> <span class='ocrx_word' id='word_1_187' title='bbox 1007 1430 1132 1485; x_wconf 87' lang='lat' dir='ltr'><strong>cinerem</strong></span> <span class='ocrx_word' id='word_1_188' title='bbox 1147 1430 1307 1487; x_wconf 85' lang='lat' dir='ltr'><strong>reverteris.</strong></span> <span class='ocrx_word' id='word_1_189' title='bbox 1326 1454 1337 1481; x_wconf 81' lang='grc' dir='ltr'>ι</span> <span class='ocrx_word' id='word_1_190' title='bbox 1760 1483 1762 1487; x_wconf 81' lang='grc'>,</span> 
     </span>
     <span class='ocr_line' id='line_1_15' title="bbox 71 1507 1779 1591; baseline 0.002 -20"><span class='ocrx_word' id='word_1_191' title='bbox 71 1516 240 1571; x_wconf 88' lang='lat' dir='ltr'><strong>rsubditur.</strong></span> <span class='ocrx_word' id='word_1_192' title='bbox 902 1536 916 1569; x_wconf 81' lang='lat' dir='ltr'><strong>u</strong></span> <span class='ocrx_word' id='word_1_193' title='bbox 933 1517 1026 1583; x_wconf 85' lang='lat' dir='ltr'><strong>Quare</strong></span> <span class='ocrx_word' id='word_1_194' title='bbox 1040 1517 1162 1589; x_wconf 86' lang='lat' dir='ltr'><strong>posuisti</strong></span> <span class='ocrx_word' id='word_1_195' title='bbox 1175 1534 1221 1573; x_wconf 90' lang='lat' dir='ltr'><strong>me</strong></span> <span class='ocrx_word' id='word_1_196' title='bbox 1235 1519 1420 1574; x_wconf 85' lang='lat' dir='ltr'><strong>contrarium.</strong></span> <span class='ocrx_word' id='word_1_197' title='bbox 1439 1541 1451 1570; x_wconf 77' lang='lat' dir='ltr'><strong>s</strong></span> <span class='ocrx_word' id='word_1_198' title='bbox 1477 1518 1568 1591; x_wconf 80' lang='lat' dir='ltr'><strong>(idid.)</strong></span> <span class='ocrx_word' id='word_1_199' title='bbox 1590 1519 1716 1585; x_wconf 84' lang='lat' dir='ltr'><strong>Quiain·</strong></span> <span class='ocrx_word' id='word_1_200' title='bbox 1778 1507 1779 1510; x_wconf 26' lang='lat'>¹</span> 
     </span>
     <span class='ocr_line' id='line_1_16' title="bbox 71 1604 1719 1702; baseline -0.001 -40"><span class='ocrx_word' id='word_1_201' title='bbox 71 1606 125 1662; x_wconf 84' lang='lat' dir='ltr'><strong>.u.</strong></span> <span class='ocrx_word' id='word_1_202' title='bbox 143 1604 621 1660; x_wconf 79' lang='lat' dir='ltr'><strong>-‹Sicatconsumttnrnubes.»</strong></span> <span class='ocrx_word' id='word_1_203' title='bbox 639 1604 810 1677; x_wconf 62' lang='lat' dir='ltr'><strong>(tutaque</strong></span> <span class='ocrx_word' id='word_1_204' title='bbox 827 1648 848 1702; x_wconf 75' lang='lat' dir='ltr'>B</span> <span class='ocrx_word' id='word_1_205' title='bbox 866 1605 963 1674; x_wconf 80' lang='lat' dir='ltr'><strong>terior,</strong></span> <span class='ocrx_word' id='word_1_206' title='bbox 991 1607 1082 1662; x_wconf 86' lang='lat' dir='ltr'><strong>sactus</strong></span> <span class='ocrx_word' id='word_1_207' title='bbox 1115 1607 1276 1663; x_wconf 88' lang='lat' dir='ltr'><strong>contrarius</strong></span> <span class='ocrx_word' id='word_1_208' title='bbox 1313 1609 1398 1663; x_wconf 91' lang='lat' dir='ltr'><strong>modo</strong></span> <span class='ocrx_word' id='word_1_209' title='bbox 1436 1607 1588 1678; x_wconf 82' lang='lat' dir='ltr'><strong>superiori,</strong></span> <span class='ocrx_word' id='word_1_210' title='bbox 1617 1606 1646 1662; x_wconf 94' lang='lat' dir='ltr'><strong>id</strong></span> <span class='ocrx_word' id='word_1_211' title='bbox 1676 1611 1719 1661; x_wconf 92' lang='lat' dir='ltr'><strong>est</strong></span> 
     </span>
     <span class='ocr_line' id='line_1_17' title="bbox 85 1692 1717 1764; baseline 0 -14"><span class='ocrx_word' id='word_1_212' title='bbox 85 1693 144 1750; x_wconf 87' lang='lat' dir='ltr'><strong>alta</strong></span> <span class='ocrx_word' id='word_1_213' title='bbox 159 1694 279 1761; x_wconf 84' lang='lat' dir='ltr'><strong>levatur,</strong></span> <span class='ocrx_word' id='word_1_214' title='bbox 296 1698 361 1763; x_wconf 71' lang='lat' dir='ltr'><strong>stc,</strong></span> <span class='ocrx_word' id='word_1_215' title='bbox 386 1693 522 1763; x_wconf 81' lang='lat' dir='ltr'><strong>usquead</strong></span> <span class='ocrx_word' id='word_1_216' title='bbox 550 1693 620 1748; x_wconf 84' lang='lat' dir='ltr'><strong>vade</strong></span> <span class='ocrx_word' id='word_1_217' title='bbox 640 1694 672 1748; x_wconf 90' lang='lat' dir='ltr'><strong>in</strong></span> <span class='ocrx_word' id='word_1_218' title='bbox 693 1694 812 1749; x_wconf 89' lang='lat' dir='ltr'><strong>domum</strong></span> <span class='ocrx_word' id='word_1_219' title='bbox 868 1694 926 1749; x_wconf 85' lang='lat' dir='ltr'><strong>Deo</strong></span> <span class='ocrx_word' id='word_1_220' title='bbox 943 1692 1169 1750; x_wconf 88' lang='lat' dir='ltr'><strong>:ideonuslrum</strong></span> <span class='ocrx_word' id='word_1_221' title='bbox 1198 1694 1328 1764; x_wconf 83' lang='lat' dir='ltr'><strong>interius,</strong></span> <span class='ocrx_word' id='word_1_222' title='bbox 1355 1695 1448 1750; x_wconf 88' lang='lat' dir='ltr'><strong>idest</strong></span> <span class='ocrx_word' id='word_1_223' title='bbox 1472 1695 1650 1761; x_wconf 77' lang='lat' dir='ltr'><strong>sensualitas,</strong></span> <span class='ocrx_word' id='word_1_224' title='bbox 1675 1694 1717 1750; x_wconf 83' lang='lat' dir='ltr'><strong>ia·</strong></span> 
     </span>
     <span class='ocr_line' id='line_1_18' title="bbox 866 1783 1719 1857; baseline 0.002 -22"><span class='ocrx_word' id='word_1_225' title='bbox 866 1784 945 1837; x_wconf 87' lang='lat' dir='ltr'><strong>ctum</strong></span> <span class='ocrx_word' id='word_1_226' title='bbox 967 1787 1012 1839; x_wconf 89' lang='lat' dir='ltr'><strong>est</strong></span> <span class='ocrx_word' id='word_1_227' title='bbox 1035 1783 1214 1839; x_wconf 86' lang='lat' dir='ltr'><strong>contrarium</strong></span> <span class='ocrx_word' id='word_1_228' title='bbox 1235 1783 1386 1855; x_wconf 88' lang='lat' dir='ltr'><strong>superiori,</strong></span> <span class='ocrx_word' id='word_1_229' title='bbox 1416 1783 1445 1839; x_wconf 94' lang='lat' dir='ltr'><strong>id</strong></span> <span class='ocrx_word' id='word_1_230' title='bbox 1472 1789 1515 1841; x_wconf 88' lang='lat' dir='ltr'><strong>eat</strong></span> <span class='ocrx_word' id='word_1_231' title='bbox 1534 1783 1658 1857; x_wconf 85' lang='lat' dir='ltr'><strong>spiritui,</strong></span> <span class='ocrx_word' id='word_1_232' title='bbox 1686 1786 1719 1838; x_wconf 92' lang='lat' dir='ltr'><strong>ut</strong></span> 
     </span>
     <span class='ocr_line' id='line_1_19' title="bbox 70 1870 1131 1944; baseline -0.001 -17"><span class='ocrx_word' id='word_1_233' title='bbox 70 1885 89 1928; x_wconf 83' lang='lat' dir='ltr'><strong>t.</strong></span> <span class='ocrx_word' id='word_1_234' title='bbox 107 1874 198 1926; x_wconf 80' lang='lat'><strong>10.-</strong></span> <span class='ocrx_word' id='word_1_235' title='bbox 217 1870 344 1942; x_wconf 84' lang='lat' dir='ltr'><strong>«Neque</strong></span> <span class='ocrx_word' id='word_1_236' title='bbox 371 1876 522 1942; x_wconf 80' lang='lat' dir='ltr'><strong>cognoscet</strong></span> <span class='ocrx_word' id='word_1_237' title='bbox 547 1887 613 1926; x_wconf 92' lang='lat' dir='ltr'><strong>eum</strong></span> <span class='ocrx_word' id='word_1_238' title='bbox 629 1871 754 1942; x_wconf 90' lang='lat' dir='ltr'><strong>amplius</strong></span> <span class='ocrx_word' id='word_1_239' title='bbox 767 1871 811 1926; x_wconf 93' lang='lat' dir='ltr'><strong>lo·</strong></span> <span class='ocrx_word' id='word_1_240' title='bbox 867 1875 1131 1944; x_wconf 86' lang='lat' dir='ltr'><strong>semparpnguant.</strong></span> 
     </span>
     <span class='ocr_line' id='line_1_20' title="bbox 70 1956 1721 2033; baseline 0 -17"><span class='ocrx_word' id='word_1_241' title='bbox 70 1959 164 2032; x_wconf 65' lang='lat' dir='ltr'><strong>Ulisi.)</strong></span> <span class='ocrx_word' id='word_1_242' title='bbox 188 1960 277 2015; x_wconf 85' lang='lat' dir='ltr'><strong>Locus</strong></span> <span class='ocrx_word' id='word_1_243' title='bbox 304 1956 429 2013; x_wconf 90' lang='lat' dir='ltr'><strong>hominis</strong></span> <span class='ocrx_word' id='word_1_244' title='bbox 456 1959 530 2014; x_wconf 86' lang='lat' dir='ltr'><strong>Dens</strong></span> <span class='ocrx_word' id='word_1_245' title='bbox 548 1965 600 2026; x_wconf 86' lang='lat' dir='ltr'><strong>est,</strong></span> <span class='ocrx_word' id='word_1_246' title='bbox 634 1964 699 2026; x_wconf 76' lang='lat' dir='ltr'><strong>stu,</strong></span> <span class='ocrx_word' id='word_1_247' title='bbox 728 1974 813 2031; x_wconf 84' lang='lat' dir='ltr'><strong>usque</strong></span> <span class='ocrx_word' id='word_1_248' title='bbox 905 1959 1024 2026; x_wconf 72' lang='lat' dir='ltr'><strong>ullane,</strong></span> <span class='ocrx_word' id='word_1_249' title='bbox 1051 1982 1062 2009; x_wconf 82' lang='grc' dir='ltr'>ι</span> <span class='ocrx_word' id='word_1_250' title='bbox 1086 1959 1115 2015; x_wconf 92' lang='lat' dir='ltr'><strong>id</strong></span> <span class='ocrx_word' id='word_1_251' title='bbox 1131 1964 1184 2028; x_wconf 87' lang='lat' dir='ltr'><strong>est,</strong></span> <span class='ocrx_word' id='word_1_252' title='bbox 1200 1961 1230 2016; x_wconf 91' lang='lat' dir='ltr'><strong>in</strong></span> <span class='ocrx_word' id='word_1_253' title='bbox 1255 1960 1380 2016; x_wconf 77' lang='lat' dir='ltr'><strong>adventu</strong></span> <span class='ocrx_word' id='word_1_254' title='bbox 1405 1959 1523 2033; x_wconf 83' lang='lat' dir='ltr'><strong>judicis,</strong></span> <span class='ocrx_word' id='word_1_255' title='bbox 1547 1961 1593 2015; x_wconf 91' lang='lat' dir='ltr'><strong>cui</strong></span> <span class='ocrx_word' id='word_1_256' title='bbox 1622 1960 1721 2016; x_wconf 89' lang='lat' dir='ltr'><strong>omnia</strong></span> 
     </span>
     <span class='ocr_line' id='line_1_21' title="bbox 70 2045 1720 2125; baseline 0.001 -21"><span class='ocrx_word' id='word_1_257' title='bbox 70 2047 127 2104; x_wconf 79' lang='lat' dir='ltr'><strong>lanc</strong></span> <span class='ocrx_word' id='word_1_258' title='bbox 151 2048 187 2103; x_wconf 91' lang='lat' dir='ltr'><strong>de</strong></span> <span class='ocrx_word' id='word_1_259' title='bbox 212 2047 398 2118; x_wconf 87' lang='lat' dir='ltr'><strong>corruptione</strong></span> <span class='ocrx_word' id='word_1_260' title='bbox 420 2046 519 2125; x_wconf 85' lang='lat' dir='ltr'><strong>¹carnis</strong></span> <span class='ocrx_word' id='word_1_261' title='bbox 553 2045 811 2101; x_wconf 82' lang='lat' dir='ltr'><strong>contradictionem</strong></span> <span class='ocrx_word' id='word_1_262' title='bbox 866 2052 975 2119; x_wconf 88' lang='lat' dir='ltr'><strong>aperta.</strong></span> <span class='ocrx_word' id='word_1_263' title='bbox 1004 2047 1136 2114; x_wconf 83' lang='lat' dir='ltr'><strong>Quaerere</strong></span> <span class='ocrx_word' id='word_1_264' title='bbox 1181 2047 1241 2117; x_wconf 84' lang='lat' dir='ltr'><strong>Dei,</strong></span> <span class='ocrx_word' id='word_1_265' title='bbox 1271 2054 1313 2104; x_wconf 86' lang='lat' dir='ltr'><strong>cst</strong></span> <span class='ocrx_word' id='word_1_266' title='bbox 1345 2049 1472 2105; x_wconf 88' lang='lat' dir='ltr'><strong>districte</strong></span> <span class='ocrx_word' id='word_1_267' title='bbox 1484 2049 1624 2122; x_wconf 87' lang='lat' dir='ltr'><strong>judicare,</strong></span> <span class='ocrx_word' id='word_1_268' title='bbox 1653 2054 1720 2106; x_wconf 89' lang='lat' dir='ltr'><strong>ante</strong></span> 
     </span>
     <span class='ocr_line' id='line_1_22' title="bbox 866 2136 1719 2209; baseline 0.001 -18"><span class='ocrx_word' id='word_1_269' title='bbox 866 2151 953 2209; x_wconf 87' lang='lat' dir='ltr'><strong>quem</strong></span> <span class='ocrx_word' id='word_1_270' title='bbox 966 2151 1020 2192; x_wconf 87' lang='lat' dir='ltr'><strong>nec</strong></span> <span class='ocrx_word' id='word_1_271' title='bbox 1035 2137 1131 2208; x_wconf 89' lang='lat' dir='ltr'><strong>justus</strong></span> <span class='ocrx_word' id='word_1_272' title='bbox 1151 2136 1298 2205; x_wconf 86' lang='lat' dir='ltr'><strong>subsistit;</strong></span> <span class='ocrx_word' id='word_1_273' title='bbox 1318 2138 1368 2193; x_wconf 89' lang='lat' dir='ltr'><strong>sed</strong></span> <span class='ocrx_word' id='word_1_274' title='bbox 1382 2139 1437 2194; x_wconf 91' lang='lat' dir='ltr'><strong>hoc</strong></span> <span class='ocrx_word' id='word_1_275' title='bbox 1450 2143 1493 2193; x_wconf 90' lang='lat' dir='ltr'><strong>est</strong></span> <span class='ocrx_word' id='word_1_276' title='bbox 1516 2138 1652 2194; x_wconf 91' lang='lat' dir='ltr'><strong>solatium</strong></span> <span class='ocrx_word' id='word_1_277' title='bbox 1681 2138 1719 2192; x_wconf 94' lang='lat' dir='ltr'><strong>li-</strong></span> 
     </span>
     <span class='ocr_line' id='line_1_23' title="bbox 71 2222 1718 2298; baseline -0.001 -16"><span class='ocrx_word' id='word_1_278' title='bbox 71 2227 139 2282; x_wconf 76' lang='lat' dir='ltr'><strong>.tt.</strong></span> <span class='ocrx_word' id='word_1_279' title='bbox 155 2255 190 2265; x_wconf 92' lang='lat'>-</span> <span class='ocrx_word' id='word_1_280' title='bbox 209 2223 372 2296; x_wconf 79' lang='lat' dir='ltr'><strong>«Nunquid</strong></span> <span class='ocrx_word' id='word_1_281' title='bbox 392 2239 470 2279; x_wconf 87' lang='lat' dir='ltr'><strong>mare</strong></span> <span class='ocrx_word' id='word_1_282' title='bbox 485 2239 558 2278; x_wconf 92' lang='lat' dir='ltr'><strong>sum.</strong></span> <span class='ocrx_word' id='word_1_283' title='bbox 589 2222 714 2293; x_wconf 68' lang='lat' dir='ltr'><strong>allatu.)</strong></span> <span class='ocrx_word' id='word_1_284' title='bbox 742 2223 811 2279; x_wconf 86' lang='lat' dir='ltr'><strong>Car·</strong></span> <span class='ocrx_word' id='word_1_285' title='bbox 865 2225 1165 2298; x_wconf 86' lang='lat' dir='ltr'><strong>berationis,qucdse</strong></span> <span class='ocrx_word' id='word_1_286' title='bbox 1180 2224 1309 2281; x_wconf 82' lang='lat' dir='ltr'><strong>sufficere</strong></span> <span class='ocrx_word' id='word_1_287' title='bbox 1326 2243 1386 2282; x_wconf 92' lang='lat' dir='ltr'><strong>non</strong></span> <span class='ocrx_word' id='word_1_288' title='bbox 1399 2243 1483 2298; x_wconf 90' lang='lat' dir='ltr'><strong>posse</strong></span> <span class='ocrx_word' id='word_1_289' title='bbox 1501 2226 1571 2283; x_wconf 89' lang='lat' dir='ltr'><strong>dicit</strong></span> <span class='ocrx_word' id='word_1_290' title='bbox 1584 2227 1718 2297; x_wconf 87' lang='lat' dir='ltr'><strong>hnmilis;</strong></span> 
     </span>
     <span class='ocr_line' id='line_1_24' title="bbox 70 2311 1717 2389; baseline 0.002 -20"><span class='ocrx_word' id='word_1_291' title='bbox 70 2325 154 2369; x_wconf 67' lang='lat' dir='ltr'><strong>{caro</strong></span> <span class='ocrx_word' id='word_1_292' title='bbox 169 2328 234 2384; x_wconf 76' lang='lat' dir='ltr'><strong>quas</strong></span> <span class='ocrx_word' id='word_1_293' title='bbox 258 2312 390 2382; x_wconf 89' lang='lat' dir='ltr'><strong>impedit,</strong></span> <span class='ocrx_word' id='word_1_294' title='bbox 415 2315 481 2380; x_wconf 74' lang='lat' dir='ltr'><strong>etc,</strong></span> <span class='ocrx_word' id='word_1_295' title='bbox 504 2325 589 2380; x_wconf 86' lang='lat' dir='ltr'><strong>usque</strong></span> <span class='ocrx_word' id='word_1_296' title='bbox 602 2311 639 2366; x_wconf 81' lang='lat' dir='ltr'><strong>od</strong></span> <span class='ocrx_word' id='word_1_297' title='bbox 655 2325 731 2365; x_wconf 88' lang='lat' dir='ltr'><strong>nunc</strong></span> <span class='ocrx_word' id='word_1_298' title='bbox 746 2311 811 2366; x_wconf 90' lang='lat' dir='ltr'><strong>sub·</strong></span> <span class='ocrx_word' id='word_1_299' title='bbox 866 2314 978 2387; x_wconf 78' lang='lat' dir='ltr'><strong>plangit</strong></span> <span class='ocrx_word' id='word_1_300' title='bbox 989 2330 1058 2386; x_wconf 87' lang='lat' dir='ltr'><strong>ergo</strong></span> <span class='ocrx_word' id='word_1_301' title='bbox 1085 2319 1287 2388; x_wconf 74' lang='lat' dir='ltr'><strong>mortemque</strong></span> <span class='ocrx_word' id='word_1_302' title='bbox 1310 2332 1397 2387; x_wconf 89' lang='lat' dir='ltr'><strong>nunc,</strong></span> <span class='ocrx_word' id='word_1_303' title='bbox 1408 2321 1452 2372; x_wconf 88' lang='lat' dir='ltr'><strong>est</strong></span> <span class='ocrx_word' id='word_1_304' title='bbox 1478 2316 1561 2372; x_wconf 86' lang='lat' dir='ltr'><strong>timet</strong></span> <span class='ocrx_word' id='word_1_305' title='bbox 1576 2317 1717 2389; x_wconf 84' lang='lat' dir='ltr'><strong>judicium</strong></span> 
     </span>
     <span class='ocr_line' id='line_1_25' title="bbox 70 2400 1099 2475; baseline 0.001 -18"><span class='ocrx_word' id='word_1_306' title='bbox 70 2400 332 2457; x_wconf 80' lang='lat' dir='ltr'><strong>siliumcontraea.</strong></span> <span class='ocrx_word' id='word_1_307' title='bbox 866 2402 944 2475; x_wconf 91' lang='lat' dir='ltr'><strong>quod</strong></span> <span class='ocrx_word' id='word_1_308' title='bbox 957 2401 1099 2474; x_wconf 79' lang='lat' dir='ltr'><strong>imminet.</strong></span> 
     </span>
     <span class='ocr_line' id='line_1_26' title="bbox 70 2473 1397 2559; baseline -0.003 -12"><span class='ocrx_word' id='word_1_309' title='bbox 70 2493 137 2547; x_wconf 76' lang='lat'>‚¹5.</span> <span class='ocrx_word' id='word_1_310' title='bbox 153 2521 187 2530; x_wconf 92' lang='lat'>—</span> <span class='ocrx_word' id='word_1_311' title='bbox 205 2512 216 2540; x_wconf 75' lang='grc' dir='ltr'>ι</span> <span class='ocrx_word' id='word_1_312' title='bbox 232 2488 426 2553; x_wconf 85' lang='lat' dir='ltr'><strong>Quamobrem</strong></span> <span class='ocrx_word' id='word_1_313' title='bbox 441 2487 535 2559; x_wconf 86' lang='lat' dir='ltr'><strong>elegit.</strong></span> <span class='ocrx_word' id='word_1_314' title='bbox 553 2507 567 2540; x_wconf 78' lang='lat' dir='ltr'><strong>n</strong></span> <span class='ocrx_word' id='word_1_315' title='bbox 583 2487 677 2559; x_wconf 84' lang='lat' dir='ltr'><strong>(ibid.)</strong></span> <span class='ocrx_word' id='word_1_316' title='bbox 697 2488 811 2556; x_wconf 79' lang='lat' dir='ltr'><strong>Anima,</strong></span> <span class='ocrx_word' id='word_1_317' title='bbox 1187 2473 1302 2530; x_wconf 63' lang='lat' dir='ltr'>CAPUT</span> <span class='ocrx_word' id='word_1_318' title='bbox 1324 2475 1397 2529; x_wconf 77' lang='lat' dir='ltr'><strong>Vffl·</strong></span> 
     </span>
     <span class='ocr_line' id='line_1_27' title="bbox 70 2575 1717 2651; baseline 0 -16"><span class='ocrx_word' id='word_1_319' title='bbox 70 2579 141 2636; x_wconf 80' lang='lat' dir='ltr'><strong>sntio</strong></span> <span class='ocrx_word' id='word_1_320' title='bbox 160 2578 274 2646; x_wconf 86' lang='lat' dir='ltr'><strong>mentis,</strong></span> <span class='ocrx_word' id='word_1_321' title='bbox 300 2583 366 2644; x_wconf 81' lang='lat' dir='ltr'><strong>eto,</strong></span> <span class='ocrx_word' id='word_1_322' title='bbox 383 2592 468 2647; x_wconf 84' lang='lat' dir='ltr'><strong>usque</strong></span> <span class='ocrx_word' id='word_1_323' title='bbox 487 2577 524 2632; x_wconf 82' lang='lat' dir='ltr'><strong>od</strong></span> <span class='ocrx_word' id='word_1_324' title='bbox 540 2598 554 2626; x_wconf 75' lang='grc' dir='ltr'>α</span> <span class='ocrx_word' id='word_1_325' title='bbox 570 2575 593 2631; x_wconf 91' lang='lat' dir='ltr'><strong>si</strong></span> <span class='ocrx_word' id='word_1_326' title='bbox 617 2578 671 2632; x_wconf 89' lang='lat' dir='ltr'><strong>hoc</strong></span> <span class='ocrx_word' id='word_1_327' title='bbox 683 2576 757 2632; x_wconf 88' lang='lat' dir='ltr'><strong>mihi</strong></span> <span class='ocrx_word' id='word_1_328' title='bbox 769 2577 810 2632; x_wconf 87' lang='lat' dir='ltr'><strong>la·</strong></span> <span class='ocrx_word' id='word_1_329' title='bbox 901 2579 982 2632; x_wconf 82' lang='lat' dir='ltr'><strong>Vnus.</strong></span> <span class='ocrx_word' id='word_1_330' title='bbox 1000 2580 1025 2633; x_wconf 88' lang='lat' dir='ltr'><strong>l.</strong></span> <span class='ocrx_word' id='word_1_331' title='bbox 1042 2608 1077 2618; x_wconf 98' lang='lat'><em>-</em></span> <span class='ocrx_word' id='word_1_332' title='bbox 1092 2598 1106 2628; x_wconf 75' lang='grc' dir='ltr'>α</span> <span class='ocrx_word' id='word_1_333' title='bbox 1121 2579 1309 2649; x_wconf 84' lang='lat' dir='ltr'><strong>Respondens</strong></span> <span class='ocrx_word' id='word_1_334' title='bbox 1334 2586 1440 2634; x_wconf 88' lang='lat' dir='ltr'><strong>antem.</strong></span> <span class='ocrx_word' id='word_1_335' title='bbox 1465 2601 1476 2628; x_wconf 78' lang='grc' dir='ltr'>ι</span> <span class='ocrx_word' id='word_1_336' title='bbox 1494 2579 1602 2651; x_wconf 62' lang='lat' dir='ltr'><strong>(Gara.)</strong></span> <span class='ocrx_word' id='word_1_337' title='bbox 1619 2578 1717 2636; x_wconf 89' lang='lat' dir='ltr'><strong>Scien-</strong></span> 
     </span>
     <span class='ocr_line' id='line_1_28' title="bbox 73 2665 1716 2739; baseline 0.002 -15"><span class='ocrx_word' id='word_1_338' title='bbox 73 2667 242 2724; x_wconf 86' lang='lat' dir='ltr'><strong>aaintertice</strong></span> <span class='ocrx_word' id='word_1_339' title='bbox 259 2683 315 2720; x_wconf 89' lang='lat' dir='ltr'><strong>me.</strong></span> <span class='ocrx_word' id='word_1_340' title='bbox 334 2685 348 2718; x_wconf 78' lang='lat' dir='ltr'><strong>n</strong></span> <span class='ocrx_word' id='word_1_341' title='bbox 865 2666 936 2724; x_wconf 89' lang='lat' dir='ltr'><strong>dum</strong></span> <span class='ocrx_word' id='word_1_342' title='bbox 950 2670 994 2723; x_wconf 87' lang='lat' dir='ltr'><strong>est</strong></span> <span class='ocrx_word' id='word_1_343' title='bbox 1019 2665 1175 2738; x_wconf 90' lang='lat' dir='ltr'><strong>imprimis,</strong></span> <span class='ocrx_word' id='word_1_344' title='bbox 1193 2667 1262 2739; x_wconf 90' lang='lat' dir='ltr'><strong>quia</strong></span> <span class='ocrx_word' id='word_1_345' title='bbox 1276 2668 1350 2723; x_wconf 90' lang='lat' dir='ltr'><strong>sicut</strong></span> <span class='ocrx_word' id='word_1_346' title='bbox 1364 2668 1479 2738; x_wconf 85' lang='lat' dir='ltr'><strong>Eliphaz</strong></span> <span class='ocrx_word' id='word_1_347' title='bbox 1503 2668 1716 2727; x_wconf 88' lang='lat' dir='ltr'><strong>sanctissimum</strong></span> 
     </span>
     <span class='ocr_line' id='line_1_29' title="bbox 73 2753 1718 2830; baseline 0 -18"><span class='ocrx_word' id='word_1_348' title='bbox 73 2799 80 2812; x_wconf 92' lang='lat'><em>.</em></span> <span class='ocrx_word' id='word_1_349' title='bbox 97 2758 141 2813; x_wconf 81' lang='lat' dir='ltr'><strong>ts.</strong></span> <span class='ocrx_word' id='word_1_350' title='bbox 161 2784 193 2796; x_wconf 94' lang='lat'>-</span> <span class='ocrx_word' id='word_1_351' title='bbox 220 2774 233 2808; x_wconf 85' lang='lat' dir='ltr'><strong>r</strong></span> <span class='ocrx_word' id='word_1_352' title='bbox 250 2757 337 2811; x_wconf 87' lang='lat' dir='ltr'><strong>Parce</strong></span> <span class='ocrx_word' id='word_1_353' title='bbox 366 2753 447 2821; x_wconf 90' lang='lat' dir='ltr'><strong>mibi,</strong></span> <span class='ocrx_word' id='word_1_354' title='bbox 464 2754 596 2820; x_wconf 84' lang='lat' dir='ltr'><strong>Domine,</strong></span> <span class='ocrx_word' id='word_1_355' title='bbox 613 2772 628 2806; x_wconf 72' lang='lat' dir='ltr'><strong>a</strong></span> <span class='ocrx_word' id='word_1_356' title='bbox 653 2759 687 2809; x_wconf 88' lang='lat' dir='ltr'><strong>ut</strong></span> <span class='ocrx_word' id='word_1_357' title='bbox 701 2757 810 2809; x_wconf 79' lang='lat' dir='ltr'><strong>aeterna</strong></span> <span class='ocrx_word' id='word_1_358' title='bbox 865 2757 916 2813; x_wconf 81' lang='lat' dir='ltr'><strong>lob</strong></span> <span class='ocrx_word' id='word_1_359' title='bbox 929 2756 965 2812; x_wconf 90' lang='lat' dir='ltr'><strong>de</strong></span> <span class='ocrx_word' id='word_1_360' title='bbox 978 2755 1114 2827; x_wconf 88' lang='lat' dir='ltr'><strong>superbia</strong></span> <span class='ocrx_word' id='word_1_361' title='bbox 1127 2755 1325 2828; x_wconf 88' lang='lat' dir='ltr'><strong>principaliter</strong></span> <span class='ocrx_word' id='word_1_362' title='bbox 1348 2755 1468 2824; x_wconf 82' lang='lat' dir='ltr'><strong>notavit,</strong></span> <span class='ocrx_word' id='word_1_363' title='bbox 1487 2755 1554 2811; x_wconf 89' lang='lat' dir='ltr'><strong>licet</strong></span> <span class='ocrx_word' id='word_1_364' title='bbox 1568 2762 1597 2812; x_wconf 85' lang='lat' dir='ltr'><strong>at</strong></span> <span class='ocrx_word' id='word_1_365' title='bbox 1610 2757 1645 2812; x_wconf 87' lang='lat' dir='ltr'><strong>ds</strong></span> <span class='ocrx_word' id='word_1_366' title='bbox 1663 2758 1718 2830; x_wconf 86' lang='lat' dir='ltr'><strong>hy·</strong></span> 
     </span>
     <span class='ocr_line' id='line_1_30' title="bbox 70 2843 1719 2916; baseline 0.001 -16"><span class='ocrx_word' id='word_1_367' title='bbox 70 2844 107 2901; x_wconf 86' lang='lat' dir='ltr'><strong>ria</strong></span> <span class='ocrx_word' id='word_1_368' title='bbox 130 2848 297 2916; x_wconf 87' lang='lat' dir='ltr'><strong>contemptu</strong></span> <span class='ocrx_word' id='word_1_369' title='bbox 311 2844 428 2899; x_wconf 88' lang='lat' dir='ltr'><strong>illorum</strong></span> <span class='ocrx_word' id='word_1_370' title='bbox 442 2844 504 2898; x_wconf 83' lang='lat' dir='ltr'><strong>haec</strong></span> <span class='ocrx_word' id='word_1_371' title='bbox 528 2843 631 2899; x_wconf 89' lang='lat' dir='ltr'><strong>melius</strong></span> <span class='ocrx_word' id='word_1_372' title='bbox 646 2847 809 2914; x_wconf 87' lang='lat' dir='ltr'><strong>sperantur.</strong></span> <span class='ocrx_word' id='word_1_373' title='bbox 865 2844 970 2915; x_wconf 91' lang='lat' dir='ltr'><strong>pocrisi</strong></span> <span class='ocrx_word' id='word_1_374' title='bbox 998 2843 1124 2900; x_wconf 83' lang='lat' dir='ltr'><strong>breviter</strong></span> <span class='ocrx_word' id='word_1_375' title='bbox 1144 2845 1282 2916; x_wconf 84' lang='lat' dir='ltr'><strong>tetigerit,</strong></span> <span class='ocrx_word' id='word_1_376' title='bbox 1308 2845 1348 2900; x_wconf 91' lang='lat' dir='ltr'><strong>ita</strong></span> <span class='ocrx_word' id='word_1_377' title='bbox 1376 2849 1405 2900; x_wconf 88' lang='lat' dir='ltr'><strong>et</strong></span> <span class='ocrx_word' id='word_1_378' title='bbox 1427 2844 1482 2900; x_wconf 89' lang='lat' dir='ltr'><strong>iste</strong></span> <span class='ocrx_word' id='word_1_379' title='bbox 1509 2844 1544 2900; x_wconf 87' lang='lat' dir='ltr'><strong>de</strong></span> <span class='ocrx_word' id='word_1_380' title='bbox 1573 2845 1719 2916; x_wconf 81' lang='lat' dir='ltr'><strong>hypocrisi</strong></span> 
     </span>
    </p>
   </div>
   <div class='ocr_carea' id='block_1_3' title="bbox 70 2930 1720 3007">
    <p class='ocr_par' dir='ltr' id='par_1_3' title="bbox 70 2930 1720 3007">
     <span class='ocr_line' id='line_1_31' title="bbox 70 2930 1720 3007; baseline 0.001 -18"><span class='ocrx_word' id='word_1_381' title='bbox 70 2933 148 3007; x_wconf 88' lang='lat' dir='ltr'><strong>parci</strong></span> <span class='ocrx_word' id='word_1_382' title='bbox 162 2932 215 2987; x_wconf 90' lang='lat' dir='ltr'><strong>sibi</strong></span> <span class='ocrx_word' id='word_1_383' title='bbox 245 2932 325 3004; x_wconf 86' lang='lat' dir='ltr'><strong>petit,</strong></span> <span class='ocrx_word' id='word_1_384' title='bbox 351 2931 454 3003; x_wconf 87' lang='lat' dir='ltr'><strong>probat</strong></span> <span class='ocrx_word' id='word_1_385' title='bbox 477 2931 553 3004; x_wconf 88' lang='lat' dir='ltr'><strong>qnod</strong></span> <span class='ocrx_word' id='word_1_386' title='bbox 568 2947 627 2986; x_wconf 90' lang='lat' dir='ltr'><strong>non</strong></span> <span class='ocrx_word' id='word_1_387' title='bbox 655 2931 746 2986; x_wconf 84' lang='lat' dir='ltr'><strong>allen</strong></span> <span class='ocrx_word' id='word_1_388' title='bbox 760 2930 846 2995; x_wconf 72' lang='lat' dir='ltr'><strong>dte-c</strong></span> <span class='ocrx_word' id='word_1_389' title='bbox 865 2933 1066 3005; x_wconf 88' lang='lat' dir='ltr'><strong>principalitar</strong></span> <span class='ocrx_word' id='word_1_390' title='bbox 1093 2937 1193 2989; x_wconf 88' lang='lat' dir='ltr'><strong>notare</strong></span> <span class='ocrx_word' id='word_1_391' title='bbox 1219 2934 1358 3002; x_wconf 83' lang='lat' dir='ltr'><strong>intendit3</strong></span> <span class='ocrx_word' id='word_1_392' title='bbox 1385 2934 1433 2989; x_wconf 87' lang='lat' dir='ltr'><strong>sed</strong></span> <span class='ocrx_word' id='word_1_393' title='bbox 1461 2934 1629 3005; x_wconf 89' lang='lat' dir='ltr'><strong>priusquam</strong></span> <span class='ocrx_word' id='word_1_394' title='bbox 1664 2933 1720 2990; x_wconf 90' lang='lat' dir='ltr'><strong>hoc</strong></span> 
     </span>
    </p>
   </div>
   <div class='ocr_carea' id='block_1_4' title="bbox 70 3019 1722 3626">
    <p class='ocr_par' dir='ltr' id='par_1_4' title="bbox 70 3019 1720 3444">
     <span class='ocr_line' id='line_1_32' title="bbox 70 3019 1719 3095; baseline -0.001 -17"><span class='ocrx_word' id='word_1_395' title='bbox 70 3022 106 3089; x_wconf 89' lang='lat' dir='ltr'><strong>lt;</strong></span> <span class='ocrx_word' id='word_1_396' title='bbox 138 3021 214 3093; x_wconf 91' lang='lat' dir='ltr'><strong>qnod</strong></span> <span class='ocrx_word' id='word_1_397' title='bbox 230 3025 281 3087; x_wconf 89' lang='lat' dir='ltr'><strong>ast,</strong></span> <span class='ocrx_word' id='word_1_398' title='bbox 297 3020 484 3091; x_wconf 88' lang='lat' dir='ltr'><strong>suspendium</strong></span> <span class='ocrx_word' id='word_1_399' title='bbox 512 3019 607 3090; x_wconf 83' lang='lat' dir='ltr'><strong>elegit,</strong></span> <span class='ocrx_word' id='word_1_400' title='bbox 628 3021 748 3085; x_wconf 80' lang='lat' dir='ltr'><strong>honest,</strong></span> <span class='ocrx_word' id='word_1_401' title='bbox 765 3019 814 3075; x_wconf 89' lang='lat' dir='ltr'><strong>de·</strong></span> <span class='ocrx_word' id='word_1_402' title='bbox 869 3021 964 3089; x_wconf 83' lang='lat' dir='ltr'><strong>faciat,</strong></span> <span class='ocrx_word' id='word_1_403' title='bbox 984 3021 1122 3095; x_wconf 80' lang='lat' dir='ltr'><strong>quiddam</strong></span> <span class='ocrx_word' id='word_1_404' title='bbox 1142 3021 1293 3094; x_wconf 77' lang='lat' dir='ltr'><strong>praemittit</strong></span> <span class='ocrx_word' id='word_1_405' title='bbox 1317 3021 1393 3077; x_wconf 91' lang='lat' dir='ltr'><strong>unde</strong></span> <span class='ocrx_word' id='word_1_406' title='bbox 1418 3021 1608 3093; x_wconf 88' lang='lat' dir='ltr'><strong>perpenditur</strong></span> <span class='ocrx_word' id='word_1_407' title='bbox 1632 3037 1719 3094; x_wconf 90' lang='lat' dir='ltr'><strong>quam</strong></span> 
     </span>
     <span class='ocr_line' id='line_1_33' title="bbox 70 3107 1720 3180; baseline -0.001 -14"><span class='ocrx_word' id='word_1_408' title='bbox 70 3111 100 3178; x_wconf 90' lang='lat' dir='ltr'><strong>it,</strong></span> <span class='ocrx_word' id='word_1_409' title='bbox 116 3111 153 3166; x_wconf 90' lang='lat' dir='ltr'><strong>de</strong></span> <span class='ocrx_word' id='word_1_410' title='bbox 163 3110 264 3165; x_wconf 89' lang='lat' dir='ltr'><strong>eudem</strong></span> <span class='ocrx_word' id='word_1_411' title='bbox 278 3109 386 3176; x_wconf 92' lang='lat' dir='ltr'><strong>intulit,</strong></span> <span class='ocrx_word' id='word_1_412' title='bbox 400 3124 485 3180; x_wconf 91' lang='lat' dir='ltr'><strong>parce</strong></span> <span class='ocrx_word' id='word_1_413' title='bbox 502 3125 508 3163; x_wconf 95' lang='lat'>:</span> <span class='ocrx_word' id='word_1_414' title='bbox 526 3107 603 3180; x_wconf 90' lang='lat' dir='ltr'><strong>quod</strong></span> <span class='ocrx_word' id='word_1_415' title='bbox 613 3111 664 3177; x_wconf 88' lang='lat' dir='ltr'><strong>est,</strong></span> <span class='ocrx_word' id='word_1_416' title='bbox 693 3110 814 3163; x_wconf 91' lang='lat' dir='ltr'><strong>mortem</strong></span> <span class='ocrx_word' id='word_1_417' title='bbox 869 3122 992 3162; x_wconf 89' lang='lat' dir='ltr'><strong>onerosa</strong></span> <span class='ocrx_word' id='word_1_418' title='bbox 1018 3107 1046 3162; x_wconf 92' lang='lat' dir='ltr'><strong>ei</strong></span> <span class='ocrx_word' id='word_1_419' title='bbox 1070 3107 1177 3163; x_wconf 83' lang='lat' dir='ltr'><strong>luerint</strong></span> <span class='ocrx_word' id='word_1_420' title='bbox 1197 3108 1284 3163; x_wconf 83' lang='lat' dir='ltr'><strong>verba</strong></span> <span class='ocrx_word' id='word_1_421' title='bbox 1302 3108 1392 3180; x_wconf 91' lang='lat' dir='ltr'><strong>ipsius</strong></span> <span class='ocrx_word' id='word_1_422' title='bbox 1414 3108 1477 3176; x_wconf 81' lang='lat' dir='ltr'><strong>lob,</strong></span> <span class='ocrx_word' id='word_1_423' title='bbox 1502 3108 1588 3165; x_wconf 87' lang='lat' dir='ltr'><strong>verba</strong></span> <span class='ocrx_word' id='word_1_424' title='bbox 1611 3109 1720 3164; x_wconf 87' lang='lat' dir='ltr'><strong>scilicet</strong></span> 
     </span>
     <span class='ocr_line' id='line_1_34' title="bbox 70 3195 1718 3270; baseline -0.001 -15"><span class='ocrx_word' id='word_1_425' title='bbox 70 3215 119 3255; x_wconf 79' lang='lat' dir='ltr'><strong>soc</strong></span> <span class='ocrx_word' id='word_1_426' title='bbox 133 3202 185 3266; x_wconf 87' lang='lat' dir='ltr'><strong>est,</strong></span> <span class='ocrx_word' id='word_1_427' title='bbox 200 3215 258 3253; x_wconf 93' lang='lat' dir='ltr'><strong>non</strong></span> <span class='ocrx_word' id='word_1_428' title='bbox 273 3199 349 3254; x_wconf 89' lang='lat' dir='ltr'><strong>ultra</strong></span> <span class='ocrx_word' id='word_1_429' title='bbox 363 3198 459 3253; x_wconf 86' lang='lat' dir='ltr'><strong>vivant</strong></span> <span class='ocrx_word' id='word_1_430' title='bbox 472 3197 635 3253; x_wconf 87' lang='lat' dir='ltr'><strong>hoctcrtio.</strong></span> <span class='ocrx_word' id='word_1_431' title='bbox 870 3195 1067 3252; x_wconf 78' lang='lat' dir='ltr'><strong>aedificationis</strong></span> <span class='ocrx_word' id='word_1_432' title='bbox 1089 3213 1097 3251; x_wconf 75' lang='grc' dir='ltr'><strong>ε</strong></span> <span class='ocrx_word' id='word_1_433' title='bbox 1114 3197 1196 3270; x_wconf 90' lang='lat' dir='ltr'><strong>qnasi</strong></span> <span class='ocrx_word' id='word_1_434' title='bbox 1219 3213 1288 3270; x_wconf 90' lang='lat' dir='ltr'><strong>ergo</strong></span> <span class='ocrx_word' id='word_1_435' title='bbox 1312 3197 1431 3253; x_wconf 88' lang='lat' dir='ltr'><strong>ulterius</strong></span> <span class='ocrx_word' id='word_1_436' title='bbox 1454 3197 1528 3253; x_wconf 87' lang='lat' dir='ltr'><strong>bene</strong></span> <span class='ocrx_word' id='word_1_437' title='bbox 1552 3199 1718 3270; x_wconf 83' lang='lat' dir='ltr'><strong>loquentem</strong></span> 
     </span>
     <span class='ocr_line' id='line_1_35' title="bbox 70 3283 1717 3360; baseline 0 -17"><span class='ocrx_word' id='word_1_438' title='bbox 70 3287 107 3343; x_wconf 88' lang='lat' dir='ltr'><strong>bil</strong></span> <span class='ocrx_word' id='word_1_439' title='bbox 122 3287 200 3343; x_wconf 89' lang='lat' dir='ltr'><strong>anim</strong></span> <span class='ocrx_word' id='word_1_440' title='bbox 218 3294 285 3342; x_wconf 89' lang='lat' dir='ltr'><strong>sunt</strong></span> <span class='ocrx_word' id='word_1_441' title='bbox 305 3287 366 3342; x_wconf 92' lang='lat' dir='ltr'><strong>dies</strong></span> <span class='ocrx_word' id='word_1_442' title='bbox 389 3286 486 3341; x_wconf 80' lang='lat' dir='ltr'><strong>meis</strong></span> <span class='ocrx_word' id='word_1_443' title='bbox 511 3285 565 3352; x_wconf 81' lang='lat' dir='ltr'><strong>Qui</strong></span> <span class='ocrx_word' id='word_1_444' title='bbox 589 3289 697 3341; x_wconf 80' lang='lat' dir='ltr'><strong>aetcrna</strong></span> <span class='ocrx_word' id='word_1_445' title='bbox 722 3283 815 3340; x_wconf 89' lang='lat' dir='ltr'><strong>consi·</strong></span> <span class='ocrx_word' id='word_1_446' title='bbox 870 3284 928 3357; x_wconf 91' lang='lat' dir='ltr'><strong>pati</strong></span> <span class='ocrx_word' id='word_1_447' title='bbox 952 3300 1010 3341; x_wconf 94' lang='lat' dir='ltr'><strong>non</strong></span> <span class='ocrx_word' id='word_1_448' title='bbox 1024 3285 1124 3357; x_wconf 88' lang='lat' dir='ltr'><strong>possit,</strong></span> <span class='ocrx_word' id='word_1_449' title='bbox 1142 3285 1321 3359; x_wconf 76' lang='lat' dir='ltr'><strong>indignative</strong></span> <span class='ocrx_word' id='word_1_450' title='bbox 1347 3287 1378 3342; x_wconf 89' lang='lat' dir='ltr'><strong>in</strong></span> <span class='ocrx_word' id='word_1_451' title='bbox 1392 3288 1454 3342; x_wconf 83' lang='lat' dir='ltr'><strong>haec</strong></span> <span class='ocrx_word' id='word_1_452' title='bbox 1476 3285 1561 3342; x_wconf 85' lang='lat' dir='ltr'><strong>verba</strong></span> <span class='ocrx_word' id='word_1_453' title='bbox 1575 3287 1717 3360; x_wconf 90' lang='lat' dir='ltr'><strong>prorupit,</strong></span> 
     </span>
     <span class='ocr_line' id='line_1_36' title="bbox 70 3373 996 3444; baseline -0.008 -9"><span class='ocrx_word' id='word_1_454' title='bbox 70 3378 108 3435; x_wconf 86' lang='lat' dir='ltr'><strong>ad</strong></span> <span class='ocrx_word' id='word_1_455' title='bbox 123 3395 153 3434; x_wconf 89' lang='lat' dir='ltr'><strong>se</strong></span> <span class='ocrx_word' id='word_1_456' title='bbox 168 3378 281 3435; x_wconf 86' lang='lat' dir='ltr'><strong>rediens</strong></span> <span class='ocrx_word' id='word_1_457' title='bbox 305 3378 377 3433; x_wconf 89' lang='lat' dir='ltr'><strong>bane</strong></span> <span class='ocrx_word' id='word_1_458' title='bbox 400 3378 451 3432; x_wconf 89' lang='lat' dir='ltr'><strong>hos</strong></span> <span class='ocrx_word' id='word_1_459' title='bbox 474 3377 535 3433; x_wconf 89' lang='lat' dir='ltr'><strong>dies</strong></span> <span class='ocrx_word' id='word_1_460' title='bbox 561 3376 634 3432; x_wconf 90' lang='lat' dir='ltr'><strong>nihil</strong></span> <span class='ocrx_word' id='word_1_461' title='bbox 663 3380 757 3444; x_wconf 84' lang='lat' dir='ltr'><strong>vocat,</strong></span> <span class='ocrx_word' id='word_1_462' title='bbox 787 3380 816 3432; x_wconf 90' lang='lat' dir='ltr'><strong>et</strong></span> <span class='ocrx_word' id='word_1_463' title='bbox 871 3373 996 3429; x_wconf 86' lang='lat' dir='ltr'><strong>dicens:</strong></span> 
     </span>
    </p>

    <p class='ocr_par' dir='ltr' id='par_1_5' title="bbox 70 3463 1722 3626">
     <span class='ocr_line' id='line_1_37' title="bbox 70 3463 1721 3540; baseline -0.002 -16"><span class='ocrx_word' id='word_1_464' title='bbox 70 3466 225 3540; x_wconf 84' lang='lat' dir='ltr'><strong>ejudicari</strong></span> <span class='ocrx_word' id='word_1_465' title='bbox 244 3466 389 3522; x_wconf 79' lang='lat' dir='ltr'><strong>formidat.</strong></span> <span class='ocrx_word' id='word_1_466' title='bbox 906 3464 987 3520; x_wconf 81' lang='lat' dir='ltr'><strong>Vnus.</strong></span> <span class='ocrx_word' id='word_1_467' title='bbox 1007 3465 1035 3518; x_wconf 75' lang='lat'><strong>2.</strong></span> <span class='ocrx_word' id='word_1_468' title='bbox 1063 3494 1098 3504; x_wconf 93' lang='lat'>—</span> <span class='ocrx_word' id='word_1_469' title='bbox 1126 3485 1138 3514; x_wconf 78' lang='grc' dir='ltr'>ι</span> <span class='ocrx_word' id='word_1_470' title='bbox 1171 3465 1324 3537; x_wconf 89' lang='lat' dir='ltr'><strong>Usquequo</strong></span> <span class='ocrx_word' id='word_1_471' title='bbox 1351 3463 1479 3536; x_wconf 90' lang='lat' dir='ltr'><strong>loqueris</strong></span> <span class='ocrx_word' id='word_1_472' title='bbox 1500 3463 1577 3519; x_wconf 84' lang='lat' dir='ltr'><strong>talia.</strong></span> <span class='ocrx_word' id='word_1_473' title='bbox 1598 3484 1613 3514; x_wconf 92' lang='lat'>»</span> <span class='ocrx_word' id='word_1_474' title='bbox 1634 3464 1721 3529; x_wconf 84' lang='lat' dir='ltr'><strong>Quasi</strong></span> 
     </span>
     <span class='ocr_line' id='line_1_38' title="bbox 70 3552 1722 3626; baseline -0.002 -15"><span class='ocrx_word' id='word_1_475' title='bbox 70 3559 188 3611; x_wconf 77' lang='lat'><strong>.17.-</strong></span> <span class='ocrx_word' id='word_1_476' title='bbox 205 3554 303 3621; x_wconf 77' lang='lat' dir='ltr'><strong>«Quid</strong></span> <span class='ocrx_word' id='word_1_477' title='bbox 327 3558 369 3610; x_wconf 90' lang='lat' dir='ltr'><strong>est</strong></span> <span class='ocrx_word' id='word_1_478' title='bbox 400 3555 498 3610; x_wconf 90' lang='lat' dir='ltr'><strong>homo.</strong></span> <span class='ocrx_word' id='word_1_479' title='bbox 513 3575 528 3606; x_wconf 78' lang='lat' dir='ltr'><strong>s</strong></span> <span class='ocrx_word' id='word_1_480' title='bbox 544 3552 817 3626; x_wconf 80' lang='lat' dir='ltr'><strong>(ibid.)llagniticat</strong></span> <span class='ocrx_word' id='word_1_481' title='bbox 871 3552 965 3609; x_wconf 88' lang='lat' dir='ltr'><strong>dicat:</strong></span> <span class='ocrx_word' id='word_1_482' title='bbox 985 3568 1075 3625; x_wconf 87' lang='lat' dir='ltr'><strong>quare</strong></span> <span class='ocrx_word' id='word_1_483' title='bbox 1100 3553 1229 3625; x_wconf 87' lang='lat' dir='ltr'><strong>loqueris</strong></span> <span class='ocrx_word' id='word_1_484' title='bbox 1260 3552 1399 3608; x_wconf 83' lang='lat' dir='ltr'><strong>inutilia?</strong></span> <span class='ocrx_word' id='word_1_485' title='bbox 1428 3556 1457 3608; x_wconf 91' lang='lat' dir='ltr'><strong>et</strong></span> <span class='ocrx_word' id='word_1_486' title='bbox 1484 3552 1601 3625; x_wconf 89' lang='lat' dir='ltr'><strong>spiritus</strong></span> <span class='ocrx_word' id='word_1_487' title='bbox 1625 3554 1722 3608; x_wconf 90' lang='lat' dir='ltr'><strong>multi·</strong></span> 
     </span>
    </p>
   </div>
   <div class='ocr_carea' id='block_1_5' title="bbox 69 3639 1729 5570">
    <p class='ocr_par' dir='ltr' id='par_1_6' title="bbox 70 3639 1066 3715">
     <span class='ocr_line' id='line_1_39' title="bbox 70 3639 1066 3715; baseline -0.006 -16"><span class='ocrx_word' id='word_1_488' title='bbox 70 3644 217 3700; x_wconf 85' lang='lat' dir='ltr'><strong>bominem</strong></span> <span class='ocrx_word' id='word_1_489' title='bbox 242 3643 333 3698; x_wconf 87' lang='lat' dir='ltr'><strong>multo</strong></span> <span class='ocrx_word' id='word_1_490' title='bbox 359 3641 499 3715; x_wconf 88' lang='lat' dir='ltr'><strong>spirituali</strong></span> <span class='ocrx_word' id='word_1_491' title='bbox 531 3655 663 3708; x_wconf 89' lang='lat' dir='ltr'><strong>munere,</strong></span> <span class='ocrx_word' id='word_1_492' title='bbox 693 3644 720 3694; x_wconf 89' lang='lat' dir='ltr'><strong>et</strong></span> <span class='ocrx_word' id='word_1_493' title='bbox 748 3639 835 3710; x_wconf 69' lang='lat' dir='ltr'><strong>erga·</strong></span> <span class='ocrx_word' id='word_1_494' title='bbox 871 3639 937 3710; x_wconf 79' lang='lat' dir='ltr'><strong>pler</strong></span> <span class='ocrx_word' id='word_1_495' title='bbox 941 3678 1066 3695; x_wconf 88' lang='grc'><strong>.....</strong></span> 
     </span>
    </p>

    <p class='ocr_par' dir='ltr' id='par_1_7' title="bbox 70 3725 1723 4070">
     <span class='ocr_line' id='line_1_40' title="bbox 70 3725 1723 3806; baseline -0.004 -16"><span class='ocrx_word' id='word_1_496' title='bbox 70 3733 142 3791; x_wconf 73' lang='lat' dir='ltr'><strong>sunit</strong></span> <span class='ocrx_word' id='word_1_497' title='bbox 164 3749 223 3800; x_wconf 86' lang='lat' dir='ltr'><strong>cur,</strong></span> <span class='ocrx_word' id='word_1_498' title='bbox 248 3733 317 3806; x_wconf 90' lang='lat' dir='ltr'><strong>quia</strong></span> <span class='ocrx_word' id='word_1_499' title='bbox 339 3747 391 3803; x_wconf 89' lang='lat' dir='ltr'><strong>pro</strong></span> <span class='ocrx_word' id='word_1_500' title='bbox 420 3729 493 3787; x_wconf 87' lang='lat' dir='ltr'><strong>datis</strong></span> <span class='ocrx_word' id='word_1_501' title='bbox 522 3730 676 3785; x_wconf 86' lang='lat' dir='ltr'><strong>districtius</strong></span> <span class='ocrx_word' id='word_1_502' title='bbox 696 3729 814 3800; x_wconf 87' lang='lat' dir='ltr'><strong>judicat.</strong></span> <span class='ocrx_word' id='word_1_503' title='bbox 909 3747 923 3778; x_wconf 81' lang='lat' dir='ltr'><strong>a</strong></span> <span class='ocrx_word' id='word_1_504' title='bbox 955 3727 1050 3799; x_wconf 86' lang='lat' dir='ltr'><strong>Usque</strong></span> <span class='ocrx_word' id='word_1_505' title='bbox 1091 3727 1217 3798; x_wconf 89' lang='lat' dir='ltr'><strong>loqueris</strong></span> <span class='ocrx_word' id='word_1_506' title='bbox 1252 3726 1330 3782; x_wconf 89' lang='lat' dir='ltr'><strong>talia.</strong></span> <span class='ocrx_word' id='word_1_507' title='bbox 1359 3747 1374 3776; x_wconf 87' lang='lat'>»</span> <span class='ocrx_word' id='word_1_508' title='bbox 1414 3725 1599 3796; x_wconf 80' lang='lat' dir='ltr'><strong>(ibid.)·0uia</strong></span> <span class='ocrx_word' id='word_1_509' title='bbox 1625 3727 1723 3798; x_wconf 85' lang='lat' dir='ltr'><strong>gravia</strong></span> 
     </span>
     <span class='ocr_line' id='line_1_41' title="bbox 70 3813 1722 3893; baseline -0.005 -14"><span class='ocrx_word' id='word_1_510' title='bbox 70 3821 107 3879; x_wconf 78' lang='lat' dir='ltr'><strong>tid</strong></span> <span class='ocrx_word' id='word_1_511' title='bbox 131 3822 240 3878; x_wconf 85' lang='lat' dir='ltr'><strong>bomo‘l</strong></span> <span class='ocrx_word' id='word_1_512' title='bbox 264 3821 368 3893; x_wconf 91' lang='lat' dir='ltr'><strong>quasi:</strong></span> <span class='ocrx_word' id='word_1_513' title='bbox 395 3819 447 3876; x_wconf 89' lang='lat' dir='ltr'><strong>etsi</strong></span> <span class='ocrx_word' id='word_1_514' title='bbox 476 3818 676 3890; x_wconf 87' lang='lat' dir='ltr'><strong>magnificatus</strong></span> <span class='ocrx_word' id='word_1_515' title='bbox 699 3818 774 3873; x_wconf 90' lang='lat' dir='ltr'><strong>ultra</strong></span> <span class='ocrx_word' id='word_1_516' title='bbox 788 3833 817 3872; x_wconf 89' lang='lat' dir='ltr'><strong>se</strong></span> <span class='ocrx_word' id='word_1_517' title='bbox 872 3818 939 3869; x_wconf 91' lang='lat' dir='ltr'><strong>sunt</strong></span> <span class='ocrx_word' id='word_1_518' title='bbox 977 3813 1078 3887; x_wconf 90' lang='lat' dir='ltr'><strong>iniquo</strong></span> <span class='ocrx_word' id='word_1_519' title='bbox 1106 3815 1193 3870; x_wconf 87' lang='lat' dir='ltr'><strong>verba</strong></span> <span class='ocrx_word' id='word_1_520' title='bbox 1232 3813 1431 3870; x_wconf 70' lang='lat' dir='ltr'><strong>edificationis</strong></span> <span class='ocrx_word' id='word_1_521' title='bbox 1450 3815 1532 3885; x_wconf 90' lang='lat' dir='ltr'><strong>quasi</strong></span> <span class='ocrx_word' id='word_1_522' title='bbox 1560 3814 1635 3870; x_wconf 82' lang='lat' dir='ltr'><strong>terre</strong></span> <span class='ocrx_word' id='word_1_523' title='bbox 1663 3831 1722 3871; x_wconf 92' lang='lat' dir='ltr'><strong>non</strong></span> 
     </span>
     <span class='ocr_line' id='line_1_42' title="bbox 70 3901 1721 3978; baseline -0.007 -12"><span class='ocrx_word' id='word_1_524' title='bbox 70 3911 134 3977; x_wconf 84' lang='lat' dir='ltr'><strong>tuis,</strong></span> <span class='ocrx_word' id='word_1_525' title='bbox 150 3914 248 3964; x_wconf 65' lang='lat' dir='ltr'><strong>umen</strong></span> <span class='ocrx_word' id='word_1_526' title='bbox 273 3908 342 3972; x_wconf 86' lang='lat' dir='ltr'><strong>quia</strong></span> <span class='ocrx_word' id='word_1_527' title='bbox 359 3923 425 3962; x_wconf 87' lang='lat' dir='ltr'><strong>caro</strong></span> <span class='ocrx_word' id='word_1_528' title='bbox 446 3912 498 3974; x_wconf 83' lang='lat' dir='ltr'><strong>est,</strong></span> <span class='ocrx_word' id='word_1_529' title='bbox 515 3906 539 3961; x_wconf 91' lang='lat' dir='ltr'><strong>si</strong></span> <span class='ocrx_word' id='word_1_530' title='bbox 562 3906 623 3961; x_wconf 87' lang='lat' dir='ltr'><strong>sine</strong></span> <span class='ocrx_word' id='word_1_531' title='bbox 640 3906 746 3978; x_wconf 86' lang='lat' dir='ltr'><strong>pietate</strong></span> <span class='ocrx_word' id='word_1_532' title='bbox 768 3908 817 3978; x_wconf 89' lang='lat' dir='ltr'><strong>ju·</strong></span> <span class='ocrx_word' id='word_1_533' title='bbox 872 3903 980 3975; x_wconf 88' lang='lat' dir='ltr'><strong>possit;</strong></span> <span class='ocrx_word' id='word_1_534' title='bbox 1010 3907 1038 3958; x_wconf 92' lang='lat' dir='ltr'><strong>et</strong></span> <span class='ocrx_word' id='word_1_535' title='bbox 1063 3902 1205 3974; x_wconf 90' lang='lat' dir='ltr'><strong>quianon</strong></span> <span class='ocrx_word' id='word_1_536' title='bbox 1224 3903 1284 3957; x_wconf 84' lang='lat' dir='ltr'><strong>vult</strong></span> <span class='ocrx_word' id='word_1_537' title='bbox 1305 3901 1421 3972; x_wconf 80' lang='lat' dir='ltr'><strong>corrigi,</strong></span> <span class='ocrx_word' id='word_1_538' title='bbox 1443 3901 1516 3956; x_wconf 87' lang='lat' dir='ltr'><strong>bene</strong></span> <span class='ocrx_word' id='word_1_539' title='bbox 1531 3901 1607 3957; x_wconf 87' lang='lat' dir='ltr'><strong>dicta</strong></span> <span class='ocrx_word' id='word_1_540' title='bbox 1622 3901 1721 3956; x_wconf 90' lang='lat' dir='ltr'><strong>crimi-</strong></span> 
     </span>
     <span class='ocr_line' id='line_1_43' title="bbox 70 3995 968 4070; baseline -0.009 -16"><span class='ocrx_word' id='word_1_541' title='bbox 70 4015 91 4070; x_wconf 88' lang='lat' dir='ltr'><strong>r,</strong></span> <span class='ocrx_word' id='word_1_542' title='bbox 104 3998 180 4055; x_wconf 79' lang='lat' dir='ltr'><strong>terre</strong></span> <span class='ocrx_word' id='word_1_543' title='bbox 194 4013 253 4054; x_wconf 92' lang='lat' dir='ltr'><strong>non</strong></span> <span class='ocrx_word' id='word_1_544' title='bbox 267 4000 371 4069; x_wconf 87' lang='lat' dir='ltr'><strong>potest,</strong></span> <span class='ocrx_word' id='word_1_545' title='bbox 389 3996 464 4051; x_wconf 92' lang='lat' dir='ltr'><strong>uude</strong></span> <span class='ocrx_word' id='word_1_546' title='bbox 477 3997 571 4051; x_wconf 89' lang='lat' dir='ltr'><strong>adhuc</strong></span> <span class='ocrx_word' id='word_1_547' title='bbox 581 3995 661 4051; x_wconf 89' lang='lat' dir='ltr'><strong>addit</strong></span> <span class='ocrx_word' id='word_1_548' title='bbox 676 4012 683 4049; x_wconf 93' lang='lat'>:</span> <span class='ocrx_word' id='word_1_549' title='bbox 873 3996 968 4048; x_wconf 90' lang='lat' dir='ltr'><strong>natur.</strong></span> 
     </span>
    </p>

    <p class='ocr_par' dir='ltr' id='par_1_8' title="bbox 70 4076 1725 4864">
     <span class='ocr_line' id='line_1_44' title="bbox 70 4076 1722 4151; baseline -0.005 -10"><span class='ocrx_word' id='word_1_550' title='bbox 70 4104 85 4144; x_wconf 83' lang='lat' dir='ltr'><strong>t.</strong></span> <span class='ocrx_word' id='word_1_551' title='bbox 114 4091 155 4143; x_wconf 85' lang='lat' dir='ltr'><strong>l8.</strong></span> <span class='ocrx_word' id='word_1_552' title='bbox 179 4106 243 4138; x_wconf 82' lang='lat' dir='ltr'><strong>-a</strong></span> <span class='ocrx_word' id='word_1_553' title='bbox 266 4086 368 4141; x_wconf 80' lang='lat' dir='ltr'><strong>visitas</strong></span> <span class='ocrx_word' id='word_1_554' title='bbox 388 4100 454 4140; x_wconf 92' lang='lat' dir='ltr'><strong>enm</strong></span> <span class='ocrx_word' id='word_1_555' title='bbox 469 4084 606 4140; x_wconf 92' lang='lat' dir='ltr'><strong>diluculo.</strong></span> <span class='ocrx_word' id='word_1_556' title='bbox 623 4104 637 4136; x_wconf 76' lang='lat' dir='ltr'><strong>s</strong></span> <span class='ocrx_word' id='word_1_557' title='bbox 655 4085 818 4140; x_wconf 87' lang='lat' dir='ltr'><strong>Dilncnlum</strong></span> <span class='ocrx_word' id='word_1_558' title='bbox 909 4078 1106 4151; x_wconf 80' lang='lat' dir='ltr'><strong>«Etspiritus</strong></span> <span class='ocrx_word' id='word_1_559' title='bbox 1124 4077 1417 4150; x_wconf 82' lang='lat' dir='ltr'><strong>multiplex.»(lbid.)</strong></span> <span class='ocrx_word' id='word_1_560' title='bbox 1437 4079 1511 4133; x_wconf 87' lang='lat' dir='ltr'><strong>ilum</strong></span> <span class='ocrx_word' id='word_1_561' title='bbox 1528 4076 1722 4150; x_wconf 87' lang='lat' dir='ltr'><strong>multiplicita-</strong></span> 
     </span>
     <span class='ocr_line' id='line_1_45' title="bbox 70 4166 1723 4244; baseline -0.006 -11"><span class='ocrx_word' id='word_1_562' title='bbox 70 4192 90 4233; x_wconf 91' lang='lat' dir='ltr'><strong>n</strong></span> <span class='ocrx_word' id='word_1_563' title='bbox 111 4176 145 4232; x_wconf 90' lang='lat' dir='ltr'><strong>de</strong></span> <span class='ocrx_word' id='word_1_564' title='bbox 167 4180 249 4231; x_wconf 90' lang='lat' dir='ltr'><strong>nocte</strong></span> <span class='ocrx_word' id='word_1_565' title='bbox 273 4175 408 4229; x_wconf 84' lang='lat' dir='ltr'><strong>vitiorum</strong></span> <span class='ocrx_word' id='word_1_566' title='bbox 432 4178 461 4228; x_wconf 87' lang='lat' dir='ltr'><strong>et</strong></span> <span class='ocrx_word' id='word_1_567' title='bbox 481 4172 652 4244; x_wconf 73' lang='lat' dir='ltr'><strong>ignorantie</strong></span> <span class='ocrx_word' id='word_1_568' title='bbox 667 4173 703 4229; x_wconf 93' lang='lat' dir='ltr'><strong>ad</strong></span> <span class='ocrx_word' id='word_1_569' title='bbox 724 4174 817 4229; x_wconf 90' lang='lat' dir='ltr'><strong>lucem</strong></span> <span class='ocrx_word' id='word_1_570' title='bbox 873 4173 931 4225; x_wconf 91' lang='lat' dir='ltr'><strong>tem</strong></span> <span class='ocrx_word' id='word_1_571' title='bbox 944 4168 1069 4224; x_wconf 90' lang='lat' dir='ltr'><strong>sermoni</strong></span> <span class='ocrx_word' id='word_1_572' title='bbox 1091 4168 1153 4240; x_wconf 86' lang='lat' dir='ltr'><strong>ejus</strong></span> <span class='ocrx_word' id='word_1_573' title='bbox 1167 4166 1280 4236; x_wconf 89' lang='lat' dir='ltr'><strong>tribuit,</strong></span> <span class='ocrx_word' id='word_1_574' title='bbox 1294 4166 1421 4239; x_wconf 90' lang='lat' dir='ltr'><strong>inopiam</strong></span> <span class='ocrx_word' id='word_1_575' title='bbox 1436 4166 1618 4239; x_wconf 83' lang='lat' dir='ltr'><strong>intelligenti,</strong></span> <span class='ocrx_word' id='word_1_576' title='bbox 1633 4166 1723 4238; x_wconf 88' lang='lat' dir='ltr'><strong>ipsius</strong></span> 
     </span>
     <span class='ocr_line' id='line_1_46' title="bbox 70 4256 1721 4336; baseline -0.007 -15"><span class='ocrx_word' id='word_1_577' title='bbox 70 4281 160 4333; x_wconf 82' lang='lat' dir='ltr'><strong>sumo,</strong></span> <span class='ocrx_word' id='word_1_578' title='bbox 176 4265 206 4318; x_wconf 93' lang='lat' dir='ltr'><strong>in</strong></span> <span class='ocrx_word' id='word_1_579' title='bbox 221 4279 278 4336; x_wconf 90' lang='lat' dir='ltr'><strong>quo</strong></span> <span class='ocrx_word' id='word_1_580' title='bbox 295 4269 323 4318; x_wconf 89' lang='lat' dir='ltr'><strong>et</strong></span> <span class='ocrx_word' id='word_1_581' title='bbox 335 4279 403 4317; x_wconf 85' lang='lat' dir='ltr'><strong>mox</strong></span> <span class='ocrx_word' id='word_1_582' title='bbox 417 4260 557 4333; x_wconf 89' lang='lat' dir='ltr'><strong>probatur</strong></span> <span class='ocrx_word' id='word_1_583' title='bbox 576 4277 583 4316; x_wconf 91' lang='lat'>:</span> <span class='ocrx_word' id='word_1_584' title='bbox 599 4277 637 4317; x_wconf 92' lang='lat' dir='ltr'><strong>ne</strong></span> <span class='ocrx_word' id='word_1_585' title='bbox 651 4261 729 4317; x_wconf 87' lang='lat' dir='ltr'><strong>enim</strong></span> <span class='ocrx_word' id='word_1_586' title='bbox 744 4261 820 4317; x_wconf 90' lang='lat' dir='ltr'><strong>bona</strong></span> <span class='ocrx_word' id='word_1_587' title='bbox 874 4256 1067 4330; x_wconf 86' lang='lat' dir='ltr'><strong>reprehendit.</strong></span> <span class='ocrx_word' id='word_1_588' title='bbox 1083 4258 1117 4313; x_wconf 86' lang='lat' dir='ltr'><strong>Et</strong></span> <span class='ocrx_word' id='word_1_589' title='bbox 1131 4261 1199 4313; x_wconf 89' lang='lat' dir='ltr'><strong>nota</strong></span> <span class='ocrx_word' id='word_1_590' title='bbox 1218 4273 1279 4312; x_wconf 87' lang='lat' dir='ltr'><strong>esse</strong></span> <span class='ocrx_word' id='word_1_591' title='bbox 1304 4261 1429 4329; x_wconf 90' lang='lat' dir='ltr'><strong>quatuor</strong></span> <span class='ocrx_word' id='word_1_592' title='bbox 1443 4272 1549 4329; x_wconf 87' lang='lat' dir='ltr'><strong>genera</strong></span> <span class='ocrx_word' id='word_1_593' title='bbox 1573 4256 1721 4328; x_wconf 89' lang='lat' dir='ltr'><strong>loquendi.</strong></span> 
     </span>
     <span class='ocr_line' id='line_1_47' title="bbox 70 4344 1723 4422; baseline -0.005 -14"><span class='ocrx_word' id='word_1_594' title='bbox 70 4352 159 4408; x_wconf 80' lang='lat' dir='ltr'><strong>abere</strong></span> <span class='ocrx_word' id='word_1_595' title='bbox 184 4352 334 4422; x_wconf 87' lang='lat' dir='ltr'><strong>gloriatur,</strong></span> <span class='ocrx_word' id='word_1_596' title='bbox 354 4349 511 4405; x_wconf 83' lang='lat' dir='ltr'><strong>tentatione</strong></span> <span class='ocrx_word' id='word_1_597' title='bbox 541 4350 654 4405; x_wconf 82' lang='lat' dir='ltr'><strong>concuti</strong></span> <span class='ocrx_word' id='word_1_598' title='bbox 681 4350 821 4422; x_wconf 89' lang='lat' dir='ltr'><strong>permitti·</strong></span> <span class='ocrx_word' id='word_1_599' title='bbox 872 4347 927 4403; x_wconf 77' lang='lat' dir='ltr'><strong>Alii</strong></span> <span class='ocrx_word' id='word_1_600' title='bbox 947 4345 1024 4402; x_wconf 89' lang='lat' dir='ltr'><strong>euim</strong></span> <span class='ocrx_word' id='word_1_601' title='bbox 1052 4346 1142 4418; x_wconf 89' lang='lat' dir='ltr'><strong>ampli</strong></span> <span class='ocrx_word' id='word_1_602' title='bbox 1162 4349 1230 4400; x_wconf 91' lang='lat' dir='ltr'><strong>sunt</strong></span> <span class='ocrx_word' id='word_1_603' title='bbox 1257 4361 1306 4401; x_wconf 91' lang='lat' dir='ltr'><strong>ora</strong></span> <span class='ocrx_word' id='word_1_604' title='bbox 1332 4350 1362 4400; x_wconf 86' lang='lat' dir='ltr'><strong>et</strong></span> <span class='ocrx_word' id='word_1_605' title='bbox 1390 4360 1485 4411; x_wconf 88' lang='lat' dir='ltr'><strong>seusu,</strong></span> <span class='ocrx_word' id='word_1_606' title='bbox 1513 4344 1564 4417; x_wconf 90' lang='lat' dir='ltr'><strong>qui</strong></span> <span class='ocrx_word' id='word_1_607' title='bbox 1587 4344 1723 4400; x_wconf 89' lang='lat' dir='ltr'><strong>laudandi</strong></span> 
     </span>
     <span class='ocr_line' id='line_1_48' title="bbox 70 4432 1723 4507; baseline -0.004 -12"><span class='ocrx_word' id='word_1_608' title='bbox 70 4441 208 4496; x_wconf 85' lang='lat' dir='ltr'><strong>:altitudo</strong></span> <span class='ocrx_word' id='word_1_609' title='bbox 232 4440 279 4495; x_wconf 84' lang='lat' dir='ltr'><strong>Dei</strong></span> <span class='ocrx_word' id='word_1_610' title='bbox 301 4444 330 4495; x_wconf 88' lang='lat' dir='ltr'><strong>et</strong></span> <span class='ocrx_word' id='word_1_611' title='bbox 345 4437 388 4493; x_wconf 92' lang='lat' dir='ltr'><strong>sni</strong></span> <span class='ocrx_word' id='word_1_612' title='bbox 411 4437 565 4493; x_wconf 85' lang='lat' dir='ltr'><strong>infirmitas</strong></span> <span class='ocrx_word' id='word_1_613' title='bbox 583 4438 725 4506; x_wconf 81' lang='lat' dir='ltr'><strong>rideatur,</strong></span> <span class='ocrx_word' id='word_1_614' title='bbox 749 4439 820 4495; x_wconf 85' lang='lat' dir='ltr'><strong>sient</strong></span> <span class='ocrx_word' id='word_1_615' title='bbox 873 4439 958 4502; x_wconf 86' lang='lat' dir='ltr'><strong>sunt;</strong></span> <span class='ocrx_word' id='word_1_616' title='bbox 977 4433 1027 4490; x_wconf 93' lang='lat' dir='ltr'><strong>alii</strong></span> <span class='ocrx_word' id='word_1_617' title='bbox 1041 4450 1108 4490; x_wconf 85' lang='lat' dir='ltr'><strong>vero</strong></span> <span class='ocrx_word' id='word_1_618' title='bbox 1123 4439 1246 4507; x_wconf 91' lang='lat' dir='ltr'><strong>utroque</strong></span> <span class='ocrx_word' id='word_1_619' title='bbox 1271 4433 1373 4502; x_wconf 89' lang='lat' dir='ltr'><strong>stricti,</strong></span> <span class='ocrx_word' id='word_1_620' title='bbox 1390 4433 1453 4507; x_wconf 49' lang='lat' dir='ltr'><strong>‘qui</strong></span> <span class='ocrx_word' id='word_1_621' title='bbox 1477 4432 1648 4499; x_wconf 87' lang='lat' dir='ltr'><strong>miserandi;</strong></span> <span class='ocrx_word' id='word_1_622' title='bbox 1674 4433 1723 4488; x_wconf 91' lang='lat' dir='ltr'><strong>alii</strong></span> 
     </span>
     <span class='ocr_line' id='line_1_49' title="bbox 70 4519 1725 4601; baseline -0.006 -16"><span class='ocrx_word' id='word_1_623' title='bbox 70 4545 103 4585; x_wconf 80' lang='lat' dir='ltr'><strong>sn</strong></span> <span class='ocrx_word' id='word_1_624' title='bbox 132 4533 197 4601; x_wconf 89' lang='lat' dir='ltr'><strong>post</strong></span> <span class='ocrx_word' id='word_1_625' title='bbox 224 4528 396 4599; x_wconf 85' lang='lat' dir='ltr'><strong>sapientiam</strong></span> <span class='ocrx_word' id='word_1_626' title='bbox 423 4532 583 4583; x_wconf 87' lang='lat' dir='ltr'><strong>tentatura</strong></span> <span class='ocrx_word' id='word_1_627' title='bbox 602 4528 819 4584; x_wconf 82' lang='lat' dir='ltr'><strong>meretricibus:</strong></span> <span class='ocrx_word' id='word_1_628' title='bbox 874 4541 958 4579; x_wconf 88' lang='lat' dir='ltr'><strong>scnsu</strong></span> <span class='ocrx_word' id='word_1_629' title='bbox 989 4523 1087 4596; x_wconf 85' lang='lat' dir='ltr'><strong>ampli,</strong></span> <span class='ocrx_word' id='word_1_630' title='bbox 1114 4523 1165 4578; x_wconf 90' lang='lat' dir='ltr'><strong>sed</strong></span> <span class='ocrx_word' id='word_1_631' title='bbox 1201 4539 1261 4579; x_wconf 89' lang='lat' dir='ltr'><strong>non</strong></span> <span class='ocrx_word' id='word_1_632' title='bbox 1285 4527 1406 4595; x_wconf 90' lang='lat' dir='ltr'><strong>possunt</strong></span> <span class='ocrx_word' id='word_1_633' title='bbox 1433 4520 1540 4593; x_wconf 89' lang='lat' dir='ltr'><strong>eloqui,</strong></span> <span class='ocrx_word' id='word_1_634' title='bbox 1582 4519 1725 4593; x_wconf 89' lang='lat' dir='ltr'><strong>quisunt</strong></span> 
     </span>
     <span class='ocr_line' id='line_1_50' title="bbox 70 4610 1724 4689; baseline -0.007 -15"><span class='ocrx_word' id='word_1_635' title='bbox 70 4623 117 4674; x_wconf 84' lang='lat' dir='ltr'><strong>ota</strong></span> <span class='ocrx_word' id='word_1_636' title='bbox 151 4619 205 4673; x_wconf 90' lang='lat' dir='ltr'><strong>hac</strong></span> <span class='ocrx_word' id='word_1_637' title='bbox 238 4618 415 4674; x_wconf 85' lang='lat' dir='ltr'><strong>mortalitate</strong></span> <span class='ocrx_word' id='word_1_638' title='bbox 450 4618 539 4673; x_wconf 89' lang='lat' dir='ltr'><strong>homo</strong></span> <span class='ocrx_word' id='word_1_639' title='bbox 562 4617 673 4689; x_wconf 89' lang='lat' dir='ltr'><strong>patitur</strong></span> <span class='ocrx_word' id='word_1_640' title='bbox 707 4617 785 4673; x_wconf 92' lang='lat' dir='ltr'><strong>unde</strong></span> <span class='ocrx_word' id='word_1_641' title='bbox 813 4635 820 4674; x_wconf 92' lang='lat'>:</span> <span class='ocrx_word' id='word_1_642' title='bbox 873 4613 1046 4685; x_wconf 84' lang='lat' dir='ltr'><strong>adjuvandi;</strong></span> <span class='ocrx_word' id='word_1_643' title='bbox 1076 4612 1125 4667; x_wconf 92' lang='lat' dir='ltr'><strong>alii</strong></span> <span class='ocrx_word' id='word_1_644' title='bbox 1147 4628 1232 4668; x_wconf 87' lang='lat' dir='ltr'><strong>sensu</strong></span> <span class='ocrx_word' id='word_1_645' title='bbox 1259 4612 1371 4683; x_wconf 89' lang='lat' dir='ltr'><strong>inopes,</strong></span> <span class='ocrx_word' id='word_1_646' title='bbox 1401 4610 1450 4666; x_wconf 88' lang='lat' dir='ltr'><strong>sed</strong></span> <span class='ocrx_word' id='word_1_647' title='bbox 1478 4610 1579 4678; x_wconf 86' lang='lat' dir='ltr'><strong>lingua</strong></span> <span class='ocrx_word' id='word_1_648' title='bbox 1612 4616 1724 4664; x_wconf 85' lang='lat' dir='ltr'><strong>torran-</strong></span> 
     </span>
     <span class='ocr_line' id='line_1_51' title="bbox 70 4697 1725 4778; baseline -0.005 -18"><span class='ocrx_word' id='word_1_649' title='bbox 70 4721 156 4778; x_wconf 85' lang='lat' dir='ltr'><strong>reqnu</strong></span> <span class='ocrx_word' id='word_1_650' title='bbox 168 4723 227 4761; x_wconf 89' lang='lat' dir='ltr'><strong>nun</strong></span> <span class='ocrx_word' id='word_1_651' title='bbox 248 4707 341 4777; x_wconf 87' lang='lat' dir='ltr'><strong>parcis</strong></span> <span class='ocrx_word' id='word_1_652' title='bbox 361 4704 443 4760; x_wconf 90' lang='lat' dir='ltr'><strong>mihi.</strong></span> <span class='ocrx_word' id='word_1_653' title='bbox 463 4726 472 4754; x_wconf 84' lang='grc' dir='ltr'><strong>ι</strong></span> <span class='ocrx_word' id='word_1_654' title='bbox 874 4706 926 4770; x_wconf 89' lang='lat' dir='ltr'><strong>tes,</strong></span> <span class='ocrx_word' id='word_1_655' title='bbox 944 4700 994 4774; x_wconf 91' lang='lat' dir='ltr'><strong>qui</strong></span> <span class='ocrx_word' id='word_1_656' title='bbox 1020 4699 1218 4772; x_wconf 86' lang='lat' dir='ltr'><strong>despiciendi:</strong></span> <span class='ocrx_word' id='word_1_657' title='bbox 1245 4700 1323 4773; x_wconf 91' lang='lat' dir='ltr'><strong>quud</strong></span> <span class='ocrx_word' id='word_1_658' title='bbox 1337 4699 1390 4754; x_wconf 92' lang='lat' dir='ltr'><strong>iste</strong></span> <span class='ocrx_word' id='word_1_659' title='bbox 1404 4700 1434 4754; x_wconf 92' lang='lat' dir='ltr'><strong>in</strong></span> <span class='ocrx_word' id='word_1_660' title='bbox 1462 4698 1571 4754; x_wconf 79' lang='lat' dir='ltr'><strong>crimen</strong></span> <span class='ocrx_word' id='word_1_661' title='bbox 1594 4697 1647 4754; x_wconf 83' lang='lat' dir='ltr'><strong>lob</strong></span> <span class='ocrx_word' id='word_1_662' title='bbox 1662 4701 1725 4752; x_wconf 89' lang='lat' dir='ltr'><strong>tor-</strong></span> 
     </span>
     <span class='ocr_line' id='line_1_52' title="bbox 70 4792 953 4864; baseline -0.008 -13"><span class='ocrx_word' id='word_1_663' title='bbox 70 4812 87 4851; x_wconf 79' lang='lat' dir='ltr'><strong>t.</strong></span> <span class='ocrx_word' id='word_1_664' title='bbox 104 4798 148 4851; x_wconf 80' lang='lat' dir='ltr'><strong>ts.</strong></span> <span class='ocrx_word' id='word_1_665' title='bbox 164 4817 227 4845; x_wconf 85' lang='grc' dir='ltr'><strong>-ι</strong></span> <span class='ocrx_word' id='word_1_666' title='bbox 252 4795 387 4850; x_wconf 81' lang='lat' dir='ltr'><strong>Salivam.</strong></span> <span class='ocrx_word' id='word_1_667' title='bbox 410 4813 423 4844; x_wconf 74' lang='lat' dir='ltr'><strong>r</strong></span> <span class='ocrx_word' id='word_1_668' title='bbox 443 4793 540 4864; x_wconf 80' lang='lat' dir='ltr'><strong>(ibid.)</strong></span> <span class='ocrx_word' id='word_1_669' title='bbox 569 4792 664 4848; x_wconf 88' lang='lat' dir='ltr'><strong>Saliva</strong></span> <span class='ocrx_word' id='word_1_670' title='bbox 691 4793 722 4847; x_wconf 89' lang='lat' dir='ltr'><strong>in</strong></span> <span class='ocrx_word' id='word_1_671' title='bbox 749 4808 780 4848; x_wconf 90' lang='lat' dir='ltr'><strong>os</strong></span> <span class='ocrx_word' id='word_1_672' title='bbox 806 4810 823 4846; x_wconf 93' lang='lat' dir='ltr'><strong>a</strong></span> <span class='ocrx_word' id='word_1_673' title='bbox 875 4794 953 4862; x_wconf 88' lang='lat' dir='ltr'><strong>quet.</strong></span> 
     </span>
    </p>

    <p class='ocr_par' dir='ltr' id='par_1_9' title="bbox 70 4874 1725 5131">
     <span class='ocr_line' id='line_1_53' title="bbox 88 4874 1725 4954; baseline -0.007 -13"><span class='ocrx_word' id='word_1_674' title='bbox 88 4883 202 4952; x_wconf 87' lang='lat' dir='ltr'><strong>labitur,</strong></span> <span class='ocrx_word' id='word_1_675' title='bbox 232 4889 298 4950; x_wconf 78' lang='lat' dir='ltr'><strong>eto,</strong></span> <span class='ocrx_word' id='word_1_676' title='bbox 324 4898 410 4952; x_wconf 84' lang='lat' dir='ltr'><strong>usqae</strong></span> <span class='ocrx_word' id='word_1_677' title='bbox 429 4880 533 4954; x_wconf 84' lang='lat' dir='ltr'><strong>adqui</strong></span> <span class='ocrx_word' id='word_1_678' title='bbox 555 4881 819 4949; x_wconf 81' lang='lat' dir='ltr'><strong>hocuultmereri,</strong></span> <span class='ocrx_word' id='word_1_679' title='bbox 910 4880 1034 4936; x_wconf 79' lang='lat' dir='ltr'><strong>Vass.³.</strong></span> <span class='ocrx_word' id='word_1_680' title='bbox 1052 4897 1117 4931; x_wconf 77' lang='lat' dir='ltr'><strong>-a</strong></span> <span class='ocrx_word' id='word_1_681' title='bbox 1139 4877 1275 4950; x_wconf 89' lang='lat' dir='ltr'><strong>Nunquid</strong></span> <span class='ocrx_word' id='word_1_682' title='bbox 1301 4877 1386 4932; x_wconf 86' lang='lat' dir='ltr'><strong>Deus.</strong></span> <span class='ocrx_word' id='word_1_683' title='bbox 1410 4896 1424 4928; x_wconf 75' lang='lat' dir='ltr'><strong>a</strong></span> <span class='ocrx_word' id='word_1_684' title='bbox 1448 4874 1556 4945; x_wconf 80' lang='lat' dir='ltr'><strong>(Gara.)</strong></span> <span class='ocrx_word' id='word_1_685' title='bbox 1585 4875 1649 4930; x_wconf 73' lang='lat' dir='ltr'><strong>llaec</strong></span> <span class='ocrx_word' id='word_1_686' title='bbox 1674 4874 1725 4930; x_wconf 84' lang='lat' dir='ltr'><strong>Job</strong></span> 
     </span>
     <span class='ocr_line' id='line_1_54' title="bbox 70 4963 1725 5044; baseline -0.004 -20"><span class='ocrx_word' id='word_1_687' title='bbox 70 4974 198 5028; x_wconf 57' lang='lat' dir='ltr'><strong>amatum</strong></span> <span class='ocrx_word' id='word_1_688' title='bbox 214 4972 290 5044; x_wconf 89' lang='lat' dir='ltr'><strong>quod</strong></span> <span class='ocrx_word' id='word_1_689' title='bbox 301 4972 386 5026; x_wconf 83' lang='lat' dir='ltr'><strong>tecit:</strong></span> <span class='ocrx_word' id='word_1_690' title='bbox 404 4990 419 5023; x_wconf 74' lang='lat' dir='ltr'><strong>a</strong></span> <span class='ocrx_word' id='word_1_691' title='bbox 435 4969 561 5036; x_wconf 85' lang='lat' dir='ltr'><strong>Peccari,</strong></span> <span class='ocrx_word' id='word_1_692' title='bbox 577 4975 630 5025; x_wconf 87' lang='lat' dir='ltr'><strong>etc.</strong></span> <span class='ocrx_word' id='word_1_693' title='bbox 648 4989 662 5023; x_wconf 74' lang='lat' dir='ltr'><strong>a</strong></span> <span class='ocrx_word' id='word_1_694' title='bbox 876 4984 929 5024; x_wconf 91' lang='lat' dir='ltr'><strong>nac</strong></span> <span class='ocrx_word' id='word_1_695' title='bbox 941 4971 1098 5041; x_wconf 83' lang='lat' dir='ltr'><strong>negaverat</strong></span> <span class='ocrx_word' id='word_1_696' title='bbox 1121 4982 1174 5024; x_wconf 88' lang='lat' dir='ltr'><strong>nec</strong></span> <span class='ocrx_word' id='word_1_697' title='bbox 1201 4965 1364 5038; x_wconf 89' lang='lat' dir='ltr'><strong>ignorabat,</strong></span> <span class='ocrx_word' id='word_1_698' title='bbox 1395 4969 1460 5033; x_wconf 80' lang='lat' dir='ltr'><strong>cto,</strong></span> <span class='ocrx_word' id='word_1_699' title='bbox 1478 4977 1563 5033; x_wconf 80' lang='lat' dir='ltr'><strong>usquc</strong></span> <span class='ocrx_word' id='word_1_700' title='bbox 1585 4963 1623 5018; x_wconf 87' lang='lat' dir='ltr'><strong>od</strong></span> <span class='ocrx_word' id='word_1_701' title='bbox 1644 4963 1725 5035; x_wconf 88' lang='lat' dir='ltr'><strong>quasi</strong></span> 
     </span>
     <span class='ocr_line' id='line_1_55' title="bbox 70 5050 1559 5131; baseline -0.004 -17"><span class='ocrx_word' id='word_1_702' title='bbox 70 5075 88 5115; x_wconf 83' lang='lat' dir='ltr'><strong>t.</strong></span> <span class='ocrx_word' id='word_1_703' title='bbox 102 5061 146 5114; x_wconf 79' lang='grc'><strong>20.</strong></span> <span class='ocrx_word' id='word_1_704' title='bbox 163 5089 199 5100; x_wconf 93' lang='grc'><strong>-</strong></span> <span class='ocrx_word' id='word_1_705' title='bbox 213 5077 228 5110; x_wconf 74' lang='lat' dir='ltr'><strong>a</strong></span> <span class='ocrx_word' id='word_1_706' title='bbox 243 5057 369 5125; x_wconf 87' lang='lat' dir='ltr'><strong>Peccavi,</strong></span> <span class='ocrx_word' id='word_1_707' title='bbox 392 5056 460 5128; x_wconf 90' lang='lat' dir='ltr'><strong>quid</strong></span> <span class='ocrx_word' id='word_1_708' title='bbox 474 5055 577 5111; x_wconf 80' lang='lat' dir='ltr'><strong>faciam</strong></span> <span class='ocrx_word' id='word_1_709' title='bbox 593 5054 656 5109; x_wconf 88' lang='lat' dir='ltr'><strong>tibi.</strong></span> <span class='ocrx_word' id='word_1_710' title='bbox 687 5073 710 5107; x_wconf 67' lang='grc' dir='ltr'><strong>ε,</strong></span> <span class='ocrx_word' id='word_1_711' title='bbox 726 5053 823 5125; x_wconf 80' lang='lat' dir='ltr'><strong>(ibid.)</strong></span> <span class='ocrx_word' id='word_1_712' title='bbox 874 5059 951 5131; x_wconf 87' lang='lat' dir='ltr'><strong>juste</strong></span> <span class='ocrx_word' id='word_1_713' title='bbox 964 5055 1113 5130; x_wconf 89' lang='lat' dir='ltr'><strong>perierint,</strong></span> <span class='ocrx_word' id='word_1_714' title='bbox 1127 5055 1199 5112; x_wconf 88' lang='lat' dir='ltr'><strong>alios</strong></span> <span class='ocrx_word' id='word_1_715' title='bbox 1213 5054 1332 5121; x_wconf 85' lang='lat' dir='ltr'><strong>leniunt,</strong></span> <span class='ocrx_word' id='word_1_716' title='bbox 1350 5052 1426 5108; x_wconf 91' lang='lat' dir='ltr'><strong>unde</strong></span> <span class='ocrx_word' id='word_1_717' title='bbox 1441 5050 1559 5108; x_wconf 89' lang='lat' dir='ltr'><strong>subdit:</strong></span> 
     </span>
    </p>

    <p class='ocr_par' dir='ltr' id='par_1_10' title="bbox 69 5140 1729 5570">
     <span class='ocr_line' id='line_1_56' title="bbox 73 5140 1724 5221; baseline -0.004 -18"><span class='ocrx_word' id='word_1_718' title='bbox 73 5147 168 5221; x_wconf 91' lang='lat' dir='ltr'><strong>:quid</strong></span> <span class='ocrx_word' id='word_1_719' title='bbox 182 5148 212 5202; x_wconf 93' lang='lat' dir='ltr'><strong>in</strong></span> <span class='ocrx_word' id='word_1_720' title='bbox 232 5146 530 5218; x_wconf 86' lang='lat' dir='ltr'><strong>recompensationem</strong></span> <span class='ocrx_word' id='word_1_721' title='bbox 545 5144 598 5200; x_wconf 92' lang='lat' dir='ltr'><strong>tibi</strong></span> <span class='ocrx_word' id='word_1_722' title='bbox 624 5143 743 5200; x_wconf 82' lang='lat' dir='ltr'><strong>offeram</strong></span> <span class='ocrx_word' id='word_1_723' title='bbox 765 5160 824 5199; x_wconf 93' lang='lat' dir='ltr'><strong>non</strong></span> <span class='ocrx_word' id='word_1_724' title='bbox 912 5146 994 5202; x_wconf 80' lang='lat' dir='ltr'><strong>Vsus.</strong></span> <span class='ocrx_word' id='word_1_725' title='bbox 1008 5144 1036 5208; x_wconf 73' lang='lat' dir='ltr'><strong>i,</strong></span> <span class='ocrx_word' id='word_1_726' title='bbox 1052 5148 1079 5200; x_wconf 80' lang='lat'><strong>5.</strong></span> <span class='ocrx_word' id='word_1_727' title='bbox 1095 5175 1128 5183; x_wconf 97' lang='lat'>—</span> <span class='ocrx_word' id='word_1_728' title='bbox 1151 5162 1166 5195; x_wconf 77' lang='lat' dir='ltr'><strong>a</strong></span> <span class='ocrx_word' id='word_1_729' title='bbox 1182 5142 1298 5199; x_wconf 79' lang='lat' dir='ltr'><strong>Etiamsi</strong></span> <span class='ocrx_word' id='word_1_730' title='bbox 1312 5140 1366 5197; x_wconf 83' lang='lat' dir='ltr'><strong>filii</strong></span> <span class='ocrx_word' id='word_1_731' title='bbox 1391 5141 1435 5197; x_wconf 89' lang='lat' dir='ltr'><strong>tui</strong></span> <span class='ocrx_word' id='word_1_732' title='bbox 1455 5144 1654 5221; x_wconf 82' lang='lat' dir='ltr'><strong>peecaverunt,</strong></span> <span class='ocrx_word' id='word_1_733' title='bbox 1670 5145 1724 5198; x_wconf 88' lang='lat' dir='ltr'><strong>etc.</strong></span> 
     </span>
     <span class='ocr_line' id='line_1_57' title="bbox 70 5229 1728 5309; baseline -0.004 -17"><span class='ocrx_word' id='word_1_734' title='bbox 70 5253 96 5300; x_wconf 92' lang='lat' dir='ltr'><strong>o,</strong></span> <span class='ocrx_word' id='word_1_735' title='bbox 136 5237 206 5309; x_wconf 87' lang='lat' dir='ltr'><strong>quia</strong></span> <span class='ocrx_word' id='word_1_736' title='bbox 242 5235 336 5291; x_wconf 89' lang='lat' dir='ltr'><strong>omnis</strong></span> <span class='ocrx_word' id='word_1_737' title='bbox 363 5236 454 5289; x_wconf 87' lang='lat' dir='ltr'><strong>virtus</strong></span> <span class='ocrx_word' id='word_1_738' title='bbox 479 5233 606 5288; x_wconf 88' lang='lat' dir='ltr'><strong>bominis</strong></span> <span class='ocrx_word' id='word_1_739' title='bbox 646 5232 681 5288; x_wconf 88' lang='lat' dir='ltr'><strong>ad</strong></span> <span class='ocrx_word' id='word_1_740' title='bbox 710 5234 824 5304; x_wconf 88' lang='lat' dir='ltr'><strong>culpam</strong></span> <span class='ocrx_word' id='word_1_741' title='bbox 878 5234 907 5290; x_wconf 88' lang='lat' dir='ltr'><strong>Si</strong></span> <span class='ocrx_word' id='word_1_742' title='bbox 922 5233 1069 5290; x_wconf 90' lang='lat' dir='ltr'><strong>diluculo:</strong></span> <span class='ocrx_word' id='word_1_743' title='bbox 1097 5252 1113 5282; x_wconf 74' lang='lat' dir='ltr'><strong>a</strong></span> <span class='ocrx_word' id='word_1_744' title='bbox 1134 5230 1218 5304; x_wconf 87' lang='lat' dir='ltr'><strong>quasi</strong></span> <span class='ocrx_word' id='word_1_745' title='bbox 1247 5231 1303 5303; x_wconf 90' lang='lat' dir='ltr'><strong>ipsi</strong></span> <span class='ocrx_word' id='word_1_746' title='bbox 1328 5229 1359 5286; x_wconf 90' lang='lat' dir='ltr'><strong>in</strong></span> <span class='ocrx_word' id='word_1_747' title='bbox 1382 5231 1458 5298; x_wconf 87' lang='lat' dir='ltr'><strong>luce,</strong></span> <span class='ocrx_word' id='word_1_748' title='bbox 1486 5229 1610 5285; x_wconf 81' lang='lat' dir='ltr'><strong>Ecclesia</strong></span> <span class='ocrx_word' id='word_1_749' title='bbox 1634 5229 1672 5286; x_wconf 90' lang='lat' dir='ltr'><strong>sit</strong></span> <span class='ocrx_word' id='word_1_750' title='bbox 1696 5230 1728 5285; x_wconf 92' lang='lat' dir='ltr'><strong>in</strong></span> 
     </span>
     <span class='ocr_line' id='line_1_58' title="bbox 69 5316 1729 5394; baseline -0.004 -13"><span class='ocrx_word' id='word_1_751' title='bbox 69 5324 147 5382; x_wconf 84' lang='lat' dir='ltr'><strong>idam</strong></span> <span class='ocrx_word' id='word_1_752' title='bbox 175 5325 292 5380; x_wconf 84' lang='lat' dir='ltr'><strong>infirma</strong></span> <span class='ocrx_word' id='word_1_753' title='bbox 304 5329 355 5380; x_wconf 90' lang='lat' dir='ltr'><strong>est.</strong></span> <span class='ocrx_word' id='word_1_754' title='bbox 384 5323 444 5390; x_wconf 85' lang='lat' dir='ltr'><strong>Vel,</strong></span> <span class='ocrx_word' id='word_1_755' title='bbox 473 5341 488 5375; x_wconf 81' lang='lat' dir='ltr'><strong>a</strong></span> <span class='ocrx_word' id='word_1_756' title='bbox 513 5321 583 5394; x_wconf 85' lang='lat' dir='ltr'><strong>quid</strong></span> <span class='ocrx_word' id='word_1_757' title='bbox 597 5321 699 5377; x_wconf 86' lang='lat' dir='ltr'><strong>faciam</strong></span> <span class='ocrx_word' id='word_1_758' title='bbox 723 5322 824 5391; x_wconf 83' lang='lat' dir='ltr'><strong>tibi,»</strong></span> <span class='ocrx_word' id='word_1_759' title='bbox 878 5324 985 5378; x_wconf 82' lang='lat' dir='ltr'><strong>nocta:</strong></span> <span class='ocrx_word' id='word_1_760' title='bbox 1010 5334 1098 5394; x_wconf 89' lang='lat' dir='ltr'><strong>quam</strong></span> <span class='ocrx_word' id='word_1_761' title='bbox 1122 5323 1235 5387; x_wconf 82' lang='lat' dir='ltr'><strong>vocant,</strong></span> <span class='ocrx_word' id='word_1_762' title='bbox 1252 5323 1284 5375; x_wconf 91' lang='lat' dir='ltr'><strong>ut</strong></span> <span class='ocrx_word' id='word_1_763' title='bbox 1303 5335 1354 5390; x_wconf 87' lang='lat' dir='ltr'><strong>per</strong></span> <span class='ocrx_word' id='word_1_764' title='bbox 1380 5316 1574 5390; x_wconf 85' lang='lat' dir='ltr'><strong>coguitionem</strong></span> <span class='ocrx_word' id='word_1_765' title='bbox 1598 5318 1649 5374; x_wconf 85' lang='lat' dir='ltr'><strong>Dei</strong></span> <span class='ocrx_word' id='word_1_766' title='bbox 1669 5334 1729 5374; x_wconf 92' lang='lat' dir='ltr'><strong>sur·</strong></span> 
     </span>
     <span class='ocr_line' id='line_1_59' title="bbox 82 5406 1728 5483; baseline -0.005 -12"><span class='ocrx_word' id='word_1_767' title='bbox 82 5413 182 5471; x_wconf 87' lang='lat' dir='ltr'><strong>omnia</strong></span> <span class='ocrx_word' id='word_1_768' title='bbox 195 5413 339 5469; x_wconf 91' lang='lat' dir='ltr'><strong>bonanon</strong></span> <span class='ocrx_word' id='word_1_769' title='bbox 353 5412 416 5480; x_wconf 92' lang='lat' dir='ltr'><strong>tibi,</strong></span> <span class='ocrx_word' id='word_1_770' title='bbox 428 5412 476 5467; x_wconf 87' lang='lat' dir='ltr'><strong>sed</strong></span> <span class='ocrx_word' id='word_1_771' title='bbox 491 5410 575 5466; x_wconf 90' lang='lat' dir='ltr'><strong>nobis</strong></span> <span class='ocrx_word' id='word_1_772' title='bbox 588 5414 718 5482; x_wconf 89' lang='lat' dir='ltr'><strong>prosunt.</strong></span> <span class='ocrx_word' id='word_1_773' title='bbox 879 5415 939 5483; x_wconf 88' lang='lat' dir='ltr'><strong>gat,</strong></span> <span class='ocrx_word' id='word_1_774' title='bbox 955 5412 984 5466; x_wconf 92' lang='lat' dir='ltr'><strong>et</strong></span> <span class='ocrx_word' id='word_1_775' title='bbox 997 5425 1050 5482; x_wconf 88' lang='lat' dir='ltr'><strong>par</strong></span> <span class='ocrx_word' id='word_1_776' title='bbox 1063 5424 1177 5483; x_wconf 86' lang='lat' dir='ltr'><strong>precam</strong></span> <span class='ocrx_word' id='word_1_777' title='bbox 1202 5407 1376 5479; x_wconf 81' lang='lat' dir='ltr'><strong>poenitentiae</strong></span> <span class='ocrx_word' id='word_1_778' title='bbox 1404 5406 1552 5478; x_wconf 80' lang='lat' dir='ltr'><strong>praeterita</strong></span> <span class='ocrx_word' id='word_1_779' title='bbox 1575 5406 1676 5476; x_wconf 92' lang='lat' dir='ltr'><strong>diluat,</strong></span> <span class='ocrx_word' id='word_1_780' title='bbox 1705 5409 1728 5463; x_wconf 89' lang='lat' dir='ltr'><strong>si</strong></span> 
     </span>
     <span class='ocr_line' id='line_1_60' title="bbox 78 5496 1621 5570; baseline -0.005 -10"><span class='ocrx_word' id='word_1_781' title='bbox 78 5506 173 5560; x_wconf 80' lang='lat' dir='ltr'><strong>castos</strong></span> <span class='ocrx_word' id='word_1_782' title='bbox 194 5503 356 5559; x_wconf 90' lang='lat' dir='ltr'><strong>hominum.</strong></span> <span class='ocrx_word' id='word_1_783' title='bbox 375 5522 387 5552; x_wconf 71' lang='lat' dir='ltr'><strong>o</strong></span> <span class='ocrx_word' id='word_1_784' title='bbox 404 5500 476 5566; x_wconf 81' lang='lat' dir='ltr'><strong>Quia</strong></span> <span class='ocrx_word' id='word_1_785' title='bbox 501 5515 555 5554; x_wconf 88' lang='lat' dir='ltr'><strong>uos</strong></span> <span class='ocrx_word' id='word_1_786' title='bbox 576 5499 616 5553; x_wconf 91' lang='lat' dir='ltr'><strong>sic</strong></span> <span class='ocrx_word' id='word_1_787' title='bbox 639 5497 780 5564; x_wconf 89' lang='lat' dir='ltr'><strong>destituit,</strong></span> <span class='ocrx_word' id='word_1_788' title='bbox 795 5502 827 5554; x_wconf 89' lang='lat' dir='ltr'><strong>ut</strong></span> <span class='ocrx_word' id='word_1_789' title='bbox 879 5498 1033 5555; x_wconf 82' lang='lat' dir='ltr'><strong>mundus»</strong></span> <span class='ocrx_word' id='word_1_790' title='bbox 1056 5497 1086 5553; x_wconf 88' lang='lat' dir='ltr'><strong>iu</strong></span> <span class='ocrx_word' id='word_1_791' title='bbox 1100 5496 1285 5570; x_wconf 87' lang='lat' dir='ltr'><strong>cogitatione,</strong></span> <span class='ocrx_word' id='word_1_792' title='bbox 1308 5514 1323 5547; x_wconf 77' lang='lat' dir='ltr'><strong>a</strong></span> <span class='ocrx_word' id='word_1_793' title='bbox 1338 5500 1432 5551; x_wconf 85' lang='lat' dir='ltr'><strong>rectus</strong></span> <span class='ocrx_word' id='word_1_794' title='bbox 1447 5515 1462 5548; x_wconf 74' lang='lat' dir='ltr'><strong>s</strong></span> <span class='ocrx_word' id='word_1_795' title='bbox 1476 5496 1508 5552; x_wconf 91' lang='lat' dir='ltr'><strong>in</strong></span> <span class='ocrx_word' id='word_1_796' title='bbox 1523 5511 1621 5568; x_wconf 86' lang='lat' dir='ltr'><strong>opere.</strong></span> 
     </span>
    </p>
   </div>
   <div class='ocr_carea' id='block_1_6' title="bbox 155 5608 1522 5679">
    <p class='ocr_par' dir='ltr' id='par_1_11' title="bbox 155 5608 1522 5679">
     <span class='ocr_line' id='line_1_61' title="bbox 155 5608 1522 5679; baseline -0.009 0"><span class='ocrx_word' id='word_1_797' title='bbox 155 5612 294 5679; x_wconf 77' lang='lat' dir='ltr'><strong>Parnon.</strong></span> <span class='ocrx_word' id='word_1_798' title='bbox 318 5610 427 5678; x_wconf 81' lang='lat' dir='ltr'><strong>GX&#39;lll.</strong></span> <span class='ocrx_word' id='word_1_799' title='bbox 1480 5608 1522 5667; x_wconf 73' lang='lat'><strong>25</strong></span> 
     </span>
    </p>
   </div>
   <div class='ocr_carea' id='block_1_7' title="bbox 0 0 1954 6100">
    <p class='ocr_par' dir='ltr' id='par_1_12' title="bbox 0 0 1954 6100">
     <span class='ocr_line' id='line_1_62' title="bbox 0 0 1954 6100; baseline 0 0"><span class='ocrx_word' id='word_1_800' title='bbox 0 0 1954 6100; x_wconf 95' lang='lat' dir='ltr'><strong> </strong></span> 
     </span>
    </p>
   </div>
  </div>
 </body>
</html>
