3892 6106
87 228 153 284 tart
659 227 786 285 GLOSSh
804 226 1004 285 euolutam.
1024 256 1059 267 -
1080 227 1143 282 altr.
1165 226 1275 283 lsAlAE.
1771 232 1839 288 rats

84 349 121 405 tis
137 353 255 417 nostras,
286 365 373 421 qrrarn
398 347 537 404 Dominus
562 348 656 404 ssns'iis
685 350 743 404 seis
767 350 973 406 circumdabit
993 349 1082 406 editio
1098 366 1104 405 :
1122 349 1304 422 Facitequod
1320 349 1553 420 vobiselileest,
1570 354 1601 406 et
1619 367 1666 408 me
1693 352 1850 426 recipiatis¹

391 438 505 494 CAPUT
524 439 633 494 xxxiv.
992 444 1020 493 ct
1032 455 1085 510 pas
1099 443 1213 494 maneat
1226 438 1381 493 vobiscum.

121 527 207 580 Vens.
224 527 251 580 t.
280 527 371 582 Omnis
397 528 499 581 militia
524 528 658 582 calorum.
689 528 792 598 (Bran.)
820 527 879 594 Sol,
908 532 937 583 et
1288 527 1402 583 CAPUT
1420 527 1544 583 llh'ltl'll.

85 614 161 680 lana,
203 620 232 667 et
260 615 350 668 stellae
380 613 527 668 obscurari
553 612 735 681 videbantur,
762 617 935 670 clarescente
1027 617 1498 683 l'nas.l.-Elfactum,eslcum
1527 616 1741 673 audiuissetrear
1764 619 1836 674 Eae·

84 719 151 756 vera
168 704 238 764 lece,
263 706 385 772 quaeest
408 703 546 756 Christus.
563 703 686 773 Spiritus
716 721 830 776 quoque
856 705 934 771 mati,
990 704 1076 770 chius,
1096 704 1179 759 scidit
1206 706 1364 758 uestimenta
1388 718 1448 757 sna.
1475 704 1540 773 (lo.)
1568 704 1708 760 Scindnnt
1734 712 1835 771 vestes,

84 792 191 846 amissa
208 796 357 862 potestate,
375 790 405 844 in
418 790 532 845 interno
544 790 737 845 recludentur.
989 793 1057 864 qnia
1074 792 1223 846 audierant
1236 792 1381 847 itebsacen
1394 792 1652 862 blasphemantem.
1665 792 1755 847 Scidit
1775 809 1834 862 rer,

120 881 161 934 El
177 880 408 949 complicabuntur
434 881 506 934 sicat
528 879 606 934 liber.
640 880 701 934 Nou
723 880 831 935 scilieet
855 881 933 936 inte·
990 881 1108 935 credens
1124 896 1156 934 ex
1172 880 1294 952 peccatis
1309 880 1369 934 suis
1380 885 1409 934 et
1423 879 1522 951 populi
1537 881 1589 935 hoc
1604 880 1781 952 provenisse.

85 967 155 1029 rior,
174 974 237 1029 ete..
253 967 469 1036 usqueadnihil
485 967 669 1038 enimposlca
685 967 825 1023 scribetur
840 969 933 1024 ineis.
1026 969 1148 1023 vensi.
1170 999 1199 1008 -
1219 971 1319 1024 isaiam
1332 969 1427 1036 lilium
1451 970 1542 1025 Amas.
1570 968 1601 1023 ln
1625 969 1701 1023 libro
1725 969 1835 1041 Regum

124 1056 206 1108 Vens.
239 1058 265 1109 ll.
290 1085 324 1094 —
351 1056 388 1109 In
412 1058 503 1110 nost-n.
530 1056 593 1126 (lo.)
625 1056 656 1110 ln
683 1056 797 1111 civitate
835 1059 935 1114 mnndi
990 1056 1105 1127 legiler,
1135 1055 1185 1126 qni
1208 1056 1286 1110 misit
1301 1055 1336 1110 ed
1357 1056 1458 1110 isaiam
1487 1057 1666 1127 prophetam.
1697 1056 1751 1111 Sed
1779 1057 1835 1124 hie,

85 1143 292 1197 contraitenrn
311 1149 434 1198 mnnita.
464 1145 551 1199 Bosra
578 1144 656 1198 enirn
681 1146 802 1211 mnnita,
828 1148 872 1203 vel
901 1165 934 1203 ex
990 1145 1059 1216 quie
1086 1145 1165 1200 dese
1194 1144 1364 1199 isaiastexit
1391 1144 1550 1210 historiam,
1567 1159 1626 1199 non
1654 1144 1835 1216 prophetam,

87 1234 160 1298 ileo,
194 1231 318 1286 mundns
348 1232 425 1286 eninr
455 1233 600 1286 rolrrrrlnle
629 1233 744 1287 Donrini
784 1234 933 1302 ltrmetur;
991 1233 1040 1288 sed
1056 1233 1147 1287 litium
1160 1232 1308 1304 prophetoe
1323 1250 1352 1286 se
1371 1233 1515 1288 nominat.

87 1321 184 1375 unde:
210 1322 274 1389 lpse
297 1335 378 1389 super
403 1323 493 1375 inuria
515 1320 646 1385 sunrlaeit
665 1336 744 1374 earn:
782 1325 831 1374 et:
877 1323 936 1390 Euo
1027 1322 1109 1375 Vens.
1127 1322 1152 1375 4.
1172 1324 1270 1376 -Pro
1297 1323 1430 1390 reliquiis.
1447 1321 1601 1376 tamenim
1618 1321 1716 1376 decem
1743 1321 1837 1376 tribus

85 1411 247 1478 confirmari
277 1410 416 1463 columnas
451 1410 520 1478 ejas.
555 1410 671 1463 bosram
695 1414 723 1462 et
757 1409 856 1476 lidum,
882 1412 933 1465 tle·
991 1409 1407 1475 eddnctae,cititatcstadoeel
1426 1409 1572 1482 benjamin
1602 1415 1741 1465 vastatae:
1770 1425 1837 1481 pars

85 1497 233 1552 broeornm
250 1495 389 1568 magistri,
407 1497 640 1552 Rornamvotnnt
662 1498 841 1568 intelligi,et
872 1517 934 1555 om·
990 1498 1077 1553 etiem
1089 1498 1208 1552 interior
1222 1497 1344 1552 civitatis
1362 1498 1392 1552 in
1408 1515 1508 1552 mauris
1523 1498 1650 1552 hostiurn
1666 1497 1771 1553 tradita
1798 1497 1836 1553 ab

87 1585 136 1640 nia
152 1587 188 1641 de
203 1586 265 1656 ipsa
285 1585 340 1639 dici
355 1602 420 1658 qnae
435 1585 568 1656 sequenti
584 1587 768 1642 continentur
796 1589 932 1658 capitulo.
952 1625 971 1678 B
992 1585 1082 1654 impio
1096 1589 1124 1640 et
1139 1585 1262 1655 superbo
1277 1584 1410 1653 pontitice
1425 1585 1518 1639 Sobne
1532 1585 1712 1639 manculas.
1728 1588 1782 1638 etc.

125 1676 205 1728 vans.
222 1676 294 1729 8.-
315 1674 454 1740 Qaindics
476 1675 595 1730 ultionis
615 1677 828 1730 dentitionem
854 1680 935 1732 retri-
1027 1675 1108 1729 Vens.
1121 1677 1148 1727 7.
1166 1703 1199 1714 -
1214 1674 1346 1741 Ecceepo
1368 1674 1476 1729 dodoci
1498 1676 1637 1743 spiritum,
1666 1677 1718 1728 ele.
1750 1671 1835 1737 Quasi

88 1762 217 1818 berlionis.
231 1763 298 1817 Post
317 1763 480 1832 generalem
497 1762 598 1818 mnndi
626 1763 825 1832 ultionem,ad
853 1767 935 1821 lern-
991 1761 1089 1817 dicat:
1109 1762 1170 1816 Non
1186 1762 1278 1816 dicam
1295 1762 1505 1832 universaque
1529 1761 1643 1832 Assyrio
1659 1761 1772 1827 taciem,
1800 1776 1838 1815 ne

87 1852 177 1905 selem
195 1850 358 1913 revertitur,
375 1851 560 1922 cniprimnm
587 1852 760 1923 loquebatur
774 1858 803 1907 et
826 1855 937 1908 destru·
993 1866 1086 1905 meam
1107 1849 1203 1904 ridear
1223 1849 1332 1921 jactare
1360 1849 1528 1922 potentiam,
1558 1849 1605 1904 sed
1634 1849 1689 1904 hoc
1722 1865 1836 1905 nuum:

88 1940 214 1993 ctionem
251 1939 312 2009 ejus
334 1938 421 2009 pleno
446 1940 737 2009 sermonedescribil,
758 1958 823 2012 qnae
864 1943 937 1997 tecta
992 1939 1214 2006 Ececegodabo.
1839 2004 1844 2010 ,

87 2032 131 2082 est
144 2045 160 2082 a
172 2028 318 2083 Romanis.
1027 2028 1108 2082 Vens.
1126 2030 1153 2082 8.
1171 2056 1204 2069 -
1219 2029 1254 2082 Et
1269 2029 1382 2082 inuenit.
1400 2029 1547 2098 pugnasse
1575 2026 1769 2084 Sennacherib
1795 2043 1840 2082 re·

123 2119 209 2171 Vnus.
227 2120 388 2174 ll.-lbls
426 2119 493 2173 dvis
518 2120 649 2191 aquatica
672 2121 854 2191 serpentibus
879 2120 936 2177 ini·
992 2132 1057 2187 gem
1085 2114 1266 2186 Assyriorum
1293 2123 1391 2169 contra
1416 2115 1574 2187 AEgyptios,
1599 2121 1666 2184 etas
1695 2115 1841 2187 usquead

87 2207 183 2261 mire:
201 2208 252 2260 has
269 2224 332 2261 ares
345 2207 415 2262 dicit
442 2208 580 2279 losepbns
609 2225 625 2262 a
649 2209 742 2281 tdoyse
768 2210 877 2266 delatas
905 2210 937 2266 iu
992 2203 1149 2260 Chaldaicae
1164 2202 1316 2274 scriptores
1331 2203 1470 2258 historiae.

86 2294 309 2348 bellurncontra
334 2295 495 2364 AEthiopes3
527 2295 595 2366 quia
616 2301 763 2368 serpentes
790 2296 939 2351 ebrsndanl
1029 2293 1116 2348 Vens.
1137 2295 1224 2347 t5.-
1240 2294 1346 2350 Oranti.
1363 2292 1465 2363 (illan.)
1478 2292 1540 2346 lam
1554 2292 1681 2347 securior
1694 2292 1729 2346 de
1741 2292 1841 2346 libera·

87 2383 118 2436 in
133 2388 209 2436 terra
222 2383 271 2436 itta
287 2399 338 2453 per
352 2400 439 2455 qrram
455 2384 584 2438 aditurus
598 2390 675 2441 erat.
992 2380 1082 2435 hone.
1102 2379 1265 2434 Anteenim
1286 2377 1425 2446 escendit,
1438 2378 1486 2432 sed
1516 2393 1575 2432 non
1599 2377 1706 2448 tegitur
1733 2393 1839 2442 erasse,

125 2472 205 2525 Vens.
238 2473 279 2525 lt.
308 2501 344 2511 -
367 2472 474 2527 Nobiles
503 2474 572 2542 ejas.
602 2473 730 2544 Apostoli
763 2473 841 2527 euim
875 2473 938 2545 jam
993 2467 1061 2540 qnia
1076 2485 1128 2539 pro
1145 2466 1266 2538 peccatis
1278 2465 1337 2520 suis
1351 2465 1497 2522 metuebat
1510 2465 1572 2520 brec
1588 2464 1659 2519 iore.

87 2560 264 2612 transierant
277 2559 311 2613 ad
328 2559 518 2628 genteszelii
541 2560 639 2614 fideles
653 2560 847 2616 admonitione
874 2562 937 2632 Spi·
1031 2558 1110 2610 Vens.
1128 2559 1170 2611 ta.
1194 2585 1229 2596 -
1246 2558 1312 2611 Vere
1324 2558 1405 2619 enim,
1422 2557 1553 2609 Domine:
1575 2553 1673 2609 multis
1702 2552 1841 2623 probatur

87 2646 162 2699 ritus
178 2645 279 2715 saneti,
294 2645 465 2700 imminente
482 2646 657 2716 captivitate,
672 2647 849 2702 transierunt
875 2649 937 2703 lor·
995 2645 1119 2700 historiis
1151 2643 1261 2699 venisse
1288 2660 1369 2714 reges
1393 2645 1543 2698 Persarum
1573 2642 1603 2697 in
1635 2641 1783 2711 Grmeiarn,
1813 2647 1842 2697 et

88 2735 196 2789 denern
211 2735 241 2788 in
256 2750 378 2806 regnum
390 2735 525 2806 Agrippas
538 2735 587 2806 qni
603 2752 703 2806 pacem
722 2736 846 2791 babebat
873 2753 937 2790 curn
994 2734 1209 2806 snbvertisscel
1218 2733 1357 2804 spoliasse
1373 2734 1488 2803 templa.

90 2823 238 2878 Romanis.
1030 2823 1109 2877 Vens.
1135 2825 1181 2876 tl.
1201 2850 1238 2864 —
1265 2823 1300 2877 El
1326 2821 1414 2876 misit.
1442 2819 1566 2875 Historia
1589 2819 1655 2874 libri
1676 2820 1787 2890 Regum
1813 2822 1841 2875 et

399 2894 511 2949 CAPUT
531 2894 627 2951 XXXV·
955 2909 975 2963 C
995 2911 1279 2981 paralipomenorum
1304 2908 1479 2963 admiscetur
1516 2907 1685 2979 prophetiae.
1709 2909 1777 2981 qula
1799 2911 1843 2963 est

128 3001 216 3055 Vens.
249 3002 271 3054 l.
294 3029 329 3038 -
351 3000 511 3054 Laetabitur.
540 3000 672 3071 Exposita
698 3000 861 3072 captivitate
890 3003 939 3055 ln·
993 2999 1143 3071 prophetia
1158 2998 1193 3052 de
1209 2998 1379 3053 liberatione
1409 2996 1498 3058 urnis.
1524 2996 1692 3069 deintcritu
1720 2995 1839 3068 Assyrii,

90 3089 253 3153 daeoruum,
265 3087 324 3158 agit
336 3087 369 3140 de
385 3087 569 3142 conversione
585 3088 725 3158 gentiunt.
994 3089 1029 3143 de
1045 3086 1206 3141 reversione
1221 3087 1299 3152 solis,
1317 3086 1394 3139 etde
1409 3084 1492 3138 annis
1507 3082 1633 3138 Ezechiae
1648 3083 1761 3138 additis.

128 3178 251 3231 varst.
280 3177 740 3248 -Snron.Poputilndaenrnm;
766 3179 940 3234 nndezErtt
1030 3175 1112 3228 Vens.
1148 3178 1193 3229 tt.
1223 3204 1257 3213 -
1281 3175 1354 3229 Filia
1373 3173 1538 3227 Jerusalem.
1562 3172 1631 3237 Qnae
1672 3172 1751 3241 prins
1782 3187 1842 3227 nen

90 3267 179 3322 Saron
190 3268 260 3320 sicat
274 3264 409 3320 desmlom
425 3265 492 3332 (isa.
508 3265 603 3335 axau).
994 3263 1192 3334 responderat,
1203 3262 1352 3334 jemeerte
1366 3262 1401 3316 de
1416 3261 1535 3324 ultione,
1552 3276 1650 3316 secura
1661 3262 1695 3314 de
1711 3276 1805 3331 piena.

127 3354 209 3408 Vnus.
227 3357 254 3407 7.
270 3382 304 3393 -
323 3354 527 3408 Virorculami.
546 3352 859 3424 lmpletioSeriplnrse,
875 3370 941 3425 quae
1029 3352 1109 3406 Vnus.
1139 3354 1185 3406 25.
1216 3380 1251 3391 -
1287 3353 1322 3406 El
1349 3351 1493 3405 cccicccoi.
1529 3351 1635 3404 Tantus
1660 3348 1715 3403 snit
1739 3347 1843 3404 exerci-

90 3442 320 3512 percalamnm;
341 3439 553 3496 etintentionis
581 3440 767 3512 adjutorium,
796 3457 862 3514 qnae
888 3459 942 3514 per
994 3445 1041 3495 tus
1059 3445 1091 3495 nt
1105 3441 1214 3495 fluenta
1227 3438 1411 3508 exsiccarent,
1430 3442 1458 3493 et
1481 3438 1547 3493 ideo
1575 3444 1773 3510 puteosaqnaa
1797 3436 1842 3493 in·

87 3532 211 3603 juncum
228 3547 234 3583 :
250 3531 462 3600 calamuseninr
479 3531 619 3601 etjuecus
630 3530 712 3600 juxta
727 3547 816 3602 aquas
842 3531 940 3587 erirrn-
995 3528 1062 3601 epia
1079 3529 1214 3584 iacerent.

92 3624 140 3674 tnr
152 3623 181 3672 et
199 3617 301 3672 virent.
1031 3620 1113 3673 l'aas.
1130 3621 1175 3672 29.
1193 3648 1227 3657 -
1247 3617 1392 3686 Superbia.
1426 3614 1489 3686 (inl
1506 3616 1567 3670 Non
1591 3617 1665 3670 ultra
1684 3614 1841 3680 sustinebo,

394 3688 507 3742 CAPUT
527 3687 636 3743 xxm·
997 3706 1113 3761 ulscias
1144 3711 1171 3760 te
1190 3704 1446 3759 nonriribushcec
1468 3704 1604 3774 poluisse,
1634 3703 1683 3757 sed
1711 3702 1844 3758 arbritrio

129 3795 211 3849 Vnus.
252 3796 277 3849 t.
294 3795 502 3861 -Etfaelum
525 3798 574 3847 est.
597 3792 701 3864 (lirae.)
728 3792 802 3848 timi
831 3795 941 3865 ilegnm
996 3810 1071 3849 mee.
1088 3793 1269 3847 iterabantur
1281 3791 1358 3845 enim
1376 3790 1473 3860 impie}
1487 3796 1588 3861 gentes
1602 3795 1631 3843 et
1660 3790 1844 3844 infructuosae

94 3887 124 3937 et
139 3883 420 3954 paralipomenorum
430 3882 622 3949 consentiunt,
637 3885 704 3950 ete,
716 3897 799 3951 aspre
810 3882 847 3936 ud
861 3883 941 3936 leru·
996 3883 1112 3938 arbores
1127 3888 1158 3935 nt
1171 3896 1222 3952 per
1241 3885 1279 3945 te,
1297 3879 1379 3950 qnasi
1395 3878 1517 3933 securim
1528 3878 1752 3933 succiderentur.
1803 3903 1805 3906 ·

95 3972 184 4026 salem
204 3971 325 4026 obsedit.
1034 3973 1113 4026 Vens.
1136 3972 1230 4025 30.—
1263 3968 1324 4023 Tibi
1351 3973 1451 4023 aulem.
1481 3967 1543 4038 (ln.)
1576 3965 1678 4022 Omnia
1704 3965 1764 4021 hose
1793 3980 1845 4036 per

132 4061 211 4114 Vens.
236 4056 615 4129 s.-smm.pn.)soona
639 4058 740 4124 scriba,
772 4057 857 4128 alins,
886 4075 943 4114 non
997 4057 1262 4129 nrrnliosi’rophete
1276 4058 1310 4112 ad
1328 4057 1475 4112 Ezechiam
1491 4055 1628 4126 loquitur,
1647 4054 1715 4125 qnid
1731 4055 1844 4110 Senna-

95 4148 245 4220 superbus,
262 4149 340 4219 qnia,
363 4150 395 4201 nt
413 4147 531 4203 tradunt
559 4147 681 4215 Hebraei,
716 4147 941 4202 comminatione
957 4191 977 4244 υ
997 4147 1104 4216 charib,
1121 4147 1234 4213 dixerit,
1251 4146 1320 4218 qnid
1344 4146 1370 4201 ei
1386 4144 1523 4201 Dominus
1538 4144 1740 4215 responderit:
1767 4158 1844 4198 nnnc

97 4235 229 4292 tlabsacis
269 4235 447 4306 perterritus,
479 4234 643 4290 inferiorern
678 4242 790 4306 partem
821 4232 942 4288 civitatis
997 4239 1032 4293 ad
1049 4237 1144 4309 ipsum
1164 4237 1250 4292 verba
1270 4234 1420 4301 convertit,
1450 4232 1606 4289 nedabitct
1632 4237 1752 4286 seelera
1777 4246 1843 4303 quae

96 4323 224 4392 tradidit,
240 4340 303 4379 aree
318 4329 485 4379 remanente
501 4329 530 4378 et
545 4327 661 4396 templo.
998 4325 1141 4399 prodixit.
1154 4325 1185 4381 ln
1200 4326 1254 4381 hec
1264 4324 1342 4380 enim
1358 4323 1481 4379 marinae
1500 4319 1646 4394 prophetis
1663 4319 1841 4384 credebatur,

133 4412 563 4468 Vens.4.-llaecdicit.Sicut
583 4414 712 4468 sarsana
738 4416 819 4484 petre
841 4411 941 4467 audie·
997 4414 1137 4489 quianon
1155 4415 1248 4469 sotum
1274 4410 1627 4485 longepostiulura,sed
1657 4408 1686 4462 in
1713 4407 1843 4477 proximo

94 4508 149 4569 rel,
164 4501 307 4557 haecdicit
335 4502 492 4557 Dominus:
518 4508 547 4555 et
563 4506 593 4555 nt
617 4501 700 4555 verba
731 4501 792 4572 ejus
818 4501 943 4556 habeant
996 4503 1168 4576 complenda
1180 4501 1367 4558 testabantur.

93 4593 188 4663 majus
210 4591 333 4662 pondus,
361 4595 440 4645 nolet
462 4591 682 4662 arrogantiam:
707 4592 772 4644 llere
799 4590 868 4645 dicit
892 4606 939 4645 rex
1031 4596 1066 4650 Et
1088 4595 1117 4648 in
1135 4608 1218 4648 avirra.
1239 4591 1352 4648 Scilicet
1376 4589 1546 4645 imminente
1569 4603 1669 4651 messe,
1697 4585 1844 4641 irruerunt

92 4695 227 4749 magnus,
241 4680 323 4751 qnasi
334 4680 477 4735 contrario
491 4681 640 4735 tortitudo.
787 4669 799 4689 ⁸
995 4681 1114 4756 Assyrii,
1127 4685 1157 4737 et
1171 4683 1353 4736 vastaverunt
1366 4694 1482 4743 messes,
1505 4679 1534 4730 et
1550 4675 1653 4741 vineta,
1669 4679 1697 4729 et
1716 4673 1818 4727 oliveta
1834 4688 1841 4728 τ

130 4770 211 4823 Vens.
241 4772 267 4823 e.
298 4798 333 4809 -
355 4769 426 4823 Ecce
453 4769 577 4837 caripdis.
607 4768 819 4839 (lollienlilnr
845 4769 939 4840 plane.
996 4761 1669 4836 alebnirniemohsidionem,quodexgranis
1698 4766 1844 4834 repertum

93 4946 233 5018 P⁰⁵¹¹i⁸⁸⁶·
996 4945 1064 5019 quta
1078 4946 1156 5003 enirn
1177 4944 1206 5001 in
1221 4959 1297 4999 aurio
1314 4939 1468 4997 obsidionis
1482 4954 1575 4994 serere
1602 4954 1658 4993 non
1678 4938 1843 5010 potnerunt,

133 5035 211 5090 Vens.
233 5038 259 5090 8.
276 5065 310 5076 -
328 5036 382 5090 Nec
403 5038 517 5105 poteris.
534 5037 596 5090 Non
608 5051 641 5090 ex
665 5034 871 5103 imbecillitate,
893 5035 941 5091 sud
996 5050 1061 5109 qum
1078 5040 1247 5108 repererunt
1262 5048 1293 5087 ex
1305 5029 1397 5105 promis
1408 5036 1436 5086 st
1451 5028 1580 5099 frugibus
1595 5029 1789 5099 sumpserunt.

91 5130 305 5196 praceptorum
322 5122 434 5178 Domini
446 5123 653 5190 observatione,
669 5122 720 5194 qui
749 5138 800 5194 pen
828 5122 941 5195 tloyreu
1034 5122 1119 5180 Vens.
1136 5127 1180 5177 tlt.
1197 5150 1231 5163 -
1254 5122 1407 5191 Propterea.
1428 5119 1489 5189 (lun
1512 5114 1718 5172 tterertilurod
1738 5128 1843 5185 propo·

91 5213 130 5269 de
150 5228 217 5282 rege
235 5213 319 5267 lsrael
346 5211 492 5282 praecepit,
515 5212 633 5266 dicens:
663 5212 721 5267 Non
744 5209 941 5283 multiplicabis
996 5209 1094 5281 slttnn,
1110 5216 1138 5267 et
1155 5214 1219 5282 poll
1234 5210 1396 5265 tuturnrurn
1413 5222 1492 5278 spem
1510 5210 1616 5259 ructum
1643 5201 1750 5257 excutit
1774 5217 1844 5273 psae-

92 5300 147 5356 tibi
161 5314 251 5369 88803,
265 5305 290 5354 et
302 5315 412 5365 tumis.
427 5316 473 5354 uec
490 5315 588 5356 naeres
602 5301 746 5371 plurimas.
996 5303 1118 5357 cantore.
1130 5298 1185 5357 llus
1200 5296 1277 5353 eninr
1289 5301 1367 5353 tauta
1382 5295 1437 5351 erit
1452 5293 1552 5349 latitia
1565 5291 1599 5346 de
1623 5291 1668 5347 his
1694 5306 1758 5361 que
1771 5306 1841 5362 pro·

129 5390 212 5444 Vens.
247 5392 291 5444 l6.
326 5417 360 5430 -
383 5390 473 5443 Facite
508 5403 609 5443 mecum
638 5387 855 5456 benedictionem,
887 5391 940 5443 cte.
997 5379 1750 5458 nrtttebntltrtnre,rprautudeirrnniuentibnsenra.

92 5477 222 5535 Larrdate
247 5493 302 5541 me,
339 5474 501 5530 benedicite
528 5492 586 5531 me.
610 5476 659 5531 Vel
682 5475 755 5531 sicet
780 5474 865 5531 trabat
888 5475 943 5531 ntia
1035 5476 1117 5531 Varis.
1136 5477 1178 5527 88.
1198 5502 1230 5515 -
1252 5476 1368 5545 t'ropter
1393 5488 1443 5528 mc.
1461 5469 1618 5543 Siguiltcat,
1635 5469 1702 5542 quia
1725 5485 1783 5526 nrm
1810 5487 1842 5525 ex
1876 5539 1880 5545 ι
