3892 6106
136 289 186 343 587
456 281 654 338 wataFtttut
675 282 799 338 STllel
820 279 920 336 atta.
942 281 1022 335 iton.
1043 281 1122 337 ΟΡΡ.
1146 278 1233 335 PARS
1253 279 1274 333 l.
1294 305 1331 319 -
1349 276 1577 334 ttttlotoctcrt.
1665 303 1666 307 ¹
1842 279 1893 332 588

133 408 283 479 Templum
300 407 378 461 caim
393 422 504 460 versum
520 405 554 459 ad
571 404 710 459 orientem
727 408 789 457 crat
808 403 877 457 sicut
892 407 921 458 et
940 404 1023 462 ta·tl
1044 403 1086 457 ris
1100 402 1231 458 dicotur:
1248 403 1301 458 Noc
1315 404 1360 454 sir
1380 403 1517 470 perfectus
1538 402 1568 455 in
1586 399 1807 469 generationibus
1822 402 1892 468 sais,

132 494 319 550 bernaculum
338 511 344 547 τ
365 493 544 562 habebatque
568 489 673 544 ostium
698 488 734 542 ab
747 487 858 542 vriessie
885 493 982 542 conisa
1042 498 1092 548 ct:
1115 495 1193 549 Beati
1217 491 1386 547 immaculati
1399 492 1429 544 ia
1451 492 1509 558 oio,
1526 495 1553 544 ct
1569 489 1781 561 lurjuscemodi‚
1799 491 1893 545 nullus

135 583 239 637 ostium
254 582 365 652 templi,
375 583 457 652 juxta
480 579 645 651 losephum‚
671 577 712 632 ita
733 581 765 630 ut
790 576 830 630 sol
856 576 983 648 aequiuo-
1039 596 1103 635 rere
1118 580 1259 652 periectas
1275 585 1303 634 et
1319 580 1380 634 sine
1400 579 1510 633 macula
1525 578 1599 632 riam
1616 579 1702 650 hujus
1723 578 1791 634 vita
1814 578 1891 633 ince-

134 665 224 725 ctialis
239 670 333 724 oriens
346 667 460 725 directis
476 667 623 722 radiorum
641 665 723 719 lineis
744 680 795 736 per
820 665 892 719 ostia
917 664 982 733 tria,
1039 669 1106 724 doro
1120 674 1224 740 potest.
1241 669 1303 722 Non
1318 672 1360 721 est
1375 666 1453 721 enim
1470 665 1520 739 qui
1533 667 1616 721 iaciat
1636 666 1760 735 bonrrm,
1781 672 1811 722 ct
1835 684 1889 722 nou

134 759 271 830 porticus,
295 758 410 823 scilicet,
439 755 540 826 templi
563 760 593 809 et
616 753 734 820 oraculi,
768 768 862 807 arcam
899 758 983 808 testa·
1040 762 1145 830 peccet.
1162 756 1215 812 Sed
1229 755 1387 811 secundum
1411 755 1497 826 hujus
1519 753 1658 826 taurporis
1683 753 1803 809 modum
1827 769 1892 825 per-

134 847 224 902 menti
240 845 433 917 perfunderet,
453 844 603 914 Templum
619 842 773 896 Ecclesiam
789 841 904 909 figurat,
921 857 985 912 por·
1039 845 1150 900 iactiet
1173 845 1350 900 immaculati
1374 849 1523 910 vocantur,
1551 843 1601 914 qui
1623 848 1692 899 triac
1713 859 1781 898 scre
1805 842 1889 914 perfi-

136 936 208 990 ticus
221 951 286 1006 quae
301 939 367 989 ante
380 934 519 1006 templum
535 932 615 1004 prior
627 933 723 986 iumen
734 930 801 985 solis
816 930 983 1002 recipiebat,
1039 936 1164 1000 ciuntur,
1180 951 1245 989 cum
1263 934 1382 989 nexibus
1396 933 1524 1004 corporis
1540 931 1663 988 absoluti
1679 933 1716 989 ad
1740 933 1888 987 immorta-

135 1024 212 1079 illam
236 1024 364 1078 Ecclesiae
388 1027 501 1093 partem
526 1038 590 1093 quae
616 1019 730 1075 Domini
755 1020 1003 1074 incarnationem·
1040 1024 1213 1079 tcmdomus
1229 1022 1342 1078 Domini
1358 1022 1489 1077 decorem
1505 1022 1700 1091 pervenerint.

135 1111 282 1184 praecessit
298 1126 305 1164 ι
319 1111 349 1166 in
364 1126 420 1182 qua
434 1110 605 1181 patriarchae
620 1113 648 1163 et
671 1107 821 1179 prophetae
844 1107 983 1162 orientem
1075 1113 1156 1168 Vens.
1174 1114 1200 1167 8.
1218 1143 1251 1152 -
1266 1112 1370 1168 Ostium
1383 1111 1485 1165 lateris.
1501 1111 1594 1178 (Beni,
1608 1109 1690 1174 iord..
1703 1126 1767 1182 cap.
1781 1111 1826 1177 8.)
1838 1110 1889 1175 Oui

133 1200 253 1272 justitiae
269 1200 358 1254 solcrn
374 1199 460 1271 primi
475 1202 670 1270 susceperunt,
687 1196 852 1252 etnascenti
863 1196 985 1252 Domino
1040 1201 1107 1256 dnm
1122 1202 1198 1256 hunc
1213 1202 1307 1256 locum
1323 1200 1397 1254 male
1413 1199 1617 1270 intelligentes.
1635 1203 1708 1266 etc,
1719 1215 1808 1270 usqae
1819 1201 1855 1254 ad
1864 1207 1890 1254 et

137 1291 166 1345 in
182 1307 266 1345 carne
280 1290 407 1355 vivendo,
425 1289 617 1361 predicando,
629 1286 781 1358 nascendo,
793 1292 821 1343 et
836 1286 984 1342 moriendo
1040 1289 1112 1343 bene
1127 1305 1218 1344 unum
1240 1289 1357 1354 ostium,
1383 1294 1503 1359 propter
1523 1303 1678 1342 consonam
1704 1288 1735 1343 iu
1758 1287 1889 1343 omnibus

137 1380 301 1436 testimonio
315 1380 513 1452 praebuerunt.
1040 1378 1145 1433 sanctis
1156 1378 1243 1433 tidem
1256 1382 1284 1432 et
1298 1377 1479 1432 dilectionem
1492 1376 1629 1432 veritatis.

175 1470 282 1538 Vipiati
313 1468 464 1523 cubitorum
499 1466 689 1535 lonpitudiais.
715 1466 801 1535 juata
832 1479 984 1519 massuram
1075 1467 1265 1523 Ascendctoat
1285 1469 1314 1520 tn
1339 1465 1455 1520 madiam
1470 1465 1634 1519 carrucatam
1659 1471 1684 1519 ct
1709 1481 1728 1520 a
1753 1466 1842 1520 medio
1863 1468 1888 1520 ia

139 1557 294 1612 latitudiuis
309 1557 410 1625 tempti.
430 1555 522 1623 (Rana,
538 1554 587 1608 lib.
604 1554 639 1608 dc
652 1560 731 1623 temp.
758 1554 870 1620 Salam,
894 1567 918 1606 c.
947 1552 986 1620 a.)
1040 1559 1160 1612 tertium.
1176 1555 1380 1618 Etaedificuuit.
1406 1553 1501 1623 (Beni,
1517 1552 1600 1622 ibid.)
1627 1554 1793 1609 Notandum
1818 1556 1889 1626 quod

139 1645 210 1711 Quia
238 1644 349 1716 antiqui
375 1643 444 1713 justi
484 1643 512 1696 in
542 1640 680 1712 patientia
708 1644 736 1696 et
767 1640 985 1711 longanimitate
1028 1645 1158 1714 .triginta
1174 1643 1261 1698 cttlsiti
1278 1641 1435 1697 altitudinis
1449 1642 1484 1697 de
1496 1658 1553 1713 quo
1573 1658 1660 1712 supra
1683 1642 1800 1712 legitur,
1827 1650 1889 1708 etc,

140 1733 351 1805 exspectabunt,
368 1738 432 1795 otc,
455 1746 539 1800 usque
562 1731 599 1785 od
621 1734 717 1784 tamen
742 1730 901 1785 doctrinam
927 1730 987 1800 ejus
1043 1733 1177 1802 usquead
1191 1733 1257 1803 qrria
1272 1747 1397 1787 consona
1412 1736 1508 1785 mente
1524 1734 1553 1785 ct
1571 1746 1639 1785 socc
1664 1747 1767 1786 omnes
1792 1732 1889 1786 diviua

140 1823 239 1877 atrdirc
255 1828 283 1876 et
302 1824 478 1875 sacramenta
494 1819 642 1891 percipere
653 1818 852 1890 nequiverunt.
1043 1821 1200 1893 majestatis
1216 1821 1336 1891 gloriam
1352 1819 1563 1874 collaudabunt.

177 1913 257 1965 Vnus.
274 1911 300 1964 4.
320 1940 352 1949 —
367 1909 547 1963 -Fcrrcstrcs
559 1907 683 1976 obliquos
710 1909 767 1974 (ln,
778 1907 858 1974 ibid,
870 1923 932 1977 cap.
947 1908 988 1975 7.)
1079 1911 1165 1965 Vens.
1185 1913 1210 1965 9.
1228 1939 1262 1951 —
1276 1908 1472 1978 laquearibus.
1490 1909 1587 1978 (Runa,
1603 1907 1683 1977 ibid,
1700 1925 1768 1982 cap.
1789 1911 1829 1981 9.)
1847 1911 1890 1965 La

142 2000 257 2055 Sanctos
282 1999 412 2053 doctores
446 1997 549 2066 quibus
573 2000 669 2051 mente
689 1995 890 2050 excedentibus
920 1996 988 2061 Deo,
1043 1998 1160 2069 qncaria
1179 2002 1246 2053 srrnt
1259 1997 1395 2064 tabulata,
1412 2013 1469 2069 quo
1486 2012 1591 2067 magno
1605 1996 1708 2052 decore
1732 1999 1888 2070 composita

141 2105 243 2145 arcana
258 2087 415 2142 caelestium
440 2085 591 2156 specialius
618 2085 712 2139 videro
740 2084 915 2140 conceditur.
936 2083 990 2149 Qui
1045 2092 1194 2154 stomata,
1211 2087 1246 2141 ab
1261 2085 1392 2141 inferiori
1409 2090 1490 2157 parte
1513 2085 1642 2139 trabibus
1669 2085 1840 2156 diliguntur,
1864 2093 1889 2142 et

142 2177 211 2232 dum
235 2192 299 2248 quar
315 2175 344 2229 in
362 2174 472 2229 occulto
494 2173 598 2235 rident,
624 2173 736 2244 publice
751 2174 891 2242 pandant,
909 2166 991 2243 quasi
1044 2176 1112 2248 quia
1137 2180 1227 2229 ternoe
1252 2174 1410 2229 altitudinis
1437 2174 1539 2228 domus
1565 2173 1679 2228 Domini
1708 2173 1784 2230 iacta
1821 2181 1889 2242 erat,

141 2271 271 2336 suscepto
287 2265 396 2319 lumine
412 2263 479 2318 solis
499 2263 631 2317 lenestrae
653 2267 755 2316 cuncta
779 2261 879 2332 templi
899 2277 990 2332 pcne-
1044 2263 1262 2318 teruahabcbut
1285 2261 1441 2333 laqrrcnria.
1464 2262 1572 2317 Sanctis
1597 2261 1818 2316 sublimioribus
1844 2263 1891 2316 sci·

140 2355 224 2410 tralia
238 2354 361 2425 replent.
378 2351 457 2407 Unde
478 2351 613 2422 obliquae,
639 2350 667 2405 id
692 2357 744 2417 est,
773 2350 849 2405 intus
873 2349 987 2405 latiores
1044 2352 1118 2420 licet,
1135 2368 1258 2423 quorum
1275 2367 1348 2422 opas
1362 2355 1392 2406 et
1405 2350 1533 2406 doctrina
1550 2350 1699 2404 crrnctisin
1712 2352 1821 2422 templo
1832 2368 1892 2424 pro-

140 2443 226 2498 fuisse
240 2442 428 2514 perhibentur
445 2457 450 2496 :
467 2440 534 2512 quia
549 2440 599 2512 qui
611 2439 699 2511 jubar
713 2456 844 2511 supernae
859 2445 987 2495 contern-
1040 2440 1143 2511 posita,
1160 2440 1242 2511 qnasi
1258 2439 1372 2510 longius
1387 2439 1416 2493 in
1433 2440 1490 2493 alto
1504 2438 1712 2510 praemiacum
1727 2440 1892 2512 quicunque

140 2531 371 2604 piationisrclad
384 2534 553 2584 moncatum
565 2528 695 2600 percipit,
707 2545 772 2582 mox
784 2527 880 2582 sinum
896 2527 988 2583 cordis
1041 2527 1255 2596 intercedendo,
1287 2526 1474 2593 caltortando,
1504 2526 1615 2581 animas
1650 2527 1833 2584 intirmorum
1858 2547 1892 2585 na

141 2621 265 2691 arnplius
279 2619 444 2689 castigando
461 2617 570 2683 dilatat,
588 2621 616 2671 et
630 2617 665 2671 ad
681 2617 791 2688 maiora
816 2615 988 2688 capessenda
1042 2615 1186 2683 deliciunt,
1204 2619 1364 2687 protegant.

141 2710 237 2770 solerti
253 2708 453 2764 exercitatione
467 2710 619 2778 preparat.
1079 2705 1211 2761 cedrinis.
1228 2706 1291 2774 (lm,
1309 2703 1389 2772 ibid.)
1403 2703 1508 2759 Cedrus
1521 2703 1815 2774 arborimputribilis,
1828 2710 1892 2771 etc..

177 2798 258 2852 ilaus.
276 2794 523 2862 (tls'taedr'licoeit,
544 2795 597 2846 etc.
616 2793 676 2860 (ln,
697 2790 990 2860 ibid.)ilcnctabulata
1043 2809 1129 2864 tuque
1153 2793 1191 2848 ad
1214 2793 1271 2847 nisi
1296 2792 1415 2863 diligere
1441 2794 1531 2847 Deum
1562 2808 1595 2846 ex
1628 2793 1808 2861 totocorde,
1835 2799 1893 2849 tota

142 2888 171 2942 iu
188 2884 341 2956 Evangelio
357 2882 406 2937 ubi
421 2881 559 2936 Dominus
574 2879 877 2947 tentaturadiabolo,
894 2879 992 2951 pinna·
1045 2882 1152 2950 anima,
1179 2884 1238 2936 tota
1266 2880 1382 2946 virtuto,
1417 2887 1446 2934 et
1480 2880 1643 2952 proximum
1671 2887 1808 2952 munnam
1843 2899 1893 2937 nos

142 2973 475 3044 culatcmplirocantur‚
492 2975 556 3038 etc,
573 2985 658 3039 usquc
686 2969 869 3040 adquorum
896 2969 989 3024 maxi·
1045 2970 1133 3042 ipsos.

143 3079 219 3117 mam
235 3065 344 3134 partem
361 3075 464 3114 uxores
480 3058 630 3131 reliquisse
643 3057 813 3129 completius
826 3058 915 3112 sancti
928 3038 1027 3112 Sta·C
1081 3060 1162 3113 Vens.
1194 3060 1237 3114 ro.
1267 3090 1299 3099 -
1331 3059 1494 3113 Trrbulotunr
1523 3073 1604 3128 super
1641 3074 1744 3114 omnem
1786 3061 1892 3115 domam

142 3149 231 3220 plani
247 3153 366 3203 testatur
379 3145 508 3214 historia,
524 3146 572 3200 ubi
587 3145 708 3200 laminas
728 3144 829 3200 cadem
849 3145 991 3215 religione
1045 3144 1271 3218 quinquecubitis
1278 3147 1443 3202 altitudinis.
1459 3147 1648 3218 (Banaiibid.)
1661 3147 1712 3202 llic
1726 3164 1891 3218 supremum

143 3240 283 3309 pollentes
298 3252 356 3290 non
371 3235 517 3306 conjuges,
532 3234 580 3289 sed
595 3235 694 3289 viduas
705 3249 804 3288 eorum
816 3235 952 3305 appellat.
1045 3237 1135 3306 ipsius
1149 3237 1252 3291 domus
1266 3241 1372 3290 tectum
1390 3235 1502 3302 dicitur,
1530 3240 1597 3305 otc,
1626 3237 1711 3305 usque
1729 3238 1768 3291 ud
1790 3239 1820 3292 in
1843 3242 1892 3308 spi·

178 3327 287 3380 latero.
304 3323 368 3394 (ln,
383 3321 465 3391 itta.)
482 3322 512 3375 ld
536 3326 578 3376 est
603 3323 748 3390 luriculas,
774 3338 812 3376 ne
838 3322 902 3393 quis
924 3322 990 3377 iuda
1044 3328 1137 3380 ritaret
1149 3327 1250 3380 uirtute
1262 3327 1339 3379 Etiae.

144 3414 225 3468 facilc
239 3413 274 3466 ad
291 3412 428 3466 interiora
442 3410 595 3478 decideret,
623 3417 688 3479 etc,
712 3426 797 3480 usqae
821 3411 858 3466 ad
878 3410 989 3482 Latera,
1080 3414 1163 3467 Vens.
1181 3413 1628 3483 lii.-Etaedilicuvitporietes
1648 3414 1889 3486 (Bran.,itid.)ln·

144 3504 172 3558 id
191 3507 242 3571 est,
260 3517 356 3556 muros
380 3502 423 3555 rel
447 3501 597 3570 cancellos,
622 3501 665 3554 rel
688 3500 834 3568 luriculas,
861 3501 991 3557 ductores
1044 3501 1184 3557 trinsecus
1198 3501 1430 3573 quidcmdomns
1444 3503 1527 3557 cedro
1541 3507 1602 3557 erat
1621 3501 1731 3571 vestita,
1758 3508 1822 3572 etc,
1848 3518 1890 3557 as-

144 3593 174 3647 in
191 3590 325 3646 tabnlatis
338 3590 477 3657 sedentes,
494 3589 541 3661 qni
558 3589 592 3643 ad
618 3587 849 3644 circumstantem
872 3589 991 3644 interius
1045 3606 1097 3661 que
1112 3591 1149 3644 od
1161 3590 1208 3645 scd
1222 3606 1279 3644 non
1296 3590 1404 3646 liabens
1419 3607 1491 3662 quos
1506 3595 1632 3661 portent.

145 3681 285 3753 populum
303 3679 555 3734 concionabantur.
1080 3682 1200 3735 Parietes
1225 3679 1329 3734 domus.
1346 3680 1522 3751 Operiuntur
1543 3695 1608 3733 cum
1644 3678 1731 3733 corda
1763 3678 1886 3735 fidelium

181 3768 261 3822 Vens.
278 3769 303 3821 6.
319 3798 353 3807 -
371 3768 470 3822 Trabes
485 3772 574 3822 cratem
586 3766 678 3837 ‚roseit
697 3770 726 3822 ia
740 3767 817 3823 domo
828 3783 877 3837 per
891 3771 990 3824 circai-
1045 3784 1143 3823 amore
1161 3769 1299 3822 virtutum
1317 3768 1487 3823 redundant.
1504 3766 1582 3822 Sicut
1602 3767 1679 3822 onim
1702 3768 1807 3823 cedrus
1828 3785 1888 3839 per·

146 3857 377 3923 tumsoriasecus.
405 3856 511 3924 ibaar..
540 3854 621 3925 ibid.)
648 3856 754 3910 Domus
776 3872 841 3928 quoe
865 3856 992 3911 tabulata
1045 3857 1134 3912 tectos
1155 3855 1307 3927 significat,
1333 3856 1373 3911 ita
1396 3857 1464 3912 locis
1484 3857 1664 3928 opportunis,
1689 3856 1884 3913 celsitudinem

146 3949 270 4014 portant,
279 3946 351 4009 'etc.,
367 3958 452 4012 usque
467 3944 505 3998 ad
520 3949 548 3998 et
555 3949 651 3998 tamen
660 3961 694 3998 ex
705 3943 746 3998 eis
756 3961 820 4016 quae
834 3945 991 4016 loquendo,
1045 3945 1194 4012 virtutum,
1209 3945 1314 4016 quibus
1337 3945 1373 4000 ad
1396 3947 1528 4001 eamdem
1550 3945 1716 4017 pervcnitur
1743 3947 1887 4018 perfectio·

145 4031 268 4103 agendo,
283 4032 328 4085 val
342 4030 480 4101 patiendo
495 4031 563 4086 ioris
577 4033 742 4099 ostendunt,
764 4032 926 4088 invenimus
947 4050 991 4087 sa·
1046 4049 1123 4088 nem.

146 4122 214 4177 lutis
229 4119 377 4176 auxilium.
1081 4125 1106 4178 Α
1120 4124 1284 4192 pauimento.
1305 4124 1452 4194 Tegantur
1465 4122 1561 4178 omnia
1576 4123 1672 4195 tignis.
1694 4140 1710 4179 a
1732 4123 1889 4195 pavimento

184 4210 293 4276 Trabes,
319 4216 382 4272 etc,
405 4210 565 4274 lorinsecus.
588 4208 686 4263 'lantae
709 4208 897 4281 longitudinis
921 4214 992 4280 crat,
1048 4213 1149 4267 domus
1164 4210 1302 4283 usquead
1318 4212 1512 4267 summitatem
1528 4213 1673 4283 parietum
1695 4216 1723 4267 et
1746 4211 1889 4285 usquead

147 4306 179 4356 ut
206 4299 298 4371 capita
324 4314 422 4352 aarum
437 4297 594 4351 lorinsecus
615 4296 824 4367 prominerent.
840 4297 870 4351 ln
891 4298 992 4352 intimo
1047 4299 1202 4372 laquearia,
1217 4315 1282 4355 cum
1296 4300 1378 4355 electi
1393 4317 1408 4354 a
1424 4301 1524 4372 primis
1540 4301 1607 4357 fidei
1619 4300 1791 4357 rudimentis
1807 4317 1889 4375 usque

147 4388 245 4443 ordino
262 4385 423 4441 cubitorum
443 4389 561 4455 septam,
578 4383 607 4438 in
623 4384 717 4438 medio
737 4400 795 4449 sex,
812 4384 843 4439 in
856 4401 990 4456 supremo
1006 4389 1028 4444 l)
1047 4390 1081 4445 ad
1095 4389 1298 4461 perlectionem
1314 4389 1397 4445 bonae
1419 4390 1549 4460 actionis,
1567 4395 1702 4463 utusque
1720 4391 1758 4446 ad
1781 4391 1890 4464 ingres·

147 4475 285 4548 quinque,
300 4478 330 4528 nt
354 4472 384 4527 in
406 4472 547 4542 capitibus
569 4488 666 4526 carum
690 4473 815 4529 tabutata
839 4489 994 4545 compone·
1050 4495 1113 4534 sum
1128 4479 1228 4549 patriae
1242 4479 1361 4534 coelestis
1374 4479 1511 4535 insudant
1529 4479 1662 4550 operibus
1678 4480 1771 4550 bonis,
1797 4497 1892 4538 cums

146 4568 256 4629 rentur,
271 4576 330 4614 non
342 4559 432 4613 muris
444 4559 543 4629 templi
556 4558 654 4626 iuilxa,
671 4560 718 4614 sed
731 4560 814 4631 juxta
829 4576 927 4617 muros
941 4567 996 4616 tra·
1049 4567 1150 4639 primis
1158 4567 1242 4639 iustis
1255 4584 1345 4639 usque
1360 4568 1396 4623 ad
1409 4569 1528 4623 ultimos
1543 4568 1573 4623 in
1587 4571 1836 4626 consummatione
1850 4586 1894 4625 se·

147 4648 229 4704 bibtss
243 4662 308 4719 (111(θ
322 4646 357 4700 de
372 4645 462 4700 muris
475 4645 612 4714 memb
629 4648 817 4719 superposita.
1050 4656 1106 4711 culi
1131 4671 1230 4710 omnes
1252 4656 1406 4711 virtutibus
1429 4657 1555 4724 student,
1578 4673 1699 4728 quarum
1725 4658 1831 4713 merito
1855 4658 1894 4713 di·

183 4738 264 4792 Vens.
281 4741 310 4792 7.
329 4737 477 4791 -Domus
494 4739 594 4802 autem,
618 4740 671 4790 etc.
694 4736 758 4791 llaec
781 4737 815 4791 ad
842 4737 921 4793 illam
944 4739 980 4794 Eo
1050 4758 1113 4797 cere
1135 4743 1284 4799 audeant:
1323 4744 1427 4801 Cleristi
1457 4745 1539 4800 donus
1562 4744 1628 4800 odor
1656 4760 1749 4801 sarnus
1777 4749 1835 4803 Deo
1861 4746 1897 4818 (tl

147 4827 240 4881 clesiae
255 4829 366 4896 partem
381 4840 446 4895 quae
461 4828 524 4896 post
538 4824 635 4878 saeuit
652 4825 763 4879 labores
788 4830 815 4880 et
839 4826 996 4882 certamina
1050 4831 1116 4885 Cor.
1134 4830 1174 4901 n).

148 4915 182 4969 ad
198 4919 305 4969 aeterna
331 4911 580 4985 premiagmeruit
603 4912 743 4968 introduci
766 4915 881 4986 proprie
905 4916 994 4986 perti·
1086 4921 1120 4976 Et
1133 4921 1201 4975 tcait
1213 4922 1409 4990 pauimentum.
1435 4922 1524 4994 (Bata,
1550 4921 1630 4992 ibid).
1656 4923 1713 4978 lloc
1736 4923 1767 4978 in
1792 4923 1896 4980 Parali-

148 5008 227 5058 neut.
246 5003 322 5058 Nihil
339 5003 417 5057 enim
432 5001 614 5074 inquinatum
631 5002 750 5057 intrabit
771 5002 801 5057 io
825 5004 903 5058 illam
924 5004 994 5059 civi·
1049 5008 1180 5080 pomonis
1207 5008 1474 5083 pleniusscriptum
1496 5016 1549 5078 est,
1572 5016 1637 5079 ete,
1663 5028 1750 5082 usquc
1771 5014 1810 5069 ud
1836 5013 1897 5069 sub·

148 5096 245 5146 tatem.
1045 5097 1162 5169 junxit:
1180 5099 1370 5167 superomnia
1384 5106 1473 5156 autem
1494 5102 1655 5156 alodialem
1676 5102 1815 5172 taberrtes,
1846 5107 1896 5158 etc.

183 5182 219 5235 at
231 5180 343 5235 malleus
366 5185 390 5235 ct
410 5183 519 5236 securis.
536 5179 607 5244 Quia
629 5179 676 5235 hic
700 5179 850 5234 tundimur
870 5181 994 5236 adversi·
1048 5187 1071 5258 (1
1083 5188 1151 5242 itm,
1164 5203 1173 5241 1
1184 5204 1191 5254 ;
1204 5189 1259 5244 Cot.
1277 5189 1329 5246 mi.

149 5268 255 5324 tatibus
269 5274 297 5323 et
312 5268 460 5339 disciplina
474 5269 600 5324 veritatis
615 5285 792 5337 exercemur,
802 5275 834 5325 ut
847 5269 995 5341 illicjuxta
1084 5275 1164 5330 Vens.
1180 5279 1221 5330 ra.
1233 5277 1552 5347 -AEdirtcooitoipinti
1568 5277 1658 5350 illan..
1669 5279 1751 5348 itta„
1763 5296 1827 5354 cap.
1844 5278 1897 5351 ro.)

148 5358 284 5413 meritum
299 5357 367 5412 locis
381 5358 514 5429 congruis
535 5359 732 5429 disponamur,
755 5365 785 5414 et
807 5359 994 5432 castigatione
1048 5362 1128 5429 Quod
1142 5364 1280 5433 tabulata,
1299 5372 1371 5434 etc„
1385 5367 1523 5438 usquead
1537 5367 1633 5423 ethoc
1655 5384 1708 5439 per
1731 5373 1825 5426 totam
1848 5371 1896 5426 Ec·

149 5450 275 5501 cessante
289 5445 349 5500 solo
364 5446 467 5500 amoris
482 5447 594 5517 glutino
617 5463 674 5519 quo
689 5448 858 5503 adinvicem
877 5450 993 5519 copule·
1047 5451 1141 5507 clesiae
1156 5451 1336 5510 latitudinem
1351 5455 1462 5512 ditiusoe
1477 5472 1529 5529 per
1543 5456 1654 5513 orbem.

149 5549 225 5602 mur,
242 5550 299 5589 uno
316 5532 427 5608 impleti
451 5533 554 5606 spiritu
567 5535 784 5605 perfundamur.
807 5537 861 5593 Sed
891 5553 993 5608 quam·
1083 5540 1164 5596 vans.
1184 5544 1225 5598 tt.
1243 5573 1277 5583 -
1292 5544 1383 5600 Porro.
1400 5546 1458 5613 (ln,
1473 5544 1553 5615 seed.)
1567 5546 1671 5604 Decem
1690 5551 1793 5619 quater
1815 5547 1896 5604 dueta
