3892 6106
134 254 185 312 ltu
439 248 642 308 wilarium
661 248 786 307 sanant
805 246 906 305 uhtu.
925 245 1013 306 llolt.
1035 245 1113 304 OPP.
1135 245 1223 303 PARS
1242 243 1264 301 l.
1284 270 1319 284 ·-
1337 241 1568 301 tunonoalca.
1837 244 1888 299 lto

171 372 361 445 «amraphel,
388 389 403 423 s
432 374 484 426 etc.
516 369 549 425 iii
578 372 701 441 quatuor
738 384 819 440 reges
852 368 1013 438 figuranti
1068 366 1147 421 Vens.
1173 365 1267 422 li-ll.
1287 394 1320 406 —
1345 382 1360 417 s
1387 364 1470 431 Quod
1494 380 1560 420 cnm
1582 363 1709 420 audisset
1735 364 1886 431 Abram»

134 466 260 535 mutuor
281 458 453 533 principalia
470 457 551 525 sitia,
576 461 699 530 quatuor
724 456 878 512 virtutibus
902 456 981 528 prin·
1037 456 1195 526 etc.(ls1u.)
1223 457 1344 526 Mystico.
1375 453 1512 510 Similiter
1539 452 1610 508 tides
1621 457 1720 508 nostra
1746 469 1816 509 cum
1837 454 1888 510 iir-

134 550 273 623 cipalibus
298 548 463 613 contrarie;
492 562 557 618 quac
581 546 709 618 quinque
724 561 824 602 sensus
838 544 983 618 perquin·
1037 547 1115 599 mata
1141 549 1185 598 est
1209 541 1318 615 Spiritu
1340 541 1500 615 principali,
1525 541 1654 614 quinque
1668 557 1768 597 sensus
1783 559 1887 615 corpo·

136 653 192 711 que
211 653 293 708 reges
308 636 484 709 significatos
500 634 653 706 subjugare
669 633 810 700 nituntur,
834 648 888 704 per
912 648 984 688 con·
1038 633 1077 687 ris
1100 632 1182 705 quasi
1205 631 1334 704 quinquo
1363 646 1446 703 reges
1466 630 1593 703 subjicit,
1616 630 1704 685 aerbo
1722 630 1773 685 liei
1786 631 1888 686 trium-

136 725 341 797 cupiscentiam
356 725 459 790 carnis,
475 739 526 795 per
543 721 803 794 concupiscentiam
826 722 983 788 oculorum,
1039 722 1130 793 phans
1152 720 1187 776 de
1212 721 1329 775 homine
1353 719 1496 774 exteriori,
1523 720 1574 775 llie
1598 719 1628 774 iu
1643 719 1778 774 trecentis
1789 718 1889 776 decem

136 830 189 888 per
201 813 389 870 ambitionem
400 812 507 868 saeculi.
1039 813 1151 865 atocio
1172 808 1351 864 adversarios
1374 808 1536 872 debellavit,
1560 807 1629 880 quia
1657 824 1709 862 nos
1737 808 1768 863 in
1791 823 1886 863 secra·

173 904 254 959 Vsus.
277 905 354 958 a-lu.
375 920 439 952 -s
463 900 576 956 Baloe.»
599 898 735 970 (Hannon.)
762 898 896 955 Hebraico
910 899 987 954 deuo·
1040 901 1138 953 mento
1152 896 1253 967 crucis,
1281 912 1369 969 quani
1391 901 1438 951 tou
1464 895 1561 951 littera
1581 895 1734 968 signiticat,
1751 913 1816 968 quea
1830 903 1888 952 tre-

138 994 211 1048 rctio
237 991 352 1047 dicitur.
380 990 507 1047 Tradunt
534 987 646 1043 liehraei
668 987 743 1042 hanc
769 986 837 1044 alibi
856 988 987 1045 Solissom
1040 991 1121 1042 centa
1138 986 1290 1058 significat,
1306 985 1435 1057 quinque
1451 1001 1551 1040 sensus
1574 985 1712 1051 carnales,
1738 1002 1790 1039 nos
1804 991 1889 1041 antea

140 1079 206 1144 dici,
238 1083 269 1134 et
292 1078 409 1132 vituium
437 1080 661 1142 consternantem,
692 1074 770 1148 quod
800 1074 988 1130 tertiolorum
1040 1075 1125 1130 variis
1143 1075 1219 1130 uitiis
1244 1074 1427 1146 captivantes,
1448 1089 1626 1145 superamus.
1647 1075 1749 1129 Decem
1764 1078 1793 1129 el
1808 1078 1887 1142 octo,

142 1171 222 1223 motu
252 1166 385 1237 absorpta
412 1163 456 1219 sit.
480 1165 514 1219 Et
536 1179 568 1217 ex
590 1179 624 1217 co
652 1167 850 1235 temporeque
865 1161 989 1217 Sodoma
1042 1180 1075 1218 ex
1100 1163 1226 1218 ternario
1248 1168 1276 1218 et
1289 1162 1402 1218 senario
1426 1162 1642 1233 multiplicatus,
1657 1163 1744 1218 fldem
1759 1164 1886 1218 trinita-

140 1262 170 1311 et
194 1253 363 1320 Gomorrha,
385 1253 494 1308 Adame
518 1255 547 1305 et
568 1250 683 1306 seboim
709 1249 805 1305 divino
824 1250 892 1322 igne
923 1255 990 1305 sunt
1033 1251 1078 1329 ‘lis
1104 1255 1133 1306 et
1155 1251 1364 1323 perfectionem
1390 1251 1532 1323 significat
1559 1251 1654 1323 operis
1679 1251 1783 1323 quibus
1800 1252 1888 1307 virtu-

140 1332 295 1408 sr'xbversae,
308 1341 359 1397 illa
371 1342 492 1412 paruulo
504 1344 694 1410 nuncupetur.
709 1338 798 1410 Segor
807 1338 885 1394 enim
899 1342 990 1393 uuus·
1043 1345 1105 1396 turn
1120 1344 1220 1395 contra
1233 1340 1301 1394 vitia
1313 1341 1400 1411 plena
1417 1340 1536 1395 victoria
1550 1340 1708 1413 perficitur.

141 1430 233 1486 fertur
260 1429 290 1484 in
315 1443 444 1500 parram,
474 1442 540 1498 quae
567 1426 637 1497 Syra
664 1425 763 1497 lingua
779 1423 988 1481 Zocrudicitur.
1079 1427 1200 1498 (Suana.)
1229 1429 1388 1495 Albonica
1419 1428 1530 1483 heliam
1555 1428 1639 1483 Abrae
1672 1443 1738 1483 cum
1766 1432 1892 1500 quatuor

143 1517 229 1572 Vallis
246 1521 343 1571 autern
365 1514 538 1577 Salinarum,
566 1513 596 1568 in
612 1513 892 1585 qualuaruntputei
911 1512 989 1567 bitu·
1044 1515 1160 1587 regibus
1175 1515 1440 1587 significatbeHum
1450 1516 1592 1571 uirtutum
1610 1517 1793 1572 atritiorum.
1808 1519 1893 1573 Paler

144 1605 241 1673 minis,
257 1609 322 1676 post
334 1604 384 1659 liei
399 1602 471 1658 iram
487 1607 517 1658 ct
535 1601 681 1675 sulphuris
699 1601 836 1674 pluviam,
862 1601 893 1656 in
912 1617 990 1656 mare
1045 1618 1114 1675 ergo
1137 1603 1216 1671 fidei,
1245 1608 1274 1659 et
1296 1604 1390 1677 prima
1413 1603 1459 1658 ria
1482 1603 1627 1669 credendi,
1652 1620 1705 1676 pro
1739 1605 1894 1660 iratresoo

146 1697 290 1752 llortnum
305 1696 440 1759 raraest,
455 1689 837 1763 qnodaGrercisstognum
850 1689 988 1761 asphalti,
1049 1692 1258 1749 holdimicarit
1284 1692 1401 1760 elvicit,
1430 1708 1488 1747 nou
1505 1693 1535 1747 in
1546 1692 1730 1748 multitudine
1740 1693 1895 1761 exercitus,

147 1783 176 1839 id
192 1780 403 1850 estbituminis,
417 1780 530 1835 dicitur.
1048 1781 1098 1837 sed
1112 1781 1143 1836 in
1157 1782 1291 1837 trecentis
1313 1782 1411 1837 decem
1426 1785 1455 1836 et
1482 1785 1545 1836 octo
1567 1780 1707 1852 expeditis
1721 1781 1895 1839 vernaculis.

183 1871 295 1940 Mustiae
329 1869 457 1935 Quatuor
480 1883 562 1939 reges
590 1867 719 1940 quinque
748 1871 894 1939 superant,
924 1866 991 1922 dum
1047 1870 1092 1927 Sic
1106 1869 1228 1941 quisque
1243 1885 1294 1942 pro
1309 1869 1470 1924 animasua
1490 1871 1590 1925 contra
1612 1868 1776 1941 spirituales
1795 1870 1898 1942 nequi·

147 1958 297 2015 conlrariae
321 1960 476 2030 potestates
501 1957 628 2030 quinque
652 1957 783 2013 sensibus
802 1955 929 2028 corporis
944 1956 993 2012 ab·
1047 1958 1102 2014 tias
1122 1958 1229 2013 bellum
1250 1962 1331 2030 gerat
1348 1973 1414 2013 cnm
1436 1957 1574 2013 trecentis
1597 1957 1697 2012 decem
1712 1961 1816 2013 etoclo
1830 1974 1897 2014 vcr-

148 2053 261 2104 utentes
274 2046 352 2102 uitiis
363 2046 523 2119 illaqueant
536 2051 564 2102 et
574 2044 727 2119 captivant.
1048 2045 1167 2115 naculis,
1182 2046 1274 2114 idest,
1290 2062 1355 2101 cum
1370 2046 1476 2101 auxilio
1491 2051 1596 2101 sanctae
1610 2045 1719 2101 crucis:
1751 2051 1799 2100 tou
1818 2047 1898 2102 anina

184 2137 335 2205 albocuriae
361 2135 443 2191 Tales
471 2149 553 2207 reges
580 2138 718 2207 superant
746 2133 874 2206 primum
911 2134 992 2189 liare.
1048 2135 1152 2203 littera,
1183 2150 1249 2206 cinae
1276 2133 1363 2190 habet
1389 2133 1512 2205 liguram
1538 2132 1639 2200 crucis,
1679 2137 1805 2189 uecenta
1842 2151 1893 2189 ex·

148 2225 200 2300 qni
227 2225 432 2296 interpretatur
467 2225 575 2279 molitio
598 2223 642 2278 rel
669 2227 804 2291 uenturo,
834 2227 864 2278 et
886 2228 929 2277 est
946 2238 995 2278 rex
1049 2223 1160 2297 primii.

148 2314 352 2379 Sodomorum,
378 2311 408 2367 id
433 2317 477 2367 est
502 2313 640 2380 recitatis,
665 2311 710 2366 rei
742 2312 854 2383 pecudis
879 2313 995 2377 silentis,
1086 2314 1146 2368 han
1175 2315 1270 2366 autem
1294 2326 1368 2366 anus
1397 2315 1440 2366 est
1468 2311 1504 2366 de
1518 2310 1646 2366 lontibus
1656 2311 1897 2380 iordanis3alter

149 2418 216 2458 cnm
243 2401 284 2456 eis
310 2400 361 2473 qui
386 2399 416 2455 in
441 2403 554 2456 vetuste
578 2399 688 2456 malitia
705 2404 900 2470 perseverant,
916 2416 996 2455 more
1050 2401 1127 2457 enim
1153 2401 1201 2456 lor
1230 2403 1356 2468 vocatur,
1384 2400 1460 2472 quod
1488 2399 1694 2472 interpretatur
1717 2404 1811 2471 riuus3
1827 2401 1898 2455 duo·

149 2586 219 2635 cunt
248 2580 384 2646 etherea,
399 2577 428 2632 id
458 2583 502 2631 est
532 2578 562 2632 in
588 2580 717 2646 angustia
745 2580 930 2643 emutilatum,
946 2592 995 2632 re·
1051 2578 1187 2633 inunum
1202 2578 1327 2631 rivulum
1340 2576 1496 2644 loederatis,
1510 2578 1642 2633 iordanis
1653 2578 1823 2649 appellatur.

150 2684 217 2742 gem
237 2667 414 2735 Gomorrha,
436 2665 465 2721 id
486 2670 529 2721 est
544 2665 647 2738 populi
665 2665 804 2721 tumentis
818 2670 847 2721 et
859 2665 995 2733 seditiosi,
1087 2666 1174 2722 Vnus.
1201 2668 1244 2735 ta,
1275 2669 1317 2721 lu.
1347 2694 1384 2708 -
1413 2688 1424 2716 ι
1450 2669 1487 2721 At
1503 2666 1895 2733 verollelchisedech,setc.

151 2773 218 2813 cum
245 2773 295 2812 eos
328 2755 380 2828 qui
412 2754 488 2811 curis
520 2754 619 2810 saculi
650 2754 851 2827 angustiantur
872 2755 997 2811 acucias
1052 2753 1158 2823 (duaa.)
1175 2753 1352 2809 Nuncaiunt
1371 2753 1480 2810 liebraei
1502 2771 1562 2808 esse
1586 2754 1650 2810 Sam
1676 2755 1768 2810 illium
1783 2756 1899 2823 Noe,ct

151 2845 261 2916 rapine
286 2859 370 2916 agere
394 2859 452 2899 non
479 2843 646 2909 formidant,
669 2843 796 2899 obruunt
822 2848 851 2899 et
872 2847 996 2915 proster-
1052 2841 1266 2912 computatione
1295 2859 1438 2898 annorum
1463 2842 1617 2898 ostendunt
1648 2859 1715 2899 enm
1744 2859 1836 2916 nsque
1863 2844 1898 2899 ad

152 2939 234 2989 nunt.
255 2933 379 2988 Vincunt
398 2947 514 3004 quoque
534 2930 665 2988 Sennaab
689 2947 786 3004 regem
811 2932 939 3000 lldarnae,
966 2931 994 2988 id
1013 2946 1032 3001 c
1053 2931 1130 2986 isaac
1144 2930 1264 2986 vixisse:
1281 2935 1309 2986 el
1322 2947 1422 2986 omnes
1436 2931 1642 3004 primogenitos
1658 2951 1673 2986 a
1687 2933 1745 2989 Noe
1760 2933 1899 3005 usquead

103 3016 110 3025 '
153 3026 196 3078 est
223 3027 344 3084 terena,
369 3037 435 3075 cum
460 3035 510 3075 eos
531 3020 709 3092 quiterrena
740 3024 853 3075 tunimo
882 3021 999 3092 sapiunt
1051 3024 1147 3075 Aaron
1168 3020 1321 3091 pontillccs
1343 3020 1439 3075 inisse.
1460 3021 1552 3076 Salem
1571 3036 1640 3075 aero
1655 3026 1753 3094 postea
1769 3022 1900 3076 dictaest

153 3112 183 3167 in
198 3110 311 3166 luxuria
338 3124 507 3183 permanere
533 3109 694 3177 hortantur,
727 3114 760 3164 ut
779 3108 890 3164 dicant:
914 3129 928 3163 s
949 3111 999 3166 Co-
1052 3108 1408 3181 hierusalem3Apostoius
1417 3125 1581 3165 memorans
1591 3110 1805 3179 ilelchisedech,
1818 3110 1901 3166 «sine

155 3199 303 3255 medamus
327 3203 355 3252 et
382 3197 525 3265 bihamus,
555 3196 706 3252 crasenim
727 3197 885 3252 moriemur
899 3197 919 3268 (Ι
936 3200 997 3255 Cor.

153 3288 209 3359 xv).
227 3307 241 3339 s
268 3287 393 3341 Vincunt
418 3285 564 3354 Semeher,
579 3285 630 3357 qui
653 3284 858 3356 interpretatur
879 3286 919 3339 ibi
935 3301 998 3356 per-

154 3375 234 3442 ditio,
260 3378 289 3429 et
315 3379 357 3429 est
382 3390 431 3427 rex
459 3373 584 3442 Seboim,
613 3372 643 3428 id
670 3377 713 3428 ost
736 3374 840 3442 eiraguii
867 3376 998 3441 morceis,

153 3478 220 3518 cum
237 3477 287 3533 per
300 3461 479 3517 iracundiam
493 3466 521 3517 et
534 3461 673 3516 iuvidiam
683 3461 817 3517 incautos
832 3461 1000 3533 decipiunt;

154 3551 231 3607 unde
254 3550 362 3605 lobs:
391 3571 403 3599 ι
427 3548 552 3605 Stultum
565 3548 701 3604 interficit
720 3549 878 3620 iracundia,
892 3566 1000 3620 parvu-

155 3640 216 3694 lum
229 3637 334 3692 occidit
356 3636 505 3692 invidia·
530 3638 638 3709 Regem
661 3652 776 3709 quoqne
795 3638 999 3701 Balariucunt,

155 3725 221 3765 cum
243 3708 440 3779 pusillanimes
463 3709 495 3763 in
521 3709 749 3779 desperationem
772 3708 910 3776 mittunl;
934 3710 1000 3765 Bale

154 3812 281 3869 namque
295 3797 498 3868 intorpretatur
511 3798 693 3867 praecipitatio
715 3795 759 3851 rel
782 3796 948 3852 absorbitio:
964 3796 1000 3853 ad

155 3888 211 3944 hoc
222 3885 345 3942 maxime
357 3884 489 3941 diabolus
512 3889 603 3940 certat
628 3888 659 3941 ut
685 3889 750 3958 post
767 3885 880 3958 lapsum
893 3885 1001 3958 peccati

155 3975 186 4032 in
200 3973 428 4048 desperationem
444 3973 548 4030 mittat.

192 4063 273 4118 Vnus.
301 4063 366 4118 bd.
404 4083 467 4113 -c
501 4061 667 4129 Duodecim,
700 4066 782 4119 sete.
804 4062 1001 4118 [luodenarius

156 4150 319 4222 superfluus
333 4154 530 4206 estnumerus.
547 4153 579 4207 ln
595 4168 653 4224 qua
663 4150 859 4222 superfluitate
875 4149 1001 4206 serviunt

1051 3200 1134 3268 patre
1149 3201 1178 3251 et
1193 3202 1296 3263 matre,
1318 3198 1430 3253 »relert
1444 3197 1478 3253 ad
1493 3198 1647 3262 Christum,
1664 3204 1692 3253 el
1707 3214 1760 3270 per
1781 3214 1849 3254 eum
1864 3199 1901 3254 ad

1055 3285 1207 3340 Ecclesiam
1229 3285 1371 3356 gentium,
1395 3286 1464 3358 quia
1487 3286 1577 3358 gloria
1601 3288 1700 3358 capitis
1723 3289 1757 3343 ad
1771 3288 1900 3343 membra

1053 3373 1184 3431 relerlur.
1202 3374 1343 3439 Quoniam
1361 3374 1508 3430 benedixit
1526 3376 1610 3431 Abrae
1631 3376 1808 3445 circumciso,
1826 3381 1854 3431 et
1870 3377 1901 3432 in

1053 3461 1175 3528 acheri,
1202 3465 1232 3517 et
1254 3461 1293 3518 sic
1312 3465 1418 3533 Aaron,
1441 3464 1475 3519 de
1499 3481 1558 3536 quio
1583 3471 1681 3536 postea
1696 3458 1898 3521 sacerdotium.

1054 3551 1164 3623 Exque
1189 3552 1249 3606 rult
1273 3552 1408 3624 colligere
1434 3553 1623 3609 sacerdotium
1645 3555 1774 3610 Ecclesia
1789 3555 1899 3610 haben-

1054 3637 1090 3692 tis
1112 3639 1289 3710 praeputium
1321 3640 1500 3697 benedixisse
1534 3641 1701 3698 circumciso
1739 3643 1900 3699 sacerdotio

1053 3728 1221 3800 synagogae.
1247 3728 1320 3793 Quia
1346 3735 1443 3785 autem
1469 3730 1531 3786 ait:
1561 3750 1575 3782 a
1603 3732 1646 3786 Tu
1673 3749 1703 3786 es
1724 3732 1901 3788 sacerdosin

1055 3821 1195 3872 aeternum
1211 3818 1370 3874 secundum
1384 3819 1515 3874 ordinem
1537 3820 1754 3887 Melchisedech,
1775 3841 1789 3873 a
1813 3821 1900 3876 mini-

1055 3905 1174 3961 sterium
1197 3912 1330 3963 nostrum
1358 3907 1418 3962 reri
1445 3908 1552 3963 ordinis
1579 3909 1718 3980 signatur,
1750 3926 1809 3965 non
1848 3926 1900 3982 per

1055 3996 1150 4050 Aaron
1163 3995 1375 4052 irrationalibus
1389 3996 1510 4052 victimis
1525 3998 1720 4065 immolandis,
1742 3999 1790 4054 sed
1804 3999 1900 4054 oblato

1055 4099 1130 4155 pane
1151 4088 1179 4139 et
1210 4084 1287 4153 vino,
1320 4085 1351 4140 id
1379 4090 1431 4156 est,
1457 4102 1575 4158 corpore
1594 4086 1707 4142 [lumini
1720 4091 1748 4142 et
1759 4088 1900 4160 sangnine

1056 4187 1225 4228 consecrari.

156 4237 284 4308 qumque
308 4253 409 4292 ⁸⁰⁸⁸OE
442 4237 534 4292 ¹¹⁰⁵ffl
569 4253 650 4293 ἘΗΒ
676 4237 882 4308 ⁵⁰P⁰l³lffi⁰¹¹h
912 4227 1037 4334 quaml)
1090 4261 1210 4330 (Suana.)
1235 4260 1453 4328 llelcbiscdech,
1481 4261 1530 4333 qui
1546 4262 1751 4334 interpretatur
1777 4278 1828 4318 reu
1852 4263 1900 4332 ju·

155 4324 297 4396 significat
329 4325 585 4392 chodorlahomor,
622 4329 650 4381 et
681 4331 808 4396 quatuor
849 4324 924 4379 vihis
947 4324 1001 4379 sihi
1055 4350 1146 4412 ,mm
1168 4354 1197 4404 et
1212 4349 1317 4405 dicim,
1338 4366 1389 4405 ω
1404 4352 1491 4420 pacis,
1517 4349 1661 4404 Christum
1681 4349 1832 4422 significat,
1849 4365 1901 4422 p„

155 4413 367 4512 ⁸dj⁸0isslib⁰³i
397 4417 427 4511 lt
461 4412 592 4468 f⁶⁰0d0s0
623 4415 750 4468 l⁰¹l³¹¹²⁰⁸
778 4428 895 4506 Slflflm
935 4428 1000 4484 W·
1056 4451 1144 4508 quem
1159 4437 1335 4492 reconciliati
1350 4452 1458 4504 sumus,
1473 4443 1503 4493 et
1518 4437 1567 4510 qni
1582 4438 1681 4493 inllne
1707 4437 1805 4494 saeculi
1824 4438 1901 4509 juste

157 4507 334 4557 secuhonem
348 4504 507 4572 patiuntur,
524 4505 552 4555 et
566 4517 641 4573 sape
657 4506 839 4573 superantur.
1053 4525 1233 4595 judicatum,
1247 4530 1297 4579 θεῖ,

192 4591 276 4646 Vm·
307 4593 388 4646 74²·
407 4608 477 4640 ··’
510 4590 781 4662 90f⁰⁰⁸⁸⁰f⁰⁰lq¹¹⁴³=
812 4612 827 4640 »
861 4590 1001 4662 (ΗΙΕἎΟΝ)
1092 4614 1784 4687 vras.uo-ua.-«heditciaccimas.a(rso.)
1803 4614 1901 4671 Sciens

152 4679 219 4735 Alia
241 4679 330 4735 editio
350 4678 445 4747 habet,
470 4683 534 4746 eta,
556 4693 641 4748 usque
663 4679 701 4733 od
723 4678 791 4751 qnia
805 4679 845 4734 ihi
860 4679 1004 4751 populum
1055 4715 1123 4774 “8⁰
1147 4701 1318 4774 mmmm,
1342 4706 1407 4768 ow,
1432 4717 1518 4762 mue
1530 4703 1568 4757 ag
1583 4702 1688 4776 panim
1703 4703 1847 4776 stipendi,
1863 4704 1901 4758 le,

157 4767 231 4822 ⁰0¹¹⁸
241 4767 391 4839 iudicavit·
1054 4790 1153 4861 gitime
1168 4789 1364 4861 pugnantibus
1379 4789 1474 4844 debito
1487 4806 1546 4845 non
1562 4791 1717 4861 abnegans.

192 4878 207 4906 «
234 4857 374 4930 [lophaim
390 4857 425 4932 in
447 4855 594 4918 nsamch,
618 4874 632 4906 u
652 4859 706 4910 etc.
735 4855 856 4912 Nomina
872 4856 1000 4911 laconum
1091 4879 1171 4934 pm
1187 4879 1232 4933 24,
1258 4907 1293 4918 -
1320 4899 1331 4927 ,
1360 4877 1414 4944 Qui
1437 4883 1685 4948 ,mmmm
1713 4879 1900 4937 flmmeum

155 4946 324 5016 agentium
347 4945 512 5018 ³ili¹¹ffi⁰⁸¹¹¹
537 4943 690 5041 “rimantes
711 4942 998 5016 Vivente⁸2q1¹⁰⁸f³·
1054 4966 1208 5038 aliquando
1232 4965 1302 5022 fldes
1321 4966 1492 5021 testimoniis
1515 4966 1697 5025 infidelium:
1724 4969 1802 5024 unde
1828 4974 1902 5041 Apo·

154 5033 207 5088 elle
221 5034 428 5090 viliarineuul.
1053 5055 1143 5109 stollis
1158 5054 1193 5109 ad
1203 5054 1298 5110 Titum
1313 5071 1339 5109 1:
1357 5073 1371 5105 u
1393 5055 1471 5110 idalia
1498 5055 1607 5126 bestiae,
1633 5056 1709 5129 pigri
1733 5061 1866 5126 ventres;
1884 5077 1899 5108 s

191 5123 271 5177 Vens.
294 5126 336 5179 lu.
352 5153 385 5165 -
407 5123 565 5179 «Hebraeo.
580 5142 595 5176 a
612 5123 684 5191 LXX,
703 5123 906 5190 inaminatum
932 5122 1000 5193 quia
1053 5144 1102 5198 ,ed
1119 5143 1154 5199 ,d
1165 5143 1322 5198 utilimum
1336 5143 1475 5198 fidelium,
1876 5156 1880 5162 ¹

153 5211 260 5267 scilicet
280 5211 315 5267 de
340 5213 540 5283 hlesopotamia
557 5213 675 5268 veniens
694 5211 815 5267 transito
838 5211 925 5266 haurio
942 5213 998 5267 Eu·

153 5300 264 5372 phrate,
288 5299 386 5355 sedem
411 5301 509 5370 posuit
532 5301 562 5356 in
576 5306 654 5357 terra
668 5301 811 5358 Chanaan.
829 5301 998 5357 Undelcsns

152 5389 277 5445 Navae«
299 5388 374 5454 Quid
398 5388 483 5443 vultis
513 5390 618 5445 sarrire
639 5390 693 5446 diis
705 5395 822 5462 patrum
837 5395 997 5446 uestrorum

152 5477 202 5550 qui
216 5483 283 5534 sunt
294 5481 372 5533 trans
386 5476 495 5533 llumen
505 5479 545 5532 i»

1388 5267 1500 5324 carui
1515 5269 1569 5325 XV.

1089 5392 1169 5447 Vnus.
1189 5397 1212 5448 l.
1228 5412 1294 5444 -u
1323 5393 1372 5449 liis
1400 5393 1497 5465 itaque
1522 5394 1682 5462 transactis,
1705 5399 1776 5466 ele,
1802 5396 1897 5452 «Noli

986 5515 990 5526 .
1052 5500 1066 5533 c
1087 5481 1198 5537 timere.
1215 5480 1773 5554 nTriumphalsmullitudinevitiorum,
1785 5485 1898 5540 confor-
