3892 6106
92 186 168 315 si,

547 225 778 281 illacrimans
797 223 952 281 srahelis
971 221 1160 278 FULDENSlS
1179 219 1376 277 itollictttis.
1807 218 1840 269 tii

88 352 145 415 tur,
173 345 221 403 sed
253 346 327 402 bene
358 347 494 417 mysticus
525 345 741 426 multiplicatur.
775 345 808 400 at
836 347 979 416 ponamb
999 340 1298 398 mirorrverbaenim
1316 341 1423 414 quaein
1445 357 1533 397 sacrae
1555 339 1710 413 Scriptura
1734 338 1848 412 exposi-

40 432 42 439 ’
92 417 509 489 multiplicationemdoctoris,
526 419 679 483 Quoniam,
703 416 806 487 inquil,
829 422 879 471 aut
898 432 941 470 re·

93 491 148 546 fert
176 504 283 554 mores,
314 494 365 543 ant
390 489 488 543 iidem.
519 488 614 543 Primo
636 488 723 542 modo
737 487 849 555 tropolo
871 487 942 555 icus,

94 560 219 615 secundo
234 557 321 614 modo
334 559 495 629 dupliciter,
521 557 658 630 quoniam
681 558 726 612 vel
748 556 835 612 tidem
851 502 944 612 sseita-

95 631 141 698 tis,
157 630 200 684 rel
218 629 408 684 humanitatis
421 629 463 696 ;si
479 628 605 695 Deitatis,
631 629 820 699 anagogicns;
845 627 868 682 si
887 629 942 682 hu·

97 700 254 767 munitatis,
277 699 459 771 allegoricos.
484 699 610 754 Tertium
632 704 729 753 antem
752 698 943 754 cliamiellit:

97 773 235 843 qnoniam
254 771 379 852 dignitas
397 770 516 824 istorum
541 784 677 823 sensuum
691 769 848 824 attenditur
857 784 945 838 peries

96 842 237 913 majorem
250 842 415 907 utilitatem,
430 856 496 912 qiiae
510 839 698 911 consequitur
712 840 850 909 majorem
860 838 943 894 certi·

98 913 239 973 tudinem.
264 917 406 993 quantum
430 915 472 965 est
501 926 536 964 ex
560 926 608 965 se:
636 926 694 965 rioii
714 911 791 965 enim
806 909 945 964 certitudo

99 982 257 1054 spiritualis
270 981 480 1052 intelligentiae,
493 986 535 1034 est
548 981 759 1052 speculationis,
780 980 854 1036 sicut
867 980 946 1035 litte-

99 1053 167 1108 ralis
182 1052 397 1123 intelligentiae:
415 1051 523 1106 sedeat
549 1051 690 1106 certitudo
709 1049 905 1121 experientiae,
918 1055 947 1105 et

100 1124 256 1179 secundum
271 1123 415 1186 affectum,
432 1127 462 1176 et
473 1137 525 1192 per
538 1124 655 1176 modnm
684 1128 794 1192 gustus,
818 1137 869 1192 per
891 1120 947 1190 spi·

101 1196 240 1249 rationem
256 1199 284 1246 et
312 1192 510 1247 testimoninm
533 1192 655 1262 Spiritus
676 1192 773 1247 sancti.
791 1193 828 1246 lix
843 1192 947 1263 quibus

100 1280 159 1320 ιιι
172 1263 319 1334 consurgit
331 1263 404 1318 ratio
425 1262 683 1317 commendationis
707 1263 829 1318 Postilla,
852 1263 947 1317 docto·

101 1336 140 1391 ris
169 1334 295 1401 Nicolai;
325 1333 374 1389 sed
402 1333 571 1388 confidendo
596 1335 631 1388 de
659 1332 949 1405 tuibenignaooodi-

101 1405 190 1472 tione,
216 1404 262 1458 eni
288 1421 334 1459 me
362 1405 463 1459 devote
479 1404 661 1472 commendo,
681 1404 791 1458 aestimo
808 1403 948 1459 rationem

102 1492 161 1530 sure
175 1474 435 1530 commendationis
450 1490 622 1545 consurgere
637 1491 671 1528 ex
684 1474 819 1546 oppositis
834 1473 948 1545 adJecti·

102 1548 153 1611 ris,
181 1547 285 1618 quibus
314 1546 463 1601 Nicolaum
491 1551 551 1600 tam
579 1546 724 1600 immerito
739 1545 949 1615 reprehendere

996 412 1123 469 tionibus
1138 428 1272 484 magnam
1288 413 1446 468 exuberant
1466 411 1629 482 utilitatem,
1651 412 1722 484 quid
1745 411 1769 466 si
1785 426 1845 467 uon

997 485 1126 540 reliciant
1136 490 1263 540 mentem
1279 484 1441 538 elevatam?
1455 483 1578 549 Quidam
1593 482 1671 538 enirn
1691 482 1846 554 propbeta·

997 572 1063 611 rum
1078 555 1209 626 scripsit:
1226 573 1240 607 ιι
1270 556 1329 625 ligo
1354 555 1492 609 [lominus
1505 553 1610 608 docens
1630 559 1656 608 le
1678 553 1758 607 utilia
1777 553 1847 622 (leo.

998 628 1100 692 scrin),
1117 649 1130 673 ι
1148 626 1223 680 unde
1238 641 1296 679 non
1311 624 1381 679 dixit
1400 624 1525 686 subtilia,
1551 640 1602 679 seu
1621 623 1787 695 ingeniosa:
1800 627 1848 677 te-

1000 697 1036 752 lia
1051 697 1128 751 enini
1144 712 1219 766 quae,
1236 703 1267 748 ιιι.
1283 695 1360 755 dicit,
1376 700 1502 750 mentem
1528 696 1677 751 elevatam
1701 693 1847 759 reficiunt,

999 768 1128 822 sicoutra
1142 767 1221 820 utilia
1233 780 1260 819 ui
1280 767 1456 832 dirimatur,
1475 764 1569 837 potius
1588 766 1733 835 pertinere
1751 763 1849 820 videri·

1000 844 1046 892 tor
1058 839 1093 893 ad
1104 838 1161 892 alta
1176 853 1275 907 sapere
1287 855 1323 916 qo
1346 854 1372 890 ιιι
1388 837 1422 890 ad
1439 836 1631 891 sobrietatem.

1036 910 1250 979 cousequenter
1273 906 1344 962 dicis
1365 908 1443 978 quod
1469 922 1528 961 non
1543 906 1625 961 saliat
1639 902 1849 976 teqoaeationie

1000 978 1200 1033 determinatio
1215 977 1393 1044 elllrmativa,
1421 983 1474 1032 etc.
1500 978 1538 1031 Ex
1552 993 1610 1048 quo
1636 976 1749 1031 videtur
1770 974 1851 1048 qnod

1001 1066 1060 1103 non
1075 1049 1180 1114 vidisti,
1205 1050 1248 1103 vel
1273 1049 1346 1103 forle
1370 1064 1427 1102 oon
1448 1052 1554 1102 attente
1578 1045 1774 1109 considerasti,
1801 1046 1853 1101 de·

1001 1120 1236 1174 terminationem
1263 1134 1367 1187 ineam,
1389 1119 1551 1188 specialiter
1572 1117 1604 1172 ιιι
1628 1123 1707 1172 sexto
1729 1115 1852 1171 articulo

1002 1192 1173 1261 responsali,
1189 1190 1238 1244 ubi
1251 1189 1398 1244 manifeste
1413 1188 1536 1243 babetur
1559 1187 1636 1258 quod
1660 1187 1777 1253 decisio,
1800 1201 1854 1243 seta

1001 1261 1203 1316 determinatio
1231 1276 1294 1314 mea
1322 1276 1381 1314 nou
1409 1260 1463 1315 luit
1485 1259 1656 1313 alliriuativa
1670 1256 1852 1329 simpliciter,

1003 1332 1052 1386 sed
1068 1331 1237 1387 distinctiva.
1255 1331 1328 1386 Sunt
1342 1330 1419 1384 eninr
1443 1330 1484 1384 ibi
1504 1335 1561 1384 tres
1583 1328 1789 1393 distinctiones,
1806 1343 1852 1383 se·

1003 1403 1128 1456 cundum
1144 1417 1266 1472 quarum
1287 1417 1373 1456 unam
1396 1416 1495 1456 sensns
1511 1399 1650 1455 naturalis
1669 1399 1853 1470 praeminet,

1003 1473 1158 1528 secuudum
1174 1470 1348 1541 aliamlreio
1374 1477 1416 1526 est
1444 1472 1562 1543 aeqnalis
1582 1470 1742 1552 dignitatis,
1765 1474 1795 1524 et
1811 1485 1854 1525 se-

1003 1545 1129 1598 cundnm
1145 1544 1232 1597 eliam
1247 1543 1332 1598 etiam
1347 1542 1466 1597 minoris
1489 1541 1647 1612 dignitatis,
1671 1556 1758 1613 quam
1782 1555 1854 1595 seii-

102 1617 212 1672 niteris.
225 1616 448 1673 commendatur
475 1616 552 1671 enim
579 1616 644 1688 quis
665 1616 828 1688 er‘proprio
843 1630 946 1686 opere;
964 1625 986 1681 Β
1005 1630 1052 1669 siis
1063 1614 1229 1686 spiritualis.

104 1703 192 1758 qnare
209 1687 364 1741 sententias
379 1686 526 1741 doctorum
539 1686 702 1758 postposuit
724 1686 806 1812 quasi
818 1686 948 1757 imperti·
1041 1685 1252 1757 Consequenler
1269 1683 1340 1740 dieis
1359 1683 1436 1757 quod
1456 1682 1615 1738 reverentia
1638 1686 1667 1736 et
1689 1680 1782 1736 honor
1804 1679 1852 1735 tit-

105 1765 216 1825 neules,
233 1762 265 1811 ut
280 1757 467 1812 auctorizaret
481 1774 553 1827 opus
577 1774 661 1812 suuni
685 1759 735 1812 Ecc
747 1757 813 1811 esim
829 1757 951 1812 doctori·

104 1829 167 1894 bns,
184 1844 271 1899 aqna
299 1844 357 1881 nori
381 1827 521 1882 deviavit:
552 1828 608 1883 Nec
634 1827 737 1899 probas
765 1829 843 1899 quod
870 1827 950 1892 dicis,

106 1898 191 1952 verba
205 1897 294 1952 sancti
306 1899 422 1953 Tbomie
436 1914 496 1953 esse
520 1898 587 1969 igne
602 1898 748 1953 charitatis
762 1897 922 1953 examinata
942 1913 949 1952 :

106 1985 171 2023 cum
187 1969 217 2023 iii
232 1968 363 2041 pluribus
376 1969 435 2023 suis
462 1968 749 2024 determinationibus
772 1970 830 2023 sint
854 1969 951 2050 impii·

106 2044 193 2111 gnete
206 2055 256 2111 per
270 2040 367 2109 plures
381 2039 545 2110 ingeniosos
560 2041 719 2111 theologos,
737 2039 813 2093 viros
827 2040 951 2095 admira·

108 2111 190 2177 biles,
204 2110 285 2180 qnasi
297 2109 328 2163 in
343 2126 462 2180 corpore
483 2111 526 2165 vel
551 2115 631 2165 extra
653 2126 757 2182 corpus
775 2110 950 2183 scripserint,

1004 1759 1073 1810 tcrae
1088 1761 1257 1826 estpropter
1277 1755 1420 1827 spiritum,
1436 1755 1504 1826 quia
1527 1757 1644 1825 propter
1665 1751 1854 1824 unumquod-

1005 1843 1061 1897 que
1075 1832 1104 1881 et
1117 1827 1189 1881 illud
1204 1825 1296 1898 magis
1311 1846 1319 1891 3
1335 1842 1368 1881 eii
1383 1842 1441 1898 qno
1452 1825 1563 1880 conaris
1578 1823 1749 1879 concludere
1772 1820 1852 1895 quod

1005 1913 1105 1952 sensus
1119 1897 1249 1951 littoralis
1271 1898 1429 1952 honoratur
1453 1900 1570 1967 propter
1597 1894 1788 1966 spiritualem.
1811 1892 1855 1949 hd

1026 1968 1083 2022 uod
1098 1967 1214 2023 deducis
1227 1969 1389 2039 exemplum
1405 1966 1439 2022 de
1458 1982 1523 2021 arca
1537 1965 1659 2033 ioederis,
1689 1963 1736 2018 ciii
1763 1965 1857 2019 bonor

1005 1984 1163 2094 debehatur
1205 2042 1302 2119 roptei·
1329 2043 1463 2093 contenta
1484 2037 1515 2091 iri
1535 2053 1578 2103 ea,
1598 2041 1626 2090 et
1648 2051 1707 2090 non
1727 2039 1854 2091 econtra.

1008 2111 1104 2164 Frater
1118 2109 1157 2163 mi
1171 2055 1347 2177 cbarissime,
1369 2108 1440 2163 milii
1466 2108 1577 2162 videtur
1598 2112 1625 2162 te
1640 2106 1687 2161 bic
1702 2104 1855 2161 involvisse

108 2183 183 2236 lleiis
194 2181 254 2235 seit.
272 2181 495 2236 commendatur
517 2181 652 2249 secundo,
668 2186 697 2235 et
719 2181 741 2235 si
766 2198 825 2236 nori
847 2198 865 2235 a
889 2198 951 2252 pro·
1006 2179 1171 2234 sententias.
1188 2180 1217 2236 Si
1233 2179 1309 2234 enim
1325 2196 1377 2250 per
1390 2179 1444 2234 boc
1457 2179 1535 2250 quod
1553 2177 1633 2243 dicis,
1651 2178 1753 2244 littero,
1775 2175 1856 2231 intel·

107 2251 637 2377 illiniti”trilibriihr
651 2252 950 2377 btlllitittl’
1006 2249 1633 2376 lllliillllitteratiltaliam
1658 2248 1854 2373 ‘trinit

108 2391 295 2473 immiscendo
311 2392 389 2447 illam
413 2363 523 2447 habitui
545 2339 717 2462 theologico,
738 2393 787 2463 qni
809 2393 892 2448 illum
915 2363 953 2446 laz
1006 2393 1115 2446 ceditur
1130 2337 1194 2461 tibi,
1211 2391 1260 2447 sed
1276 2392 1347 2446 nihil
1358 2338 1433 2459 liacit
1445 2335 1543 2444 ronige
1558 2405 1605 2444 ine
1628 2334 1853 2459 a’rguiiienteiio.

108 2467 203 2517 clarit.
221 2462 538 2518 Conimendalurtertio
553 2463 583 2518 iii
595 2479 629 2517 eo
658 2465 734 2535 quod
754 2464 830 2518 inter
852 2480 953 2518 omnes
1008 2463 1078 2517 Nem
1094 2477 1191 2516 sensus
1205 2461 1339 2517 litteralis
1354 2467 1397 2517 est
1411 2461 1460 2533 qui
1478 2461 1571 2531 primo
1591 2476 1643 2530 per
1661 2460 1788 2514 litteram
1799 2458 1856 2514 in·

108 2534 235 2588 doctores
258 2533 410 2589 Hebraicos
434 2534 528 2588 llabbi
551 2533 732 2589 Salomonem
759 2534 857 2605 elegit,
883 2550 952 2605 quo·
1008 2532 1154 2604 telligitor,
1172 2537 1201 2588 el
1219 2533 1247 2588 ei
1269 2533 1390 2588 debetur
1411 2534 1504 2586 bonor
1537 2531 1632 2603 potius
1652 2530 1855 2600 quemliitera

108 2604 186 2658 niani
202 2604 277 2658 inter
300 2620 399 2658 omnes
418 2603 500 2659 illum
518 2604 668 2659 meliorem
691 2605 857 2676 theologam
870 2604 952 2658 inre·
1007 2603 1159 2658 materiali.
1175 2603 1204 2659 Si
1219 2608 1315 2659 antem
1330 2619 1381 2674 per
1395 2604 1449 2658 hoc
1462 2602 1539 2674 quod
1554 2602 1636 2670 dicis,
1650 2603 1751 2667 littero,
1769 2601 1856 2654 intel·

109 2675 161 2728 nit.
184 2675 241 2728 lsta
254 2675 293 2728 sic
316 2674 458 2745 indigesta
481 2680 539 2730 tute
562 2675 680 2745 digestae
693 2676 862 2746 prudentia,
878 2677 953 2729 alme
1008 2673 1072 2755 ligis
1086 2688 1201 2729 sensam
1217 2674 1380 2739 litteralem,
1398 2678 1426 2729 el
1440 2689 1492 2744 per
1506 2674 1645 2754 spiritum,
1663 2687 1779 2726 sensum
1794 2686 1856 2741 my·

108 2745 226 2826 praesul,
241 2744 332 2799 scribo
346 2746 454 2799 calamo
473 2745 651 2813 brevissimo,
676 2747 880 2801 commendaris
897 2753 953 2800 tnae
1008 2750 1121 2811 sticum,
1138 2760 1189 2800 sau
1203 2744 1393 2815 spiritualem,
1407 2744 1447 2798 sic
1459 2743 1695 2813 distinguendum
1706 2747 1764 2797 est:
1781 2742 1853 2796 Nam

109 2814 266 2886 ingeniosae
281 2815 406 2870 scientiar
421 2816 549 2871 defectus
566 2816 669 2871 calami
689 2817 801 2888 ignari:
827 2823 953 2872 attamen
1008 2815 1037 2870 iii
1050 2815 1221 2887 quibusdam
1236 2814 1305 2870 locis
1318 2831 1404 2870 sacrae
1424 2815 1589 2884 Scripturas,
1613 2817 1646 2868 ut
1666 2812 1697 2867 in
1720 2811 1855 2867 historia·

110 2887 168 2966 Deo
182 2889 253 2940 teste
267 2885 319 2966 tibi
340 2902 418 2941 nunc
445 2888 510 2957 plus
531 2903 618 2968 quain
631 2888 777 2943 viventiin
792 2889 895 2943 saeculo
909 2887 950 2941 al·
974 2886 1086 2963 Clibus
1113 2886 1220 2941 Veteris
1246 2886 1431 2954 Testamenti,
1459 2901 1511 2939 seu
1545 2882 1805 2949 caeremonialibus,
1832 2899 1849 2938 o

109 2957 198 3022 licior,
214 2971 279 3010 curii
290 2962 365 3011 inter
378 2959 511 3012 mortales
525 2974 563 3012 sis
587 2974 663 3012 nnnc
686 2959 849 3026 virtuosior,
866 2963 895 3013 et
909 2957 952 3012 tui
1010 2956 1186 3039 huiusmodi,
1203 2956 1318 3028 dignior
1329 2963 1372 3013 est
1397 2972 1496 3011 sensus
1521 2955 1656 3026 mysticus
1677 2969 1763 3036 qnam
1775 2953 1857 3008 litte·

108 3027 267 3081 reverentia
280 3032 353 3082 essct
367 3027 437 3081 milii
454 3045 527 3099 opus
541 3034 623 3083 tunm
639 3029 752 3084 assidua
767 3028 915 3102 diligentia
930 3028 954 3082 si
1008 3029 1087 3094 ralis,
1105 3034 1135 3082 ut
1149 3027 1179 3083 iii
1194 3034 1272 3083 sexto
1287 3028 1406 3083 articulo
1420 3025 1579 3099 responsali
1595 3023 1762 3098 questionis
1783 3040 1859 3095 prie-

107 3097 277 3152 oecnrrisset
296 3096 369 3152 inibi
391 3114 443 3151 sua
463 3099 624 3169 praesentia.
643 3099 709 3155 llive
722 3116 787 3155 coin
803 3100 904 3170 gratia,
922 3103 954 3154 ut
1009 3099 1090 3153 dictae
1107 3098 1162 3152 ruit
1175 3104 1340 3164 ostensum
1355 3103 1384 3154 el
1407 3098 1437 3152 iii
1451 3096 1555 3152 talibus
1578 3100 1672 3168 potest
1688 3094 1796 3153 babere
1810 3095 1855 3149 lo·

108 3166 186 3220 viras
196 3182 309 3238 semper
321 3167 460 3238 ingloria.
1009 3185 1074 3224 cuni
1090 3169 1252 3240 exemplum
1267 3169 1437 3239 praedictum
1458 3169 1492 3223 do
1517 3183 1582 3222 arca
1604 3166 1727 3222 loederis.
1742 3166 1776 3220 ln
1790 3164 1855 3219 aliie

190 3296 197 3309 ‚
382 3298 388 3310 ‚
439 3297 445 3311 ‚
647 3299 653 3311 ¹
1008 3239 1167 3306 verolocis,
1183 3240 1233 3294 iibi
1249 3255 1349 3294 sensus
1371 3239 1502 3295 litteralis
1527 3238 1604 3293 solos
1627 3236 1785 3291 secundom
1800 3238 1854 3291 ltu·

112 3302 217 3386 Copia
240 3320 458 3386 responsionis
480 3297 527 3364 ccl
543 3298 740 3388 praedictam
763 3299 952 3390 epistolam.
1009 3310 1157 3435 guatinum
1178 3308 1344 3381 inquiritur,
1364 3310 1526 3389 exemplam
1548 3309 1660 3363 nullum
1680 3308 1791 3362 videtur
1804 3306 1855 3361 ba·

386 3448 391 3458 ·
417 3447 422 3458 ι
1029 3396 1077 3434 ere
1092 3380 1197 3446 locnin,
1212 3387 1245 3435 ul
1260 3385 1338 3451 patet
1352 3381 1381 3435 in
1396 3387 1515 3435 materia
1538 3378 1657 3460 propria
1678 3376 1714 3432 de
1738 3392 1796 3448 qua
1810 3376 1854 3431 lo·

126 3447 318 3528 'Veneranda
341 3448 490 3519 religionis
517 3450 570 3516 vir,
593 3449 681 3504 irater
702 3449 955 3505 clamicecbaris-
1010 3450 1116 3521 queris.
1145 3451 1178 3505 lii
1203 3451 1308 3506 tabulis
1333 3451 1410 3506 enim
1435 3452 1618 3517 Testamenti,
1644 3464 1709 3531 quse
1736 3447 1767 3502 iu
1790 3461 1858 3503 arce

109 3533 190 3583 sime,
206 3518 314 3598 litteras
328 3522 391 3572 tuas
417 3534 463 3574 me
485 3519 625 3590 recepisse
638 3536 821 3592 recognosco,
842 3520 873 3575 iii
888 3538 956 3593 qua·
1009 3521 1124 3576 loederis
1138 3521 1391 3588 concludebantur,
1411 3521 1482 3576 nibil
1502 3521 1580 3576 aliud
1589 3519 1787 3575 continebatur
1802 3515 1860 3573 nisi

17 3612 20 3617 ·
110 3603 175 3643 rum
190 3589 307 3643 exordio
335 3590 513 3645 mealterum
538 3590 702 3646 Simeonem
730 3606 821 3655 vocas,
851 3592 897 3646 cui
925 3593 955 3649 iii
1009 3597 1153 3662 praecepta
1174 3593 1315 3663 decalogi:
1345 3609 1410 3664 qum
1435 3592 1551 3665 quidem
1575 3594 1718 3662 praecepta
1737 3603 1860 3644 nonex-

110 3660 190 3713 nullo
203 3674 248 3713 me
263 3659 347 3714 credo
358 3660 520 3728 assimilari,
537 3661 592 3715 nisi
615 3661 687 3716 forte
710 3661 741 3717 iii
764 3667 888 3731 senecta,
903 3663 957 3718 uti·
1010 3668 1158 3733 ponuntur
1174 3663 1369 3734 principaliter
1383 3680 1433 3718 sen
1459 3662 1662 3730 communiter,
1680 3659 1736 3716 nisi
1751 3674 1857 3715 secun·

57 3760 63 3775 .
111 3745 178 3783 nam
193 3729 286 3810 uberi..
300 3730 352 3785 Sed
367 3729 482 3786 illarum
498 3747 630 3802 processu
655 3732 819 3804 aliqualiter
837 3749 955 3805 conspe·
1010 3734 1079 3789 diim
1094 3749 1209 3788 sensum
1224 3734 1436 3801 litteralem,ad
1469 3749 1534 3788 viem
1550 3749 1649 3788 ornnes
1666 3729 1859 3802 expositiones

110 3805 164 3867 oto,
180 3804 208 3854 tc
221 3804 316 3881 potins
332 3817 429 3882 vocare
445 3818 557 3872 possem
573 3804 696 3858 alterum
720 3803 930 3859 Samaritarum
947 3821 955 3859 ι
1011 3820 1123 3872 eorum,
1139 3808 1393 3875 quantumcunque
1410 3750 1591 3876 miiiliplicos,
1605 3803 1791 3858 reducuntur.

111 3871 206 3952 oleum
221 3887 299 3951 ciiim
324 3873 501 3928 laudiacum
526 3874 590 3927 rino
614 3874 846 3944 reprehensionis
869 3874 957 3930 arlill·
1046 3865 1260 3947 consequenter
1274 3875 1390 3931 deducis
1404 3875 1542 3929 visionem
1566 3873 1716 3929 Ezechielis
1742 3872 1778 3928 de
1792 3876 1859 3929 rote

111 3946 268 3996 eiosesatis
282 3942 413 3997 attulisti.
431 3945 470 3999 lle
492 3949 613 4016 unaque
630 3950 727 4000 autem
748 3945 869 4000 materia
892 3946 956 4018 plus
1010 3944 1040 3999 in
1054 3946 1148 4000 medlo
1171 3951 1241 4000 rotae
1265 3947 1300 4000 ad
1324 3954 1405 4000 tuum
1432 3945 1611 4017 propositum
1634 3943 1856 4009 ostendendum,

112 4028 198 4083 qnam
214 4028 295 4067 casus
313 4013 473 4086 requireret
494 4016 578 4070 credo
604 4023 630 4069 te
645 4017 784 4070 attulisse.
802 4017 863 4071 h'on
878 4016 955 4072 enini
1010 4016 1086 4087 quod
1116 4016 1263 4072 manifeste
1288 4016 1400 4072 videtur
1428 4032 1485 4071 iion
1510 4017 1614 4071 velere.
1643 4013 1766 4068 Sieoim
1780 4013 1857 4069 hano

112 4083 199 4137 taleni
224 4099 256 4137 ac
284 4086 398 4140 tentum
424 4102 468 4139 me
494 4086 585 4141 sentio
613 4086 728 4156 qualem
743 4087 953 4157 mesoripsieti;
1009 4086 1148 4142 visionem
1161 4088 1266 4155 allegas
1283 4088 1440 4142 secuudum
1454 4087 1605 4142 litteralem
1621 4100 1747 4149 sensnm,
1761 4083 1857 4138 inter·

112 4153 254 4234 necdicta
268 4169 342 4220 mea,
359 4155 394 4235 do
428 4156 513 4210 uibus
524 4157 628 4228 agitur,
644 4159 672 4211 in
690 4163 829 4228 quantum
845 4157 955 4229 ingenii
1011 4172 1080 4228 roga
1102 4157 1269 4229 magistrum
1299 4159 1456 4224 Nicolaum,
1507 4157 1537 4212 ui
1561 4157 1714 4212 litteralem
1737 4169 1856 4209 sensnm

112 4238 171 4277 moi
190 4224 332 4304 'modulus
354 4171 519 4306 'inteiligere
549 4227 631 4294 valet,
664 4228 887 4309 reprehensione
905 4237 955 4284 tua
974 4194 995 4248 D
1012 4227 1134 4284 maxime
1154 4230 1293 4300 sequitur,
1319 4233 1347 4283 ct
1371 4230 1447 4283 dicet
1467 4227 1486 4282 ι’
1511 4228 1519 4282 ι
1542 4227 1856 4300 quodperqnalerna·

113 4293 254 4362 condigna
267 4310 390 4373 reperio.
405 4296 433 4351 Si
447 4301 543 4351 tamen
557 4303 634 4362 sunt,
659 4299 781 4353 libenter
804 4299 952 4354 correctio
1008 4299 1084 4354 rium
1109 4315 1272 4354 momeriim
1297 4299 1464 4354 animalium
1486 4303 1516 4353 et
1535 4303 1664 4352 rotarum
1688 4296 1718 4351 iu
1744 4296 1855 4350 visione

112 4378 179 4418 nem
195 4363 349 4445 recipiam3
365 4381 423 4446 non
440 4368 518 4421 eiiim
546 4383 652 4448 vanarn
671 4384 776 4450 nomon
794 4369 953 4495 acquirere,
1009 4369 1161 4424 Ezechielis
1176 4369 1347 4441 intelligitur
1360 4368 1561 4494 quaternarios
1584 4382 1741 4439 regnorum
1757 4382 1858 4421 succe·

113 4434 163 4489 sed
178 4439 327 4516 veritatem
341 4450 497 4506 inquirere,
512 4444 651 4508 propositi
677 4455 733 4494 mei
752 4444 803 4494 est.
849 4440 883 4494 ed
906 4456 956 4511 per
1008 4439 1148 4501 deubum,
1179 4439 1287 4494 scilicet
1311 4440 1521 4506 Chadaeorum,
1550 4441 1712 4507 Persarum,
1740 4438 1853 4493 Grieco·

114 4506 169 4560 hoc
183 4505 268 4559 latins
284 4504 478 4573 discurrendo,
494 4513 634 4578 quantum
658 4509 692 4563 ad
720 4509 858 4580 primurn,
872 4515 955 4566 tuum
1010 4525 1083 4571 rum.
1101 4515 1130 4564 et
1144 4511 1356 4566 Romanorum:
1375 4518 1404 4564 et
1417 4511 1457 4565 sic
1468 4510 1684 4566 auctoritastua
1695 4509 1856 4564 secundum

114 4575 284 4657 benevolum
312 4591 380 4647 erga
404 4593 554 4649 personam
582 4594 677 4634 ineam
702 4580 844 4647 allectum,
865 4597 955 4652 aquo
1008 4581 1160 4635 litteralem
1187 4596 1303 4636 sensnm
1330 4581 1402 4636 nlliil
1434 4581 1502 4636 iacit
1529 4587 1706 4646 contrame;
1723 4579 1856 4634 aientem

115 4647 281 4717 hujusmodi
304 4648 400 4703 oleum
422 4665 569 4704 emanasse
593 4665 743 4717 concerno,
758 4652 881 4722 gratiam
902 4652 956 4707 ba·
1009 4667 1072 4705 eam
1087 4650 1194 4722 allegas
1214 4652 1371 4707 secundnm
1394 4668 1510 4707 sensnm
1526 4652 1689 4722 mysticum,
1705 4665 1755 4704 seo
1771 4648 1857 4719 spiri·

116 4718 179 4783 beo,
206 4722 234 4773 et
251 4717 408 4789 gratiarnm
430 4719 618 4775 retributione
641 4721 751 4775 estimo
776 4738 835 4776 esse
854 4722 954 4777 condi·
1008 4722 1127 4784 tualem,
1150 4721 1213 4777 vide
1234 4723 1414 4796 Gregorium,
1438 4723 1488 4794 qni
1510 4724 1584 4777 lianc
1597 4721 1734 4777 visionem
1750 4719 1781 4774 iii
1801 4720 1857 4774 llo·

115 4803 213 4857 gnum.
239 4789 279 4844 lle
305 4791 430 4873 secundo
449 4807 516 4844 roro
552 4792 709 4871 amplector
736 4792 857 4848 libenter
884 4793 956 4848 elie-
1009 4792 1102 4848 meliis
1125 4793 1183 4848 suis
1225 4809 1312 4864 super
1350 4792 1523 4849 Ezechielem
1534 4795 1681 4864 eleganter
1709 4790 1855 4862 exposuit,

115 4865 207 4939 otum:
224 4859 333 4940 lerrum
352 4877 429 4916 enini
449 4861 525 4916 ferro
549 4868 670 4928 acuitur,
698 4869 727 4917 et
746 4863 956 4919 contrariorum
1009 4863 1060 4933 qiii
1086 4868 1178 4919 rotam
1202 4863 1232 4918 iu
1252 4864 1346 4919 medio
1369 4869 1438 4919 rotre
1461 4864 1572 4919 Novum
1590 4865 1802 4919 Testamentum
1825 4861 1857 4918 in

115 4928 304 5009 solutionibus
330 4933 434 4988 vei-iiis
460 4931 552 5005 magis
566 4933 708 4988 elucescit.
729 4935 844 4989 Decrevi
860 4939 957 4990 antem
1009 4933 1104 4989 medio
1121 4934 1230 4989 Veteris
1243 4935 1387 5007 exposuit:
1403 4939 1623 4990 consistentem
1639 4932 1715 5005 qood
1731 4933 1760 4986 iii
1775 4936 1856 4987 utro·
1891 4957 1894 4964 ·

115 5014 166 5070 per
180 5001 291 5065 singola
306 5009 475 5072 argumenta
488 5009 537 5059 lua
559 5003 729 5073 discurrere,
752 5010 781 5060 et
795 5005 876 5060 omni
891 5006 956 5060 rbe·
1010 5020 1066 5076 que
1079 5006 1271 5073 Testamento,
1285 5013 1312 5061 et
1327 5020 1377 5076 per
1391 5020 1568 5077 consequens
1591 5004 1622 5059 iu
1643 5008 1764 5076 utraque
1779 5008 1855 5070 rota,

116 5075 209 5150 torum
223 5070 294 5152 tlore
308 5071 449 5154 deposito,
465 5074 559 5130 verbis
577 5075 679 5146 planis,
698 5075 803 5148 quibus
819 5076 847 5130 in
869 5076 957 5130 scien·
1009 5075 1156 5130 invenitur
1179 5091 1278 5131 sensus
1300 5074 1440 5132 litteralis.
1460 5076 1514 5131 Sed
1539 5075 1621 5144 dieis,
1647 5075 1712 5130 licet
1726 5075 1757 5128 iii
1773 5077 1857 5128 iitro-

115 5145 219 5222 tiarnm
233 5145 499 5212 investigationibus
515 5145 557 5200 nti
570 5147 705 5212 solemus,
726 5145 856 5217 singulis,
871 5151 958 5216 prout
1010 5162 1067 5217 quc
1081 5148 1261 5201 Testamento
1285 5146 1430 5202 invenitur
1452 5162 1553 5202 sensns
1576 5145 1707 5202 litteralis
1728 5149 1757 5199 et
1769 5143 1857 5214 spiri·

114 5211 185 5291 mihi
200 5210 350 5292 videbitur,
376 5216 558 5285 respondere,
584 5217 723 5289 objectiva
747 5217 834 5271 verba
856 5221 905 5272 iiie
926 5216 957 5273 io
1011 5217 1097 5271 tualis
1122 5216 1190 5284 vita,
1221 5222 1317 5273 tamen
1344 5234 1402 5273 noo
1430 5217 1594 5273 conceditur
1618 5216 1673 5272 nisi
1713 5214 1858 5287 spirituali

114 5282 251 5362 locissiiis
279 5283 445 5364 repetendo,
475 5291 506 5341 nt
537 5289 617 5343 omni
645 5287 810 5344 confusione
836 5291 955 5355 semota,
1011 5287 1221 5358 intelligentiae,
1244 5303 1310 5343 com
1330 5288 1509 5344 subditum«
1534 5288 1568 5343 at
1585 5287 1860 5360 spiritusvitaerat

112 5352 295 5434 singulorum
304 5359 407 5436 veritas
421 5357 546 5426 apertius
558 5357 725 5414 innotescat.
1013 5378 1027 5407 κ
1047 5357 1076 5411 ιι
1087 5357 1166 5413 rotis.
1188 5378 1202 5409 ιι
1219 5358 1294 5415 Audi
1306 5374 1386 5431 rogo,
1403 5359 1427 5414 si
1441 5358 1682 5431 perspiritualem
1690 5356 1857 5427 intelligen-

128 5423 222 5504 ‚ilicis
249 5440 331 5507 enim·
352 5440 446 5495 primo
470 5427 506 5481 do
519 5429 677 5499 quaestione
702 5446 765 5485 moa
779 5430 808 5485 in
829 5428 957 5500 generali
1011 5428 1082 5483 tiam
1108 5429 1199 5482 soloin
1229 5429 1403 5500 intelligeres
1435 5430 1613 5501 spiritualem
1650 5444 1777 5496 mosum,
1804 5442 1859 5482 scir

112 5509 170 5575 sic:
190 5513 204 5545 ιι
228 5495 260 5548 ιι
283 5494 388 5566 quibus
402 5497 535 5559 omnibus
558 5498 612 5552 elsi
628 5515 732 5570 magna
754 5501 890 5557 exuberat
905 5498 958 5554 uti·
1012 5499 1163 5570 mysticum
1176 5501 1288 5556 excluso
1303 5516 1387 5556 senso
1402 5501 1529 5567 litterali,
1554 5499 1703 5555 manifeste
1726 5498 1858 5553 deviares

111 5563 185 5632 litas,
201 5571 325 5621 ettamen
340 5583 398 5622 non
413 5567 563 5640 ingeniosa
571 5569 714 5624 subtilitas
726 5579 854 5627 montem
866 5570 958 5626 reiicit
1011 5570 1158 5625 avennis
1173 5587 1259 5625 sacrae
1275 5571 1422 5627 doctrinae.
1439 5573 1554 5628 Consul
1566 5571 1644 5627 enlin
1664 5570 1741 5641 quod
1756 5567 1856 5624 omnia

110 5634 256 5690 elevatum.
274 5655 288 5687 ii
1010 5655 1076 5712 qnae
1097 5640 1133 5696 dc
1158 5641 1326 5698 necessitate
1349 5639 1448 5698 aalotb
1469 5640 1625 5697 traduntur
1644 5639 1788 5696 credenda
1802 5653 1854 5695 seii

145 5707 225 5763 Circa
240 5708 317 5780 quod
341 5725 398 5765 nori
418 5709 563 5765 modicum
585 5709 621 5765 de
643 5712 693 5764 toa
719 5710 891 5768 discretione
903 5712 956 5768 ed·
1009 5711 1122 5782 agenda
1141 5711 1171 5767 in
1196 5728 1275 5768 sacra
1296 5711 1450 5784 Scriptura,
1474 5712 1527 5768 sub
1542 5727 1625 5768 seusu
1639 5711 1757 5768 litterali
1772 5724 1854 5781 repe·
