3892 6106
87 233 142 286 759
319 254 323 261 ·
397 227 594 284 wibertum
613 226 738 281 STRABI
757 225 855 281 roto.
875 225 958 282 MON.
978 180 1164 281 OPP..PARS
1183 225 1204 279 1.
1224 251 1259 263 -
1278 221 1508 279 muotoolcl.
1621 288 1627 299 ι
1789 223 1839 277 vlo

88 351 281 410 incarnationi
308 367 367 408 non
389 351 597 406 contradicunt.
616 370 630 402 α
651 350 741 404 Nemo
767 349 977 421 loquebaturd
994 353 1024 404 et
1037 364 1097 404 non
1121 345 1285 402 illustrabit.
1315 346 1440 401 illustrat
1453 343 1574 408 lumine,
1596 343 1649 418 qui
1676 344 1839 416 arguitrsed

91 443 119 499 ei
132 444 261 498 verbnm.
283 459 298 494 a
325 440 398 506 Quia
411 444 479 494 tunc
497 443 593 494 tacent
615 438 720 505 hostes,
749 436 773 491 si
799 437 874 493 filios
890 436 940 493 Dei
994 437 1076 510 quasi
1091 436 1207 508 tegitur,
1223 433 1320 507 quiin
1338 433 1478 489 memoria
1488 432 1597 504 judicis
1611 449 1673 489 non
1686 438 1839 488 revocatur.

91 530 277 607 praedicando
293 544 432 601 generare
448 526 638 600 negligimus:
656 526 705 581 sed
721 525 745 579 si
753 530 831 581 recta
844 525 941 597 loqui·
995 524 1089 579 Unde:
1108 544 1122 574 r
1138 523 1266 588 Quorum
1293 527 1369 578 tecta
1396 527 1463 577 sunt
1488 525 1603 594 peccata
1629 523 1718 593 (Psoi.
1745 537 1840 587 mus

92 637 170 689 mur,
196 624 265 674 tunc
288 633 388 688 graves
411 614 600 671 contumelias
620 614 765 686 ingerunt,
789 614 941 669 invocem
994 629 1047 668 nec
1056 618 1125 667 tunc
1139 613 1170 666 in
1178 617 1332 683 conspectu
1347 611 1478 667 omnium
1494 616 1703 667 monstrentur.

92 703 200 761 doloris
228 707 328 756 contra
349 717 401 755 nos
431 704 595 771 erumpunt.
627 699 795 770 loquuntur
823 698 941 769 quidem
1031 703 1111 756 Vens.
1149 705 1174 756 5.
1207 732 1243 744 -
1268 701 1361 757 «Non
1385 700 1553 767 illustretur,
1586 704 1655 768 ete,
1695 699 1844 756 obscurent

94 792 204 847 semina
219 804 364 845 errorum:
381 803 447 842 cum
462 787 549 841 corda
568 785 698 841 fidelium
712 790 827 857 torpere
846 784 943 840 vident
996 806 1073 846 eum.
1091 790 1149 844 old
1162 793 1213 856 cst,
1231 789 1306 842 dium
1318 787 1523 854 delectationis,
1536 804 1572 842 ne
1582 787 1618 843 ab
1633 804 1668 843 eo
1683 786 1737 860 qui
1752 787 1845 842 omnia

50 882 53 887 '
93 881 223 936 sedcum
247 877 346 932 vident
369 876 601 949 altasapere,de
626 891 757 930 erumna
780 874 942 930 smcnlido-
996 879 1083 944 videt,
1104 878 1273 933 videatur«
1291 876 1438 931 'lbra-brae.
1457 875 1594 948 ·(Gnae.)
1608 875 1641 931 ld
1653 881 1708 943 est,
1723 874 1845 929 lamenta

93 971 162 1034 lere,
176 967 211 1022 ad
227 967 330 1022 caelum
360 966 486 1021 reditum
511 979 651 1037 quaerere,
667 963 869 1036 circumspecte
888 963 943 1018 lin·
997 966 1175 1039 poenitentia
1189 966 1232 1021 vel
1248 966 1358 1020 occulta
1382 964 1432 1020 Dei
1446 964 1562 1036 judicia,
1584 980 1600 1018 a
1616 962 1726 1036 quibus
1741 977 1844 1034 prave·

94 1072 180 1130 guam
196 1056 328 1109 lroenant.
998 1056 1096 1111 niente
1129 1055 1221 1127 gratia
1254 1053 1440 1121 absolvimur,
1466 1069 1554 1126 quam
1576 1069 1629 1107 nos
1663 1051 1773 1108 mereri
1798 1067 1845 1106 nc·

133 1165 147 1195 a
164 1145 253 1199 Nemo
268 1140 449 1214 loquebatur.
467 1140 568 1196 »Sunt
578 1139 656 1196 enim
671 1140 763 1207 multi,
781 1143 846 1207 etc,
861 1154 946 1209 usque
999 1144 1114 1199 scimus.
1133 1164 1147 1191 a
1159 1144 1190 1197 Et
1202 1143 1304 1197 umbra
1319 1142 1430 1197 mortis.
1449 1163 1463 1192 a
1477 1143 1508 1196 ld
1521 1145 1573 1209 est,
1600 1157 1678 1195 mors
1690 1139 1797 1197 Christi
1807 1154 1846 1194 se·

96 1233 134 1290 od
148 1237 178 1289 et
191 1231 248 1286 nisi
262 1229 400 1286 sacrificio
414 1234 584 1302 purgentur,
600 1228 740 1301 puniendi
756 1233 835 1284 sunt.
1000 1231 1125 1287 cundum
1140 1246 1266 1297 carnem,
1290 1234 1355 1299 etc,
1371 1245 1456 1300 usqae
1471 1229 1508 1284 od
1522 1229 1553 1284 in
1567 1245 1625 1301 quo
1653 1226 1847 1283 misericordia

136 1340 151 1374 r
177 1320 321 1376 videbant
341 1318 418 1374 enim
447 1318 584 1373 dolorem.
610 1340 624 1368 s
652 1317 725 1383 Ouia
752 1321 821 1372 tunc
843 1316 947 1371 timent
1001 1319 1142 1386 subvenit,
1164 1319 1219 1373 hoc
1246 1319 1333 1374 homo
1352 1318 1472 1390 puniat:
1499 1317 1577 1373 unde
1602 1317 1750 1389 sequitur:
1768 1338 1781 1366 ι
1799 1314 1847 1371 ee-

98 1425 187 1482 prava
197 1409 290 1481 loqui,
305 1423 371 1462 cnm
385 1405 491 1461 amoris
508 1407 558 1462 Dei
570 1407 651 1462 dolor
661 1406 746 1461 corda
759 1404 858 1476 tingit:
879 1404 948 1476 quia
1001 1412 1088 1478 cupet
1098 1422 1165 1461 eum
1180 1406 1283 1478 caligo.
1300 1428 1314 1457 »
1329 1406 1362 1463 ld
1388 1410 1440 1474 est,
1466 1404 1570 1460 mentis
1583 1403 1729 1470 conlusio,
1747 1403 1783 1458 de
1796 1417 1849 1474 qua

98 1503 168 1554 tunc
190 1513 248 1552 non
262 1496 444 1568 proficerent,
472 1495 570 1551 sedet
596 1511 668 1568 quos
692 1494 839 1558 tenebant,
864 1491 948 1548 bonis
1003 1495 1120 1550 dicitur:
1149 1514 1163 1546 a
1189 1496 1236 1549 Est
1267 1494 1345 1549 euim
1375 1493 1505 1549 conlusio
1542 1492 1688 1548 adducens
1720 1490 1848 1564 gloriam.

99 1585 261 1643 exercitatis
275 1584 438 1658 perderent.
1003 1584 1101 1657 (Beati.
1118 1584 1165 1654 xv.)
1184 1605 1195 1632 ι
1225 1583 1290 1638 «Et
1308 1583 1477 1637 involvatur.
1496 1603 1507 1631 ι
1527 1581 1613 1637 Omni
1631 1584 1728 1653 parte.
1744 1583 1849 1635 «Ama-

1004 1672 1141 1729 titudine.
1158 1691 1172 1724 a
1189 1671 1385 1726 Poenitenties:
1398 1671 1448 1726 sed
1463 1670 1570 1737 sidies,
1584 1668 1679 1738 idest,
1705 1667 1852 1725 delectatio

435 1725 548 1782 CAPUT
563 1725 613 1781 ΠΙ·
1004 1759 1123 1831 peccati,
1149 1759 1189 1814 sic
1201 1758 1323 1831 punitur
1337 1777 1346 1813 :
1368 1758 1439 1831 quid
1459 1774 1526 1827 nox,
1537 1757 1568 1814 id
1581 1761 1636 1827 est,
1650 1755 1853 1812 consensusad

140 1852 218 1907 Vens.
237 1853 262 1905 l.
278 1879 312 1893 -
329 1871 340 1900 ι
362 1850 431 1905 Post
442 1850 515 1913 baec,
531 1853 584 1904 etc.
599 1870 611 1898 ι
629 1849 757 1904 Attentos
776 1846 854 1918 iacit,
869 1847 951 1920 quasi
1005 1847 1146 1919 culpam?

103 1938 140 1994 ad
172 1938 282 1993 occulta
311 1954 377 2009 quse
405 1937 508 1992 clausis
542 1937 663 1992 vasculis
692 1937 871 2009 tegebantur,
901 1936 952 1993 sad
1041 1938 1124 1992 Vens.
1142 1939 1168 1992 6.
1182 1958 1243 1987 -ι
1269 1937 1386 1991 Noctem
1401 1935 1480 1990 illnm
1495 1935 1665 1991 tenebrosus
1681 1934 1769 1990 turbo
1792 1949 1854 2005 pos·

104 2029 204 2099 aperto
220 2042 270 2082 ore
281 2042 382 2081 eorum
396 2026 582 2098 deteguntur,
596 2030 629 2081 ut
641 2025 852 2081 eornmintimo
865 2025 952 2080 odore
1007 2025 1109 2080 sideat.
1126 2044 1140 2079 o
1156 2024 1242 2089 Quasi
1252 2025 1336 2080 turbo
1352 2023 1529 2095 tempestatis
1543 2029 1587 2079 est
1600 2022 1775 2089 concitatus,
1792 2025 1853 2088 eta,

103 2131 276 2171 recreemur.
301 2116 454 2187 Hucusque
481 2115 584 2187 triplex
600 2114 750 2186 expositio,
775 2113 843 2170 hinc
867 2118 954 2186 prout
1006 2113 1198 2185 usqceodpro
1213 2111 1543 2168 caecitatedamnationis
1557 2111 1657 2183 inqua
1671 2109 1736 2167 nati
1749 2125 1853 2166 sumas.

105 2205 219 2275 singula
231 2207 395 2276 exspectent
410 2205 481 2258 loca.
1009 2225 1023 2255 «ι
1038 2205 1101 2259 Non
1113 2207 1295 2273 computetur
1308 2202 1339 2257 in
1354 2202 1400 2257 die
1410 2202 1479 2257 anui
1497 2220 1511 2254 a
1527 2204 1628 2256 Annus
1642 2216 1773 2273 superna
1795 2214 1854 2271 gra·

132 2292 244 2364 'ldaaed
261 2310 276 2344 «
298 2291 443 2347 llaledixit
469 2290 526 2346 diei
553 2307 613 2346 suo.
630 2313 645 2342 »
671 2292 740 2346 Ecce
760 2289 813 2346 hoe
835 2306 895 2346 non
909 2307 954 2346 se·
1007 2293 1057 2359 tia,
1075 2297 1140 2362 etc,
1162 2307 1247 2361 usque
1261 2291 1298 2345 od
1321 2290 1370 2346 sed
1385 2306 1468 2346 exors
1492 2289 1528 2345 ab
1551 2289 1600 2344 ille
1621 2288 1719 2362 patria
1733 2289 1765 2344 in
1778 2292 1856 2343 reter-

107 2381 233 2437 cundum
247 2379 374 2435 bistoriae
393 2378 584 2452 superficiem,
603 2379 672 2451 quia
685 2385 713 2434 et
728 2379 838 2434 malum
848 2378 956 2434 esthoe
1008 2397 1079 2437 num
1094 2386 1145 2436 est.
1164 2380 1242 2436 Unde
1257 2379 1370 2434 subdit:
1764 2373 1768 2377 ’

106 2475 135 2526 et
148 2469 324 2541 impossible.
343 2468 407 2524 Dies
428 2467 506 2523 enim
520 2466 552 2521 in
563 2482 620 2538 quo
645 2471 730 2521 natus
745 2466 808 2534 fuit,
822 2467 955 2537 jamnon
1044 2470 1126 2523 Vens.
1149 2473 1177 2523 7.
1203 2499 1238 2510 -
1265 2468 1330 2524 «Sit
1357 2483 1412 2523 nox
1427 2466 1477 2522 illa
1506 2466 1642 2523 solitaria.
1658 2485 1675 2520 a
1689 2466 1793 2532 Quiaa
1809 2465 1859 2522 ire

106 2562 177 2619 erat.
206 2561 236 2612 et
263 2557 389 2612 otiosum
409 2560 453 2611 est
482 2554 655 2610 maledicere
669 2553 712 2609 rei
741 2569 798 2608 non
813 2554 955 2617 existenti,
1010 2558 1128 2630 quentia
1144 2557 1194 2613 illa
1220 2562 1379 2630 seperatur;
1395 2558 1440 2612 vel
1455 2556 1614 2625 hominem,
1638 2572 1728 2628 qoem
1742 2555 1859 2612 sibiso·

106 2646 300 2718 perniciosum
318 2645 425 2699 verosi
453 2644 603 2698 existeret:
618 2658 671 2697 nec
693 2644 754 2715 jam
772 2647 868 2715 potest
894 2643 957 2698 dies
1010 2647 1087 2703 cium
1112 2646 1229 2716 iecerat,
1255 2645 1379 2701 amittit:
1403 2650 1433 2700 et
1460 2644 1556 2699 electis
1584 2660 1639 2716 per
1666 2643 1795 2716 gratiam
1818 2659 1859 2698 re-

108 2734 270 2807 praeteritus
292 2731 366 2787 verti
393 2731 425 2785 in
445 2731 588 2797 tenebras,
605 2747 658 2786 nee
677 2730 704 2786 ei
718 2736 838 2803 possunt
851 2746 956 2787 conve·
1010 2734 1135 2806 demptis
1159 2736 1236 2790 solos
1264 2750 1330 2790 cum
1348 2749 1473 2807 corpore
1497 2749 1549 2789 suo
1564 2733 1707 2807 gehennae
1727 2732 1858 2789 traditur.

109 2822 171 2877 nire
183 2825 286 2877 caetera
299 2836 364 2892 qnae
379 2824 530 2891 sequntur,
559 2834 610 2873 nec
625 2819 768 2875 abortivus
790 2820 876 2891 (quod
892 2823 958 2892 post
1013 2825 1100 2878 «Nec
1128 2824 1211 2879 laude
1237 2824 1364 2896 digna·
1390 2823 1481 2879 llomo
1505 2839 1570 2877 cnm
1592 2821 1768 2889 substratus,
1789 2820 1862 2877 idola

109 2909 159 2982 ait)
171 2908 269 2981 requie
279 2908 433 2978 frueretur,
444 2908 562 2964 ideohic
573 2908 643 2963 nihil
653 2908 811 2963 secundnm
821 2908 955 2964 litteram.
973 2924 993 2981 c
1012 2913 1110 2980 coluit,
1142 2913 1173 2968 in
1202 2912 1306 2984 quibus
1325 2910 1469 2967 daemonia
1496 2910 1580 2983 quasi
1606 2910 1740 2966 tenebras
1775 2909 1861 2965 noctis

147 2998 323 3054 «Posthac.
343 2997 398 3052 ·1u
412 3002 458 3052 est
471 3001 538 3069 post
547 2997 645 3052 omnia
659 2997 806 3068 praedicta,
822 3013 886 3070 quae
900 3013 960 3068 pes
1012 3000 1155 3057 laudavit:
1178 3000 1228 3055 sed
1245 2999 1306 3071 jam
1334 2999 1418 3054 idolis
1434 2997 1604 3071 reprobatis,
1627 3013 1687 3054 nox
1710 3001 1756 3054 est
1778 2997 1861 3054 laude

111 3104 159 3144 sus
174 3091 227 3155 est,
242 3085 402 3142 tacentibus
423 3086 510 3141 etiam
524 3085 633 3142 amicis.
654 3086 725 3142 Cum
738 3102 806 3160 ergo
819 3085 961 3159 patienter
1012 3087 1109 3161 digna.

111 3176 142 3231 in
157 3176 293 3231 omnibus
316 3174 424 3246 gratias
448 3174 509 3247 egit
522 3179 551 3229 et
576 3174 773 3241 henedocuit,
788 3191 864 3229 nnnc
879 3174 959 3229 nullo
1049 3176 1128 3229 Vens.
1145 3176 1172 3229 8.
1201 3191 1267 3226 —a
1295 3172 1463 3230 Maledicant
1491 3172 1563 3228 ei.»
1592 3170 1689 3246 (ibid.)
1716 3172 1750 3227 ln
1775 3167 1862 3227 veteri

111 3264 266 3335 instigante
280 3278 340 3317 non
353 3262 562 3318 estcredendus
575 3262 962 3332 eximpatientiaadmaledi-
1013 3261 1209 3329 translatione,
1223 3264 1288 3329 etc,
1314 3277 1399 3331 usque
1411 3261 1450 3316 od
1464 3265 1494 3316 et
1510 3261 1543 3316 in
1568 3260 1626 3316 fine
1640 3261 1754 3315 solutus
1768 3264 1862 3332 aperta

113 3352 444 3422 ctionemprorumpere,
463 3350 512 3404 sed
524 3349 701 3421 quietushoe
710 3349 786 3412 dicit,
802 3349 872 3422 quia
886 3350 963 3406 inter
1013 3351 1088 3407 bella
1117 3354 1232 3421 gerat«
1262 3349 1426 3405 Leviathan.
1451 3367 1465 3403 a
1493 3349 1524 3405 ld
1552 3353 1605 3416 est,
1633 3348 1861 3404 additamentum

112 3438 190 3494 mala
217 3437 343 3491 laudavit
366 3437 467 3491 Deum.
487 3456 501 3485 ι(
528 3436 680 3492 llaledixit.
696 3458 710 3488 »
734 3436 825 3508 (ibid.)
842 3437 960 3493 llaledi·
1015 3437 1168 3508 eorum,id
1195 3447 1248 3502 est,
1275 3436 1436 3506 hominum,
1452 3437 1482 3492 in
1508 3436 1612 3509 quibus
1626 3436 1861 3510 postsuggestio·

114 3532 191 3581 ctum
206 3525 320 3581 duobus
340 3523 434 3580 modis
449 3524 563 3591 dicitur,
582 3524 787 3595 etr.,usqueod
796 3530 825 3581 et
838 3525 961 3580 medica·
1016 3542 1082 3583 nem
1105 3527 1181 3581 mala
1206 3524 1313 3581 addere
1328 3540 1387 3580 non
1410 3529 1510 3581 cessat.
1526 3526 1575 3580 Vel
1598 3524 1859 3596 exprobrationem,

114 3629 183 3669 men
193 3612 286 3684 ponit.
1016 3614 1164 3688 quiscum
1191 3615 1260 3670 Adra
1288 3613 1393 3669 addere
1408 3613 1544 3669 deitatem
1556 3613 1723 3686 spopondit,
1745 3617 1776 3669 et
1790 3611 1861 3685 qnod

150 3703 229 3756 Vere.
245 3704 270 3757 3.
286 3722 347 3752 -ι
364 3703 466 3755 Pereat
480 3699 541 3755 dies
555 3700 587 3755 in
601 3704 755 3772 quanatus
781 3717 882 3757 sum.··
900 3702 963 3758 Non
1015 3703 1148 3770 babebat,
1169 3702 1297 3758 abstulit.
1326 3701 1408 3757 llice
1423 3702 1565 3773 propheta
1584 3717 1704 3772 serpens
1718 3705 1860 3756 tortumus

115 3789 258 3851 conditus,
287 3793 352 3858 etc,
382 3803 467 3859 usqae
490 3788 528 3843 od
559 3788 608 3845 sed
635 3788 742 3859 peccati
763 3790 895 3845 tenebras
920 3790 964 3847 in·
1016 3791 1130 3858 dicitur,
1146 3791 1197 3862 qui
1212 3789 1337 3846 molliter
1351 3790 1432 3862 quasi
1458 3789 1571 3847 blandis
1584 3790 1740 3845 verborum
1762 3788 1859 3845 finibus

116 3878 192 3934 tulit.
1016 3879 1135 3935 iusidias
1149 3879 1284 3934 infundit.
1307 3879 1341 3934 Et
1355 3879 1452 3946 vectis,
1467 3878 1535 3950 quia
1557 3879 1645 3934 durus
1660 3894 1713 3951 per
1727 3878 1859 3934 malitiam

152 3988 167 4019 a
181 3968 281 4023 Pereat
309 3966 379 4022 dies.
403 3966 508 4036 sities,
539 3966 641 4022 mundi
659 3967 844 4039 prosperitas,
868 3967 963 4040 quiin
1016 3967 1052 4023 ad
1081 3982 1180 4023 necem
1196 3967 1330 4039 percutit.
1358 3967 1514 4023 Suscitatus
1532 3971 1630 4039 aperte
1651 3972 1730 4040 aget,
1749 3964 1857 4022 interim

116 4061 197 4112 nocte
212 4054 326 4124 desinit,
359 4055 427 4126 quia
442 4055 478 4112 ad
502 4054 718 4110 tribulationem
741 4055 887 4127 perducit:
907 4058 961 4124 val,
1017 4057 1252 4112 antemlatenter.

117 4144 188 4214 dies,
202 4143 309 4215 peccati
334 4144 503 4210 delectati03
530 4159 597 4210 nox,
614 4143 719 4199 mentis
734 4144 854 4199 cecitas.
871 4145 962 4199 Homo
1052 4146 1134 4201 Vens.
1163 4148 1190 4199 9.
1207 4165 1271 4194 -r
1295 4143 1454 4215 Caligine»
1484 4144 1552 4215 Ejus
1582 4143 1684 4200 noctis.
1703 4165 1719 4193 «
1741 4142 1855 4200 obtene-

118 4232 212 4288 tribus
239 4231 334 4287 modis
357 4230 472 4301 dicitur,
494 4247 547 4303 per
571 4236 714 4301 naturam,
731 4248 783 4302 per
796 4232 921 4304 culpam,
937 4203 1000 4288 etD
1019 4235 1138 4290 brentur
1164 4233 1294 4288 stellae.»
1328 4233 1358 4287 ld
1386 4238 1438 4301 est,
1458 4232 1626 4304 hypocritae,
1640 4233 1693 4305 qui
1708 4234 1855 4302 lucentpsr

118 4334 172 4391 per
193 4318 399 4374 infirmitatem.
427 4319 517 4373 Homo
532 4334 601 4390 ergo
624 4318 654 4372 in
669 4318 716 4373 die
730 4319 866 4386 nascitur,
882 4323 966 4375 nocte
1019 4338 1107 4395 opera
1120 4322 1156 4377 ad
1168 4321 1265 4377 oculos
1278 4320 1439 4376 hominum.
1456 4322 1506 4377 llas
1528 4326 1597 4376 sunt
1609 4338 1676 4393 quae
1690 4322 1784 4377 muda
1800 4320 1854 4376 dra-

118 4406 293 4480 concipitur:
316 4407 385 4479 quia
412 4407 448 4462 ad
473 4406 690 4462 delectationem
710 4407 820 4477 peccati
849 4423 965 4462 nonra·
1019 4409 1108 4478 conis,
1122 4407 1152 4466 id
1175 4414 1225 4476 est,
1256 4413 1384 4464 extrema
1397 4408 1594 4479 persecutione
1612 4408 1791 4473 antichristi,
1806 4412 1853 4462 tra·

119 4496 207 4569 pitur,
224 4495 280 4551 nisi
295 4495 375 4567 prius
389 4511 442 4568 per
458 4495 562 4551 mentis
576 4495 709 4550 tenebras
724 4494 898 4552 infirmetur.
911 4496 967 4553 Sed
1019 4496 1142 4568 huntur;
1165 4497 1211 4552 hae
1235 4496 1469 4565 obtenebrantur,
1498 4497 1567 4570 qnia
1589 4497 1702 4554 malitia
1726 4498 1814 4553 bostis
1824 4493 1854 4550 sic

120 4589 220 4657 pereat
244 4583 313 4651 dies,
329 4582 425 4651 idest,
450 4583 559 4653 peccati
571 4581 722 4638 delectatio
738 4582 837 4654 vigore
845 4583 967 4656 justitia
1019 4587 1157 4659 praevalet
1170 4585 1221 4656 eis,
1237 4589 1270 4641 ut
1282 4585 1387 4657 apertis
1403 4585 1486 4641 malis
1498 4586 1693 4656 involvantur,
1709 4586 1808 4660 quales
1819 4585 1853 4639 in·

121 4673 298 4729 destruatur.
1019 4680 1076 4742 tus,
1088 4674 1159 4730 tales
1169 4676 1305 4731 exterius.
1323 4675 1603 4746 «Exspectetlncem.
1616 4695 1631 4727 s
1643 4673 1853 4731 ilocsecundun

159 4761 331 4815 «Etnom
353 4759 444 4833 (dreq.
465 4761 495 4814 in
514 4759 597 4816 Jobl.
615 4758 664 4830 ιν.)
686 4759 784 4826 ldest,
813 4759 891 4831 qnod
915 4774 968 4815 οω-
1021 4762 1150 4819 membra
1164 4762 1236 4833 eJ'us,
1266 4765 1433 4833 etc.,usqoe
1455 4762 1573 4834 odquae
1587 4761 1732 4820 Christum
1747 4760 1854 4834 propte

121 4854 184 4905 cata
207 4865 289 4905 mens
305 4865 356 4921 per
378 4864 548 4904 consensum
575 4851 730 4921 perpetrat,
761 4847 830 4902 dnm
852 4847 968 4905 blendi—
1020 4853 1106 4908 tando
1116 4851 1261 4916 sustinuit,
1272 4852 1322 4907 sed
1334 4851 1496 4907 venientem
1505 4867 1564 4906 non
1576 4852 1721 4923 cognovit.
1735 4852 1855 4907 allecor-

122 4943 221 4993 menta
243 4937 439 4993 delectationis
464 4943 546 4993 caute
565 4954 623 4992 non
639 4937 784 5010 perspicit,
800 4936 968 5009 paenitentia
1020 4943 1082 4993 tum
1103 4936 1246 5008 surgentis
1269 4953 1391 4992 aurorae.
1408 4958 1422 4987 a
1453 4936 1545 5007 (leid.)
1574 4936 1661 4993 Ortus
1688 4953 1800 4993 aurorae
1824 4933 1856 4988 est

123 5026 297 5099 exstinguat:
311 5041 348 5082 ne
363 5027 457 5098 culpa,
473 5042 548 5098 quae,
564 5024 694 5081 blandiri·
702 5025 814 5096 incipit,
831 5025 867 5082 ad
877 5025 967 5080 inter·
1021 5043 1095 5082 nova
1113 5025 1247 5081 nativitas
1261 5025 1489 5090 resurrectionis,
1514 5042 1571 5098 qua
1593 5025 1685 5082 sancti
1699 5042 1766 5082 cum
1785 5034 1856 5081 carot

122 5117 196 5171 itum
212 5117 315 5172 trabat.
1021 5114 1151 5170 orientur
1161 5113 1197 5168 ad
1211 5113 1365 5168 videndum
1375 5112 1474 5169 lumen
1484 5118 1634 5169 veternum.
1646 5113 1703 5170 Sed
1715 5118 1856 5186 qnantum·

157 5206 237 5261 Vaas.
265 5206 291 5260 4.
306 5225 368 5255 -«
397 5204 462 5260 Dies
475 5204 535 5273 illa,
550 5225 564 5254 s
589 5202 751 5275 etr.(lbid.)
769 5200 800 5257 ld
815 5206 867 5270 est,
886 5216 967 5256 exor·
1021 5218 1136 5273 cunque
1151 5201 1198 5256 bic
1209 5201 1339 5272 fulgeant
1371 5201 1465 5269 electi,
1477 5207 1626 5273 nequeunt
1638 5208 1791 5275 penetrare
1804 5212 1856 5274 qua

122 5293 169 5348 dio
192 5293 399 5362 delectationis,
422 5294 457 5349 ad
474 5310 560 5366 quem
585 5295 673 5349 linem
693 5291 863 5365 perditionis
882 5291 966 5363 rapit,
1022 5292 1076 5346 erit
1091 5290 1242 5363 illagloria
1267 5290 1345 5344 illius
1359 5306 1441 5345 novae
1460 5289 1634 5346 nativitatis:
1664 5291 1729 5346 baec
1743 5300 1858 5347 noxnon

121 5381 260 5446 videatur,
276 5389 306 5438 et
328 5399 381 5454 per
395 5383 593 5455 penitentiam
620 5382 769 5438 crucietur.
787 5381 868 5447 Quod
891 5381 916 5435 si
928 5381 968 5436 ita
1021 5379 1133 5444 clausit,
1164 5378 1212 5434 sed
1242 5379 1355 5449 aperuit
1364 5378 1434 5433 ostia
1454 5377 1571 5446 ventris,
1587 5378 1656 5450 quia
1670 5384 1809 5452 concepto
1820 5377 1860 5433 bo·

121 5469 223 5544 punita
245 5475 297 5527 est.
314 5490 329 5524 a
344 5473 407 5528 Non
427 5471 564 5545 requirat.
581 5491 596 5525 s
623 5471 777 5542 injudicio
794 5476 826 5527 ut
844 5470 965 5543 puniat:
1021 5471 1110 5537 mine,
1123 5469 1158 5524 ad
1173 5472 1320 5541 peccatum
1335 5465 1477 5523 desideria
1495 5467 1748 5539 concupiscentia,
1764 5480 1860 5524 resera
