3892 6106
118 249 170 303 rel
424 244 627 302 wilarium
647 244 772 302 sinlei
792 242 891 300 FULD.
912 241 997 298 ΙΙΟΝ.
1023 240 1100 298 ΟΡΡ.
1122 242 1210 299 PARS
1229 242 1251 298 1.
1271 271 1305 281 -
1325 242 1555 301 indalecius.

113 372 157 425 ast
172 366 391 437 omnitempore
404 363 554 436 praesentis
569 362 634 418 rita
648 361 717 418 etin
745 366 849 417 sanctae
875 361 971 417 Trini-
986 363 1008 417 Α
1025 376 1112 433 qnam
1126 362 1182 417 sibi
1195 361 1352 429 vindicans,
1365 363 1396 418 iu
1423 365 1527 420 anime
1555 367 1661 420 nostra
1688 381 1802 423 recessu
1824 382 1876 424 ex-

117 457 181 513 tatis
195 454 383 520 confessione,
408 467 459 525 per
485 451 570 507 tidem
586 455 615 506 et
640 466 720 522 spem
746 455 775 506 et
797 450 964 506 charitatem
1019 451 1156 506 terminat
1180 451 1322 518 israelem,
1345 451 1373 507 id
1405 458 1449 508 est
1469 468 1565 509 rerum
1594 470 1773 511 stimmarum
1803 471 1876 512 con·

114 547 258 604 bonorum
273 558 392 615 operam
406 541 543 612 obsequia
557 541 614 595 ileo
635 540 756 594 creatori
768 543 861 594 vestro
883 539 964 595 exhi·
1019 538 1247 609 templationem,
1263 544 1292 594 et
1305 540 1448 595 adversari
1474 556 1533 596 non
1561 541 1689 598 desinit:
1718 559 1777 598 non
1796 546 1875 600 enim

116 633 230 690 habitis.
259 632 366 687 Pascha
393 631 470 685 enim
498 629 674 684 celebramus
692 644 790 684 mense
813 644 964 696 novorum,
1019 631 1140 699 possunt
1151 627 1269 682 virtutes
1283 643 1348 684 cum
1362 627 1436 685 vitiis
1450 630 1565 685 morari
1585 630 1638 686 Sed
1652 646 1718 686 cum
1732 632 1768 687 ab
1784 633 1875 688 lsrae-

115 737 180 776 cam
198 735 251 791 per
268 717 438 789 sanguinem
466 717 541 788 Agai
566 716 742 771 immaculati
770 716 807 771 ab
836 716 967 786 AEgyptia
1020 715 1087 782 litis,
1099 715 1128 770 id
1139 719 1181 770 est
1197 715 1386 784 avirtutibas,
1402 717 1510 772 fuerint
1519 717 1587 773 vitia
1609 724 1751 792 superata,
1778 722 1875 776 lacum

112 808 247 864 servitute
261 806 385 872 liberati,
403 820 454 876 per
468 804 630 875 spirituales
643 819 732 876 aquas
758 804 793 858 de
814 803 902 858 veteri
918 804 967 857 lra·
1020 819 1108 874 quam
1122 803 1361 875 concupiscentia
1376 807 1418 860 vel
1439 805 1635 862 fornicationis
1651 808 1768 878 spiritus
1783 810 1873 880 possi-

114 897 190 953 mina
205 896 235 950 iu
250 910 357 949 uorum
371 893 537 960 transimus,
552 909 609 947 naa
634 893 664 947 in
686 895 827 947 vetustate
851 892 964 958 litteras,
1021 893 1115 960 debat,
1131 892 1245 947 castitas
1259 893 1400 948 obtinebit
1415 910 1519 966 :quem
1533 894 1615 950 furor
1626 901 1751 965 ceperat,
1761 898 1871 968 patien-

114 983 205 1039 sedin
217 981 343 1035 novitate
358 979 482 1050 spiritus,
503 994 560 1050 quo
581 979 612 1032 in
634 983 741 1033 terram
767 977 966 1048 promissionis
1019 980 1061 1036 tia
1071 980 1224 1036 vindicabit
1239 997 1245 1049 ;
1262 996 1348 1053 quem
1360 981 1475 1036 tristitia
1485 987 1607 1038 moriem
1618 998 1742 1054 operans
1752 999 1872 1055 occupa·

113 1087 167 1145 per
181 1069 303 1142 gratiam
314 1067 416 1124 Christi
439 1066 631 1138 pervenimus.
662 1066 875 1121 solemnitatem
901 1081 967 1120 vero
1020 1067 1874 1144 verat,salutarisetplenagaudiolaetitiapossidebit;qaem

115 1159 222 1216 mensis
232 1157 445 1229 primitivorum
473 1155 661 1222 celebramus,
690 1170 754 1208 cum
778 1170 896 1226 operum
912 1170 966 1209 nu·
1020 1157 1257 1224 acediavastavit,
1274 1157 1786 1231 excoletfortitudo;quemsuperbia
1810 1176 1876 1214 con·

115 1254 249 1313 atrorum,
261 1248 450 1314 voluntatum,
464 1249 493 1298 et
513 1258 678 1297 sermonum
689 1241 830 1312 primitias
847 1242 966 1297 Domino
1021 1243 1159 1314 calcabat,
1172 1244 1321 1300 humilitas
1339 1245 1514 1301 honestabit.
1536 1247 1636 1318 itaqua
1655 1247 1775 1316 singulis
1800 1247 1875 1301 vitiis

115 1352 333 1403 consecramus,
348 1333 559 1388 solemnitatem
588 1346 702 1403 quaque
722 1331 753 1384 ia
777 1330 855 1385 exitu
883 1331 961 1396 anni,
1022 1333 1158 1403 expulsis,
1174 1348 1275 1389 eoram
1284 1334 1354 1399 loca,
1370 1332 1398 1389 id
1410 1338 1453 1388 est
1462 1332 1588 1402 affectus,
1596 1333 1714 1389 virtutes
1724 1336 1875 1391 contraria

115 1425 229 1499 quando
241 1421 419 1494 cougregatis
432 1421 578 1491 frugibus„
589 1418 620 1473 id
638 1424 682 1473 est
709 1419 847 1474 virtutum
871 1419 968 1474 fracti·
1020 1419 1209 1491 possidebunt
1225 1436 1232 1474 ε
1250 1436 1314 1492 quae
1326 1420 1380 1476 lilii
1401 1420 1523 1488 israelis,
1549 1421 1577 1477 id
1601 1427 1644 1476 est
1663 1422 1767 1476 animae
1783 1423 1874 1477 Deum

115 1513 180 1581 bus,
195 1511 231 1566 ad
250 1509 338 1564 finem
353 1508 419 1562 vitre
441 1512 470 1561 et
489 1506 639 1561 introitum
654 1506 736 1578 regni
759 1505 880 1560 caelestis
901 1523 966 1577 per·
1022 1506 1143 1561 videntis
1168 1513 1390 1578 nuncupantur:
1420 1508 1471 1580 quai
1497 1524 1563 1565 cum
1592 1508 1738 1564 universas
1781 1509 1876 1565 cordis

113 1599 212 1655 venire
226 1596 447 1663 contendimus,
464 1593 495 1648 ia
521 1594 711 1649 tabernaculis
735 1600 844 1665 septem
866 1593 968 1650 diebus
983 1585 1004 1695 ἡ
1022 1593 1184 1664 expulerint
1205 1596 1361 1666 passiones,
1377 1613 1436 1652 non
1461 1601 1521 1652 tam
1549 1597 1656 1652 alienas
1681 1598 1876 1668 possessiones

115 1691 382 1750 commemorantes,
403 1682 470 1755 quia
485 1699 536 1753 per
554 1698 639 1738 omne
657 1686 772 1756 tempus
800 1684 864 1738 ritas
893 1699 968 1755 praa·
1023 1685 1150 1756 rapuisse
1165 1703 1252 1757 qaam
1269 1688 1397 1760 proprias
1425 1702 1606 1759 recuperasse
1634 1688 1768 1743 credendi
1793 1693 1876 1743 sunt:

115 1776 202 1832 sentis
217 1773 383 1846 peregrinos
398 1788 449 1826 nos
465 1787 526 1826 essa
540 1771 732 1842 agnoscimus,
760 1787 813 1828 nec
838 1773 968 1844 requiem
1023 1772 1090 1842 quia
1116 1774 1272 1829 secandam
1292 1779 1418 1830 veterem
1444 1775 1637 1841 traditionem,
1667 1782 1775 1831 terram
1808 1777 1878 1832 Cha·

115 1864 171 1930 hic,
189 1863 240 1918 sed
253 1863 284 1917 iu
299 1862 397 1917 lutura
408 1860 594 1932 requirimus,
609 1861 707 1917 seculo
731 1864 862 1917 curantes
877 1876 914 1916 ne
937 1861 967 1916 in
1023 1877 1189 1917 nanaeoram
1203 1862 1257 1917 tilii
1278 1862 1386 1918 Semin
1411 1863 1550 1919 divisione
1579 1864 1657 1919 orbis
1676 1865 1771 1919 sortiti
1794 1870 1871 1931 sunt,

116 1956 271 2023 conspectu
283 1949 333 2006 liei
347 1949 429 2005 vacui
439 1964 641 2021 appareamus.
1023 1965 1109 2022 quam
1123 1951 1277 2006 Cbauaaaei
1286 1951 1427 2007 violenter
1440 1952 1628 2022 possederunt
1643 1969 1650 2007 :
1677 1952 1754 2008 unde
1778 1953 1872 2024 justa,

136 2041 483 2108 *solemnitatemquaque
509 2043 563 2092 etc.
589 2037 681 2108 (Rau.)
711 2038 826 2093 llataris
849 2037 967 2105 scilicet,
1021 2037 1130 2109 judicio
1146 2039 1196 2093 liei
1210 2039 1320 2111 expulsi
1348 2043 1423 2096 sunt.
1455 2041 1590 2095 Voluntas
1614 2056 1729 2112 qaoque
1756 2041 1872 2096 Domini

123 2128 264 2200 frugibus,
287 2127 401 2198 quando
419 2127 528 2182 fructae
550 2126 637 2182 tatius
662 2126 732 2181 anui
759 2127 869 2182 collecti
892 2131 967 2194 sunt,
1022 2125 1336 2200 possessionemcurdis
1357 2127 1448 2183 nostri
1464 2144 1521 2183 non
1547 2128 1622 2183 vitiis
1647 2130 1696 2184 sed
1719 2129 1874 2186 virtutibus

116 2217 147 2273 in
169 2216 326 2288 septembri
344 2215 450 2271 scilicet
474 2229 561 2287 quem
585 2214 696 2271 Hebraei
720 2215 869 2271 chaldaice
885 2233 968 2272 voca·
1022 2215 1266 2288 depaveritque
1294 2220 1359 2287 post
1379 2216 1645 2288 prevaricationem
1676 2217 1745 2273 Adae
1773 2218 1879 2274 insole-

117 2306 185 2362 bulo
199 2305 289 2367 thisri,
311 2306 388 2367 tib-‘n
416 2302 578 2359 Macedones
602 2301 768 2378 eripuimus
796 2308 905 2359 vocant.
936 2305 969 2358 In
1022 2302 1166 2357 scentibus
1180 2303 1266 2368 vitiis,
1282 2303 1363 2375 quasi
1379 2304 1590 2371 Cbauauaeis,a
1610 2304 1729 2376 propria
1755 2306 1875 2377 regione

116 2395 197 2465 cujas
211 2392 353 2466 principio
367 2392 458 2449 Judaei
472 2392 608 2447 ferientes
632 2392 745 2462 amplus
769 2392 839 2448 tuba
863 2396 969 2448 canunt
1022 2391 1148 2461 depulsa
1161 2394 1236 2447 sunt.
1254 2391 1325 2446 Cum
1340 2408 1407 2447 vero
1421 2408 1473 2464 per
1502 2391 1552 2447 liei
1577 2393 1700 2463 gratiam
1726 2393 1878 2464 diligentia

117 2498 204 2556 qnam
220 2482 249 2537 iu
264 2481 373 2536 caeteris
387 2481 676 2551 mensibus,etplura
689 2480 822 2547 offerunt,
851 2480 882 2535 in
912 2495 970 2552 quo
1023 2484 1161 2534 nostrast
1188 2479 1285 2535 lubere
1298 2484 1396 2535 nostro
1419 2481 1617 2548 restituuntur,
1637 2497 1695 2537 non
1721 2486 1780 2537 tam
1805 2482 1878 2538 alie·

118 2571 179 2627 dies
193 2571 399 2642 expiationum,
411 2569 510 2625 etdies
533 2569 712 2639 scenopegia
739 2568 840 2640 quinto
857 2568 969 2624 decimo
1023 2583 1091 2624 uum
1105 2575 1212 2624 terram
1227 2572 1368 2639 occupant
1382 2584 1469 2640 quam
1483 2568 1624 2641 recipiant
1648 2571 1809 2641 propriam.

118 2658 174 2726 die,
190 2659 240 2731 qui
256 2664 298 2714 est
312 2657 476 2714 solemnitas
489 2657 759 2713 Tubernuculorum.
1073 2657 1155 2712 Vras.
1180 2657 1274 2711 att-27.
1301 2685 1338 2698 -
1365 2656 1529 2712 Benedicnm
1568 2658 1688 2728 panibus
1716 2661 1781 2727 tuis,
1810 2663 1876 2742 atc.3

168 2749 250 2804 Vnae.
280 2750 320 2803 le.
349 2777 382 2788 -
413 2748 474 2804 Nou
498 2761 596 2816 coques
634 2745 751 2814 badam,
785 2750 839 2802 etc.
874 2745 968 2815 (Arra,
1025 2744 1116 2815 (Aua.)
1147 2744 1210 2799 Alia
1243 2744 1361 2799 littera:
1393 2744 1555 2800 Benedicent
1590 2761 1688 2815 pamm
1722 2749 1747 2800 et
1783 2749 1878 2800 vinum

119 2841 213 2906 quest.
228 2838 262 2891 90
271 2838 301 2891 ia
328 2835 429 2907 Euod.)
457 2834 606 2901 Quomodo
628 2834 814 2904 intelligatur,
844 2833 880 2889 ad
907 2849 969 2889 ver·
1024 2839 1110 2900 taam,
1126 2837 1180 2888 etc.
1195 2833 1329 2898 Quamvis
1350 2833 1396 2888 hm
1424 2834 1632 2906 promissiones
1657 2834 1768 2907 possint
1782 2840 1810 2890 et
1823 2834 1879 2906 spi·

119 2925 222 2980 hornm
242 2923 445 2995 proprietatem
469 2922 566 2978 neseio
595 2926 693 2977 atram
721 2924 811 2993 possit
840 2922 1005 2994 reperiri,c
1024 2921 1166 2978 ritualiter
1179 2921 1311 2993 intelligi,
1326 2924 1391 2992 etc,
1406 2937 1492 2993 usque
1505 2923 1622 2996 adquae
1648 2923 1730 2995 impii
1754 2939 1813 2978 non
1833 2939 1879 2978 ac·

76 3057 78 3060 ,
119 3017 186 3079 eto,
201 3027 286 3082 usqae
299 3011 337 3066 ad
350 3016 451 3083 postea
469 3027 536 3067 vero
563 3011 640 3083 passi
668 3017 736 3066 sunt
762 3027 820 3066 non
846 3011 914 3083 agni
941 3011 971 3066 in
1027 3009 1144 3082 cipiant.

119 3102 202 3170 lacte,
218 3100 266 3155 sed
286 3099 433 3155 arielesin
447 3115 545 3172 grege.
1064 3098 1147 3152 Vnae.
1178 3098 1223 3153 28.
1252 3127 1287 3139 -
1311 3099 1443 3154 Emittam
1472 3099 1624 3155 crabrones.
1651 3099 1745 3170 (Aua,
1778 3103 1878 3168 quast,

172 3189 290 3257 (Suana.)
330 3187 487 3244 Montila.
530 3185 644 3254 nedae,
680 3185 710 3241 id
754 3191 797 3242 est
830 3190 971 3258 peccator,
1027 3186 1081 3255 63.)
1097 3184 1231 3242 Emittam
1245 3201 1355 3258 vespas,
1370 3190 1424 3241 etc.
1439 3187 1496 3242 iloc
1523 3187 1665 3260 promittit
1691 3187 1776 3254 Dens,
1806 3193 1879 3252 etc„

122 3291 180 3331 non
192 3276 277 3330 estin
292 3276 364 3329 lacte
391 3274 491 3328 matris
518 3271 694 3345 coquendus,
709 3273 737 3328 id
761 3277 803 3327 est
828 3272 973 3328 blanditiis
1025 3287 1110 3343 usqae
1124 3273 1162 3327 ud
1175 3273 1200 3328 si
1214 3273 1323 3346 aliquid
1338 3290 1355 3328 a
1370 3274 1482 3330 Christo
1495 3275 1609 3331 dicitur.

121 3363 328 3432 dissolvendas,
362 3362 413 3417 sed
441 3377 540 3432 aspera
584 3360 775 3432 increpandus
806 3366 834 3416 et
872 3361 971 3416 redar-
1062 3360 1126 3417 Alia
1150 3361 1256 3417 littera.
1287 3365 1418 3418 Emittam
1453 3379 1549 3435 vespas
1577 3369 1640 3420 aute
1665 3369 1700 3433 te,
1737 3369 1763 3419 et
1790 3364 1881 3435 ejiciet

122 3452 263 3524 guendas.
1026 3449 1209 3516 Amorraeus,
1224 3452 1312 3505 etun
1331 3450 1436 3520 plurali
1462 3450 1498 3505 ad
1526 3450 1702 3522 singularem
1724 3466 1880 3507 numerum

157 3542 237 3596 Vens.
262 3541 307 3606 20,
334 3542 379 3593 tl.
394 3568 429 3578 -
452 3541 518 3594 Ecce
545 3553 608 3607 erpo
629 3540 735 3593 mittam
760 3539 894 3608 angelum,
918 3543 972 3595 etc.
1028 3552 1058 3591 se
1080 3537 1229 3593 convertit.
1257 3537 1431 3608 intelligitur
1457 3543 1553 3594 autem
1581 3540 1669 3610 eiiciet
1695 3540 1878 3608 Amanium,

121 3626 467 3700 (naaltosaesignificat
490 3627 591 3681 ducem
618 3627 730 3703 populi,
759 3627 809 3698 qui
834 3626 899 3682 idea
923 3644 973 3682 an·
1028 3623 1244 3696 vespu,scilicet
1272 3624 1346 3681 sicut
1372 3627 1492 3693 locusta,
1519 3625 1593 3681 sicut
1620 3642 1700 3693 rana,
1730 3627 1880 3699 nonquod

121 3717 202 3788 galus
220 3715 333 3781 dicitur,
358 3714 427 3785 quia
450 3714 487 3769 ad
513 3715 687 3770 voluntatem
712 3715 823 3770 Domini
861 3730 974 3770 ennun-
1028 3728 1086 3768 uua
1099 3712 1146 3781 sit,
1159 3728 1212 3784 per
1238 3712 1415 3784 singularem
1434 3713 1605 3784 intelligitur
1628 3714 1758 3786 pluralis.

119 3804 246 3859 tiandam
261 3802 386 3858 mittitur
400 3818 407 3871 ;
423 3801 533 3874 ἄγγελος
554 3802 633 3857 enim
657 3803 765 3870 Graece,
794 3806 909 3858 nuntiae
936 3804 973 3859 di·
1077 3802 1156 3856 Vnae.
1185 3803 1284 3857 aa-aa.
1312 3830 1348 3844 -
1373 3804 1433 3858 Noa
1460 3804 1570 3873 ejiciam
1612 3818 1687 3859 eoru
1717 3805 1799 3871 facie,
1827 3807 1882 3859 etc.

122 3891 208 3947 citur.
1029 3889 1148 3961 (Smin.)
1171 3889 1273 3946 Gentes
1298 3889 1360 3946 istae
1380 3890 1448 3946 vitia
1473 3891 1643 3963 significant,
1672 3907 1737 3964 aare
1763 3907 1817 3948 nec
1844 3892 1882 3947 si·

157 3982 236 4035 Vsus.
259 3982 304 4034 ti.
330 4009 365 4019 -
384 3979 519 4033 Inimicus
553 3993 607 4048 era,
644 3983 695 4034 etc.
749 3979 853 4048 (Grau.)
883 3979 972 4035 Radix
1029 3979 1100 4045 mul,
1120 3994 1240 4034 aecana
1254 3983 1385 4049 tempore
1406 3980 1436 4035 in
1465 3980 1571 4035 sanctis
1598 3980 1827 4054 exstinguuntur,
1844 3997 1881 4038 ue

123 4070 217 4124 cuncti
229 4067 297 4124 mali
317 4067 451 4137 superbia
477 4072 529 4135 est,
561 4066 596 4122 de
623 4082 680 4138 qua
701 4069 806 4124 dicitur
828 4068 910 4122 Eccli.
935 4084 971 4123 x:
1029 4071 1158 4122 monstra
1171 4071 1255 4123 terrm
1269 4068 1509 4140 multiplicentur,
1521 4068 1549 4123 id
1563 4075 1605 4124 est
1624 4085 1660 4124 ne
1670 4069 1701 4125 in
1719 4070 1883 4141 superbiam

122 4159 239 4213 Initium
263 4158 349 4212 amaia
368 4157 475 4226 peccati
505 4156 643 4226 superbia.
680 4157 752 4213 Sunt
779 4161 876 4212 autem
912 4157 974 4227 ejas
1030 4154 1177 4226 erigantur
1196 4159 1224 4211 et
1237 4171 1339 4211 vanam
1353 4157 1475 4227 gloriam
1492 4161 1520 4212 et
1530 4157 1706 4229 hujusmodi.
1724 4159 1796 4214 iiam
1815 4174 1881 4213 cam

123 4246 234 4301 soboles
248 4248 357 4315 septem
367 4243 537 4314 principalia
555 4243 633 4307 vitia,
657 4245 752 4300 inanis
780 4244 877 4317 gloria,
902 4244 974 4299 invi·
989 4215 1011 4271 ⁰
1029 4243 1119 4298 sancti
1133 4248 1234 4299 contra
1248 4243 1359 4315 majora
1371 4243 1440 4298 vitia
1453 4250 1583 4316 pugnant
1598 4249 1626 4300 et
1635 4244 1764 4314 vincunt,
1794 4243 1883 4300 relin-

123 4335 190 4399 dita,
206 4334 259 4399 ira,
274 4331 401 4400 tristitia,
420 4331 549 4400 avaritia,
560 4332 665 4387 ventris
683 4331 832 4404 ingluvies,
851 4330 971 4386 luxuria.
1028 4335 1121 4403 quant
1136 4332 1257 4398 minora,
1270 4335 1299 4386 et
1313 4331 1520 4402 permittantur
1533 4332 1685 4400 dominari,
1706 4347 1742 4387 ae
1756 4347 1810 4404 per
1830 4332 1882 4391 ela

123 4421 234 4494 litquia
248 4420 293 4476 his
308 4423 417 4491 septem
431 4419 573 4489 superbia
586 4419 662 4475 vitiis
678 4436 730 4475 aas
757 4422 855 4490 captos
881 4417 974 4472 doluit
1027 4420 1137 4476 tionem
1153 4420 1421 4493 grauiuscorruant.
1444 4420 1523 4475 Unde
1549 4421 1638 4475 Paulo
1658 4420 1741 4475 datus
1767 4425 1811 4477 est
1832 4421 1882 4475 sti·

123 4511 298 4583 Redemptor
322 4512 428 4575 noster,
451 4509 486 4562 ud
511 4507 659 4580 spirituale
694 4506 869 4564 liberationis
899 4521 973 4576 prce·
1028 4507 1124 4565 mulus
1137 4508 1230 4565 carnis
1244 4508 1450 4566 adcastodiam
1472 4508 1641 4565 humilitatis
1667 4509 1690 4580 (Ι
1704 4509 1764 4567 Gor.
1798 4509 1880 4579 xxxx).

122 4600 194 4656 liam
204 4599 312 4671 Spiritu
327 4595 499 4669 septiformis
511 4597 609 4667 grutioe
624 4599 726 4669 plenus
740 4597 826 4652 venit.
1348 4642 1462 4698 CAPUT
1488 4641 1567 4700 mv

159 4690 239 4744 Vsus.
263 4689 308 4756 23,
331 4688 376 4742 tl.
407 4713 438 4726 ·-
467 4685 650 4754 ereremrque
677 4690 702 4741 te
720 4686 840 4754 capetus.
883 4682 973 4753 (Rau.)
1570 4685 1577 4697 ’

123 4776 359 4848 losarepopulum
387 4774 572 4831 israeliticum
594 4773 625 4828 in
647 4778 752 4828 terram
778 4774 974 4845 promissionis
1063 4775 1143 4829 Vnus.
1161 4777 1186 4830 l.
1202 4803 1235 4816 -
1264 4776 1470 4845 Mauricaeque
1496 4774 1594 4830 dicit:
1622 4773 1746 4829 Ascende
1772 4773 1811 4829 od
1826 4775 1883 4830 iia·

123 4864 247 4931 induxit,
278 4867 390 4935 saptem
415 4868 517 4935 gentes
541 4862 666 4934 ejiciens,
691 4861 826 4935 idolaque
854 4870 883 4919 et
910 4878 974 4918 aras
1027 4862 1140 4930 minum,
1157 4862 1333 4931 taetAuroa,
1349 4866 1402 4918 etc.
1419 4863 1515 4932 (Aue,
1539 4866 1634 4933 quart.
1651 4864 1685 4917 85
1720 4863 1750 4917 ia
1780 4862 1883 4926 duod..

124 4968 225 5008 earam
255 4952 413 5008 destruens.
440 4951 553 5025 Mystico
578 4965 662 5005 verus
688 4951 769 5006 lesus
796 4952 847 5006 has
875 4955 975 5024 gentes
1028 4952 1098 5004 tam.
1118 4949 1181 5020 ΙΙΙ.)
1195 4950 1287 5023 Usque
1302 4951 1425 5006 adhunc
1436 4952 1537 5008 locum
1565 4950 1722 5022 Scripturas
1744 4950 1885 5023 jrauuca·

71 5051 74 5060 ·
124 5054 190 5096 cum
205 5039 364 5094 simulacris
378 5039 437 5095 sais
449 5038 630 5105 exterminat,
644 5053 709 5093 eum
734 5043 842 5108 septem
868 5038 973 5111 princi·
1027 5037 1119 5092 bones
1144 5038 1355 5110 intelliguntur,
1386 5044 1452 5105 etc..
1478 5054 1562 5109 usque
1603 5040 1641 5095 ud
1661 5039 1881 5112 justificationes

125 5127 202 5200 palia
216 5127 323 5183 vitiaet
336 5144 422 5184 omne
439 5128 549 5184 idolum
572 5125 681 5182 inimici
706 5127 741 5182 de
766 5128 901 5183 cordibus
919 5143 973 5183 no·
1028 5142 1095 5182 vero
1117 5127 1209 5183 Latini
1233 5144 1281 5183 eas
1304 5144 1365 5183 esse
1395 5128 1495 5185 dicunt
1513 5143 1578 5200 quae
1596 5128 1687 5185 Greci
1716 5123 1885 5201 δικαιώματα

125 5216 190 5271 stris
206 5215 372 5287 expallii,ut
397 5221 507 5272 naturas
534 5219 640 5272 nostra
654 5219 760 5271 terram
787 5231 885 5270 secare
911 5231 975 5287 pos·
1028 5214 1138 5271 dicunt.

126 5304 281 5360 rideamus.
1065 5305 1107 5360 Tu
1121 5308 1147 5358 et
1171 5303 1277 5374 Aaron,
1305 5310 1357 5360 etc.
1391 5304 1519 5377 (Suasa.)
1544 5306 1652 5378 lloyses
1678 5309 1707 5361 et
1734 5307 1830 5361 Aaron
1853 5309 1884 5361 et

161 5392 293 5460 Quosepo
312 5394 455 5448 conteram.
485 5392 656 5464 (Cnavsosr.)
681 5391 769 5448 llabet
792 5391 976 5464 unumquod·
1028 5391 1125 5447 Nadab
1141 5394 1170 5447 et
1183 5392 1266 5448 Abiu.
1294 5393 1348 5449 Per
1370 5393 1422 5449 hus
1441 5398 1567 5465 quatuor
1589 5392 1643 5449 riri
1668 5393 1831 5465 evangelici
1845 5393 1883 5448 si·

124 5494 182 5554 que
196 5478 297 5536 viuum
316 5478 347 5534 in
366 5478 452 5534 corde
475 5483 573 5536 nostro
600 5479 748 5552 propriam
780 5480 973 5554 mansionem,
1027 5477 1273 5553 gniticaatur,qui
1291 5481 1398 5538 scilicet
1411 5481 1738 5554 evaugeliccpraeoepta
1760 5494 1884 5554 coquum
