3892 6106
41 286 97 338 937
606 281 735 340 atosss
753 283 956 342 ORDINARIA.
975 313 1010 327 -
1030 284 1094 341 ΗΒ.
1114 284 1234 341 estha.
1568 283 1572 293 '
1748 284 1801 339 9³8

40 405 114 458 riori
129 404 210 458 oculo
227 406 255 457 et
265 401 418 458 amabilior
428 418 515 474 quam
528 402 615 457 modo
626 403 764 458 debemus
775 403 933 473 usmitan
988 406 1070 459 Vnus.
1086 405 1129 459 11.
1147 433 1182 445 -
1210 404 1308 460 Vattcs.
1329 403 1424 474 (lbid.)
1445 403 1572 458 Humiles
1598 402 1698 475 populi
1724 403 1800 459 mul·

43 501 77 549 ut
95 498 161 547 tunc
177 508 210 546 ea
229 492 376 546 satiemur.
391 493 428 546 la
441 495 580 562 acquitate.
599 491 685 563 (Ces.)
702 493 773 548 Cum
788 494 898 549 unicui·
952 495 1013 546 tum
1040 491 1165 546 birotum
1192 491 1324 547 afferent.
1356 491 1526 547 Clamabuut.
1556 491 1655 562 (itia.)
1679 491 1741 547 Non
1769 491 1801 547 in

43 599 102 654 que
118 582 205 652 digna
217 581 368 647 retribuet,
385 580 431 635 cui
446 587 473 634 et
487 581 582 636 dicet:
599 582 711 636 Εωαιιάι
731 597 789 647 rios,
802 587 851 651 qai
870 598 897 638 es
951 582 1139 653 blasphemia,
1150 583 1200 637 sed
1215 583 1244 637 in
1257 584 1374 655 hymno,
1390 582 1456 636 inde
1479 582 1628 637 abundant
1641 582 1799 638 frumento.

43 672 185 728 Salvator.
201 671 270 738 Spes
297 671 426 724 omnium.
453 670 560 724 Laudes
589 670 650 739 Dei,
667 674 696 724 et
715 671 897 727 virtutesde·
987 671 1115 725 Psalmus
1141 670 1195 724 iste
1220 670 1250 724 iu
1278 669 1421 741 exsequiis
1463 670 1593 724 fidelium
1621 671 1801 739 decantatur,

44 759 154 814 scribit.
175 760 213 813 Et
225 760 254 812 ia
270 760 343 813 inari
358 759 443 825 loreas.
465 758 556 828 (hau.)
571 759 637 814 ldeo
660 760 759 831 longe,
784 760 853 831 quia
867 760 897 815 in
952 757 1021 829 quia
1034 759 1094 830 agit
1107 759 1142 814 de
1157 759 1251 813 reditu
1267 776 1282 814 a
1300 758 1454 829 Rabylonis
1470 759 1555 829 hujus
1575 759 1673 814 mundi
1689 759 1725 815 cd
1747 776 1802 830 pe-

44 847 130 902 meri.
147 848 221 902 ltere
238 846 344 901 dicitur
359 846 391 899 in
418 846 513 918 ligura
538 847 637 902 secuti
652 847 744 902 amari
772 848 898 903 falsitate
952 845 1037 899 triam
1053 847 1206 911 coelestem,
1227 845 1262 901 ad
1291 861 1378 916 quem
1402 845 1491 898 sancti
1518 845 1549 900 in
1568 845 1651 899 obitu
1666 845 1701 900 de
1716 859 1802 900 carne

45 936 244 1007 iniquitatum,
274 939 302 990 et
331 935 519 1005 tempestuosi
544 935 677 1006 procellis
691 936 897 1006 tentationum,
953 933 1059 1002 educti,
1084 932 1205 989 feliciter
1229 933 1366 1005 migrant,
1391 934 1494 988 stolam
1514 933 1648 1004 simplum
1663 932 1804 1004 recipien-

51 1024 101 1080 ubi
117 1024 209 1093 pisces
223 1022 346 1078 invicem
357 1038 387 1078 se
400 1023 549 1078 devorant.
951 1023 1004 1088 tes,
1020 1020 1112 1077 donec
1127 1021 1158 1078 in
1169 1021 1381 1078 resurrectione
1395 1021 1520 1093 gemiuce
1530 1021 1718 1077 beatitudinis
1727 1023 1802 1077 stols

86 1113 165 1166 Vsus.
200 1116 226 1166 7.
252 1140 287 1150 -
314 1112 477 1180 Praeparaas
507 1115 617 1166 montes.
649 1110 741 1184 (Aue.)
767 1112 809 1168 lu
830 1129 899 1169 usus
953 1109 1161 1180 glorificentur.

48 1203 257 1271 competentes.
273 1199 311 1254 Ia
324 1201 425 1253 uirtute
438 1204 495 1255 tua.
512 1198 584 1264 Quia
601 1215 654 1270 per
667 1216 717 1255 eos
730 1199 797 1256 lecit
812 1200 899 1255 mira·
1253 1241 1408 1298 PSALMUS
1424 1241 1489 1298 LXV

48 1289 124 1344 cula.
154 1287 304 1353 Quomodo
331 1286 527 1358 praeparavit?
542 1287 689 1344 deuinctus
714 1289 854 1360 potentia,
870 1289 900 1345 id
1492 1283 1499 1298 ‘

50 1383 95 1432 est
111 1376 233 1441 Deitate,
259 1374 327 1447 quia
349 1374 514 1430 humanitas
543 1375 626 1430 Verbi
652 1377 800 1448 majestate
822 1393 899 1448 pras·
988 1375 1023 1430 la
1048 1377 1137 1444 mem.
1153 1373 1244 1446 (huo.)
1262 1375 1354 1430 Judaei
1372 1391 1407 1429 ex
1434 1375 1629 1446 legisjustitia
1643 1376 1799 1448 sperabant

50 1465 144 1519 cincta
159 1470 213 1530 est,
226 1469 257 1518 ut
281 1462 532 1536 quodhomonou
552 1464 662 1532 habuit,
694 1464 791 1520 Deitas
807 1465 898 1521 daret.
954 1462 1290 1534 sibibonetemporalie,
1310 1468 1338 1519 et
1368 1464 1619 1531 resurrectionem,
1634 1469 1700 1533 eta,
1715 1481 1803 1536 usque

53 1556 212 1608 Accusatus.
234 1551 330 1623 (Ibid.)
354 1551 483 1609 Christus
508 1551 538 1606 iu
566 1552 661 1608 medio
687 1553 814 1625 undique
839 1554 900 1609 ciu-
954 1550 992 1605 ad
1006 1550 1263 1622 profidegemium
1279 1554 1315 1607 ad
1330 1552 1462 1607 camdem
1476 1568 1556 1624 spem
1583 1554 1802 1609 resurrectionis

52 1646 126 1708 otiu,
147 1640 215 1712 quia
229 1656 330 1695 omnes
343 1639 426 1694 illum
438 1640 630 1696 communiter
646 1641 785 1696 habemus
805 1642 900 1714 quiin
915 1683 937 1740 Β
957 1644 1135 1694 vocaturum.

52 1745 120 1784 eum
135 1728 287 1793 credimus,
316 1728 367 1783 sed
379 1728 447 1800 quia
475 1728 547 1783 fidus
566 1745 625 1784 non
648 1730 777 1800 anobis,
801 1731 900 1787 sedab
991 1728 1069 1784 Vsus.
1087 1730 1111 1783 1.
1138 1758 1170 1770 -
1194 1729 1311 1784 latitate
1331 1732 1391 1791 Deo,
1417 1731 1601 1798 eranistem,
1623 1734 1676 1785 etc.
1714 1730 1802 1802 (Cas.)

53 1836 98 1886 eo,
113 1822 264 1888 potentatu
278 1833 330 1871 suo
344 1816 453 1871 cinctus
466 1817 580 1872 dicitur.
954 1816 1050 1872 Primo
1062 1821 1159 1871 mouet
1172 1819 1314 1872 omuesde
1325 1818 1532 1874 resurrectione
1544 1818 1649 1874 Christi
1663 1820 1801 1891 gaudere,

88 1909 168 1962 Vsus.
194 1909 220 1961 8.
236 1936 270 1946 -
288 1907 342 1972 Qui
359 1907 503 1961 conturbas
527 1907 696 1976 melaredum
719 1909 814 1962 maris.
831 1908 900 1962 Ecce
955 1922 1020 1978 quae
1035 1906 1168 1961 omuibus
1182 1906 1232 1960 dat
1249 1906 1346 1960 vitam.

51 1995 100 2065 qui
116 1993 246 2063 perillus
258 1998 373 2062 paratos
400 1992 476 2058 fecit,
498 1992 672 2047 conturbans
695 1992 732 2047 ad
759 1992 900 2064 poeniten·
992 1994 1072 2049 Vsus.
1089 1997 1114 2049 3.
1140 1996 1209 2048 Data
1235 1995 1361 2060 utorium
1381 1995 1474 2064 (Aua.)
1504 1995 1567 2050 Nou
1589 1999 1622 2051 ut
1644 1994 1736 2051 Judaei
1752 1994 1803 2067 qui

49 2082 132 2137 tiam.
155 2080 334 2136 Profundum
351 2080 447 2147 muris,
468 2097 526 2134 non
541 2081 733 2151 superficiem,
750 2082 799 2136 sed
815 2081 902 2136 corda
956 2081 1067 2136 meritis
1081 2080 1217 2137 suisdunt
1232 2081 1384 2152 Justitiam,
1400 2087 1429 2137 et
1443 2081 1574 2137 invident
1591 2083 1726 2153 gentibus
1738 2100 1801 2155 gra·

48 2169 226 2244 profundius
254 2185 357 2231 mersa,
387 2168 431 2222 vel
446 2169 533 2223 corda
555 2169 731 2241 principum.
751 2171 814 2225 liaec
833 2186 901 2225 con·
956 2169 1130 2236 tiamouam
1140 2170 1286 2225 terribilia.
1297 2169 1426 2242 (ibidisi
1436 2170 1544 2241 gaudes
1553 2171 1671 2239 ultime,
1680 2172 1802 2244 nequod

51 2259 169 2315 turbate
195 2262 270 2323 sunt,
298 2273 363 2311 cum
393 2257 523 2311 viderent
550 2264 578 2312 et
607 2257 674 2313 deos
697 2275 764 2313 suos
789 2264 819 2313 et
837 2275 902 2330 spes
957 2256 1109 2312 detumest
1134 2258 1237 2313 humili
1265 2258 1411 2313 auferatur
1426 2257 1574 2328 superbo:
1604 2258 1675 2313 sicut
1694 2259 1802 2314 iactum

48 2364 119 2402 suns
147 2345 184 2400 ad
211 2344 335 2400 nihilum
357 2343 468 2399 venire.
505 2345 614 2400 Sonam.
645 2345 737 2418 (duo.)
762 2346 903 2403 Sonantes
957 2346 1262 2417 estludaeis.Neergo
1277 2346 1506 2402 insulteslractis
1534 2347 1632 2413 ramis,
1662 2347 1712 2402 sed
1732 2347 1803 2403 time

48 2432 290 2498 contradictione,
306 2431 476 2486 fluctuantes
499 2432 708 2502 persecutione,
736 2439 802 2503 etc,
818 2450 903 2506 usque
957 2449 994 2489 ne
1008 2434 1080 2489 lorte
1096 2450 1147 2489 nec
1163 2435 1213 2490 tihi
1238 2441 1344 2505 percat.
1370 2435 1459 2504 Opera
1483 2441 1540 2500 tua,
1567 2435 1685 2488 Domum
1712 2435 1802 2505 (Cas.)

49 2523 91 2579 ad
103 2522 173 2578 dum
184 2519 255 2575 istos
269 2520 334 2592 plus
349 2519 405 2575 diis
420 2520 478 2573 suis
492 2519 586 2574 valere
600 2526 731 2576 cernunt.
958 2522 1083 2578 Breviter
1095 2523 1230 2592 mysteria
1242 2522 1446 2577 incarnsh‘onis
1456 2521 1524 2577 dicit
1533 2522 1716 2593 opere,quod
1729 2524 1804 2579 Deus

89 2612 170 2665 Vens.
205 2612 231 2665 9.
255 2639 290 2648 -
317 2609 447 2663 diatutt'ai
467 2613 619 2678 etoespcrc.
650 2608 744 2680 (dno.)
768 2609 904 2664 blancest
957 2609 1805 2681 homo,qu0dpessos,mortuus,ethujusmooi.lnmuauu·
1887 2612 1895 2628 '

49 2699 238 2773 prosperitas,
265 2697 334 2769 quia
360 2698 458 2752 laetum
484 2702 528 2751 est
553 2713 637 2752 mane
666 2704 733 2767 post
757 2696 903 2752 tristitiem
958 2699 1021 2754 diste
1034 2700 1145 2754 uirtutis
1157 2703 1218 2753 ture.
1231 2699 1324 2770 (Auo.)
1342 2699 1391 2753 iiic
1407 2697 1504 2753 innuit
1515 2698 1805 2754 resurrectionemud

52 2788 156 2845 noctis.
179 2788 302 2858 Vespere
327 2784 496 2853 adversitas,
515 2784 546 2839 in
571 2784 617 2839 his
645 2789 773 2840 tentatur
801 2787 902 2854 homo,
958 2801 1056 2860 quam,
1067 2786 1188 2840 exclusis
1198 2785 1802 2858 mendacibusludaeis,adhibenturgeutes.

53 2878 105 2934 sed
119 2877 204 2933 datur
217 2876 245 2930 ei
259 2874 335 2930 exire
350 2874 426 2942 inde,
457 2890 493 2929 nc
509 2874 595 2929 lucris
610 2874 750 2946 capiatur,
766 2875 813 2929 cul
827 2874 904 2929 divi·
993 2875 1101 2944 (Bnoa.)
1116 2873 1283 2928 Resurrerit
1297 2873 1454 2941 Dominus3
1480 2873 1564 2928 multi
1577 2873 1762 2929 crediderunt
1773 2873 1804 2930 iu

50 2968 101 3023 tire
116 2970 183 3020 sunt
195 2967 269 3021 Deus
287 2978 341 3020 :ne
352 2962 477 3018 adversis
492 2967 643 3030 terrentur,
661 2979 712 3034 pro
730 2979 788 3035 quo
801 2978 902 3034 passus
917 2963 938 3021 C
957 2977 1036 3028 oum,
1051 2967 1119 3030 eta,
1138 2976 1222 3030 usquc
1236 2961 1273 3016 ad
1294 2978 1347 3033 per
1361 2961 1484 3032 gratiam
1510 2961 1656 3017 biberunt.
1670 2964 1805 3017 dieutiea·

51 3063 97 3112 est
113 3054 262 3112 Dominus.
293 3052 449 3108 hebetatis.
479 3051 664 3108 delectabiles
692 3051 779 3106 iacies
799 3051 904 3123 iamin
958 3055 1011 3106 tur.
1025 3051 1117 3120 Opera
1131 3055 1303 3117 suntterrae,
1317 3066 1383 3121 quas
1397 3049 1506 3105 inimici
1530 3051 1720 3120 mentiuntur,
1736 3069 1805 3108 con-

49 3147 113 3201 vita
141 3143 204 3198 hac.
230 3141 260 3198 Si
299 3140 378 3196 enim
406 3157 464 3194 non
496 3141 617 3196 delectet
660 3140 809 3195 hominem
842 3140 904 3211 ipse
957 3144 1002 3195 tra
1015 3139 1197 3207 mentientes,
1220 3142 1306 3194 omnis
1325 3139 1515 3208 terraadarrt,
1539 3146 1597 3196 etc.
1613 3140 1806 3213 (insidien-

49 3234 157 3299 exitus,
175 3247 234 3286 non
248 3229 358 3285 laborat
389 3228 456 3283 inde
483 3227 570 3296 exire,
598 3226 650 3282 sed
670 3227 782 3299 capitur
807 3228 904 3298 lucris,
959 3230 1069 3283 tientar.
1085 3226 1182 3283 Solent
1196 3227 1312 3282 mentiri
1323 3227 1445 3296 inimici,
1469 3234 1534 3296 etc..
1558 3243 1643 3300 usqua
1657 3230 1695 3285 ad
1709 3230 1809 3286 adoret

50 3323 101 3379 cui
113 3337 174 3376 uon
193 3321 284 3391 placet
299 3316 452 3390 promissio
468 3315 584 3372 Christi.
606 3307 646 3371 Et
662 3321 788 3372 terretur
801 3317 904 3372 adver·
959 3315 1148 3372 omnisterra.

51 3412 105 3476 sis,
120 3425 207 3481 quem
222 3423 282 3463 non
301 3407 424 3462 delectat
445 3404 494 3460 ille
506 3404 556 3476 qui
570 3419 622 3475 pro
637 3419 671 3459 ao
688 3404 778 3459 voluit
789 3404 858 3478 pati,
875 3406 908 3461 ut
994 3406 1117 3460 Vsusii.
1146 3435 1183 3447 -
1198 3407 1300 3482 Venite.
1316 3405 1405 3476 (Cas.)
1430 3405 1602 3477 Diapsulma.
1635 3397 1808 3478 Incipiuntes

52 3500 165 3555 fuceret
176 3496 285 3552 exitum
301 3494 337 3549 ei.
704 3504 709 3513 '
960 3494 994 3549 ed
1010 3510 1098 3565 opera
1112 3493 1164 3548 Dei
1183 3493 1390 3549 consideranda
1410 3493 1566 3564 invitatui
1580 3494 1721 3551 unafldes
1736 3496 1807 3567 juu-

92 3586 179 3639 Vsus.
200 3585 242 3639 10.
258 3611 293 3623 -
311 3582 439 3638 visitasti
453 3584 554 3636 terram
572 3582 598 3634 et
608 3578 752 3635 inebriasti
768 3595 837 3636 eam.
853 3582 907 3636 Per
960 3588 1019 3653 gat,
1044 3598 1117 3654 quos
1136 3597 1227 3637 unum
1241 3582 1392 3654 proemium
1412 3587 1558 3654 ,exspectat
1575 3598 1583 3649 ;
1598 3584 1649 3639 ubi
1662 3600 1808 3656 exponens

52 3672 258 3745 predicatores
272 3671 327 3726 hoc
340 3669 436 3738 iacies,
452 3684 521 3724 naui
530 3667 608 3723 intus
619 3666 704 3723 doces
714 3667 820 3740 quibus
830 3684 908 3741 prte-
960 3670 1011 3726 ille
1021 3686 1120 3741 opera,
1136 3675 1232 3741 aperte
1255 3670 1324 3725 dicit
1338 3669 1591 3726 ressurrectionem
1612 3671 1758 3741 portinere
1771 3672 1807 3727 ad

55 3761 167 3818 dicant.
960 3764 1071 3829 gentes,
1085 3759 1221 3829 repressis
1236 3758 1354 3813 ludaeis.

92 3850 220 3906 Flumen.
246 3846 386 3902 Profundi
411 3845 446 3901 ad
483 3842 681 3915 recipiendum
704 3842 847 3914 repletum
866 3848 909 3900 est
994 3846 1074 3900 Vsus.
1090 3848 1116 3901 6.
1141 3875 1176 3889 -
1194 3846 1247 3912 Qui
1267 3848 1397 3901 concutit
1416 3845 1514 3917 (Iota.)
1535 3844 1680 3918 Opera,iu
1700 3846 1807 3918 quibus

54 3936 155 4008 equis,
166 3935 247 3990 donis
262 3934 384 4006 Spiritus
403 3931 503 3999 sancti,
529 3937 558 3986 tu
575 3932 653 3986 enim
672 3932 780 4003 parasti
799 3933 907 3988 cibum.
962 3933 1107 4000 terribilis,
1123 3938 1152 3988 ot
1164 3949 1228 4005 quae
1239 3938 1305 3989 sunt
1319 3950 1363 4001 ea,
1376 3933 1490 3988 subdit:
1513 3933 1565 4000 Qui
1583 3937 1713 3990 conuertit
1721 3950 1807 3992 mare.

52 4026 174 4081 stamen
201 4024 263 4078 Dei.
294 4021 378 4093 (Cas.)
410 4018 601 4076 Misericordia
632 4018 682 4074 [tei
704 4019 792 4089 pleno
822 4019 908 4076 iluvio
962 4022 995 4076 ln
1015 4021 1134 4077 flumine
1158 4021 1276 4078 lordeni
1300 4020 1486 4097 ed'litteram,
1502 4022 1620 4093 mystice
1646 4022 1677 4077 in
1695 4023 1804 4079 lebenti

53 4117 252 4183 comparatur,
277 4115 343 4179 otc,
358 4125 443 4181 usquc
466 4109 503 4164 ad
522 4107 597 4163 sicut
622 4106 658 4162 ab
673 4121 706 4161 eo
734 4106 908 4179 disponitur,
963 4109 1081 4165 mundo.
1097 4111 1130 4165 la
1150 4111 1268 4179 Matar.
1291 4102 1388 4181 (ibid.)
1416 4109 1493 4165 hicet
1519 4110 1638 4165 remisse
1663 4111 1721 4167 sint
1741 4127 1807 4183 pec-

53 4202 120 4257 siue
135 4217 192 4272 quo
207 4199 281 4254 nihil
294 4198 335 4254 ibi
347 4198 388 4253 tit.
922 4250 945 4304 D
963 4204 1036 4266 cata,
1051 4201 1147 4253 umen
1161 4198 1192 4252 in
1203 4197 1323 4252 decursu
1347 4195 1531 4253 mortalitatis
1554 4198 1648 4254 adhuc
1662 4203 1739 4270 sunt,
1748 4214 1809 4256 non

95 4290 178 4344 Vsus.
200 4291 244 4358 11,
261 4289 304 4342 lt.
320 4317 354 4328 -
368 4288 454 4343 Riuos
470 4286 538 4356 ejus.
550 4284 703 4356 Apostolos
717 4288 746 4338 et
759 4283 840 4351 alios,
859 4282 910 4355 qui
964 4285 1042 4340 enim
1056 4300 1122 4340 mox
1135 4283 1342 4339 immortalitai.

56 4381 96 4439 de
105 4376 227 4434 flumine
237 4375 381 4431 biberunt.
396 4373 517 4442 Inebria,
528 4377 560 4428 ut
573 4372 627 4427 sibi
638 4378 667 4428 et
679 4372 743 4426 aliis
768 4371 912 4427 sufiiciunt
999 4376 1032 4431 la
1053 4375 1171 4442 stamine.
1198 4372 1290 4443 (Aac.)
1315 4373 1435 4428 Flumen
1462 4377 1505 4428 est
1533 4373 1690 4430 mortalitas
1713 4375 1810 4450 saculi

56 4467 228 4538 Muuiptica,
246 4469 277 4519 ut
302 4479 355 4535 per
370 4463 564 4518 successiones
579 4459 744 4532 pradicatio
767 4477 826 4515 non
842 4459 910 4516 deti·
965 4461 1013 4517 ubi
1026 4460 1215 4530 aliireuiunt,
1230 4460 1295 4515 aliis
1309 4460 1465 4516 recedunt:
1482 4461 1530 4517 sed
1545 4461 1593 4535 qui
1609 4461 1640 4516 in
1661 4463 1808 4519 Christum

56 4559 125 4614 ciat.
153 4555 261 4610 Corona
279 4553 359 4621 anui,
374 4555 453 4606 tutus
469 4549 605 4618 mundus,
621 4548 671 4604 ubi
687 4549 818 4605 Ecclesia.
830 4551 911 4606 llioas
964 4549 1065 4614 credit,
1080 4548 1182 4604 transit
1198 4550 1271 4619 pede
1284 4548 1315 4603 in
1327 4565 1356 4604 se
1378 4548 1505 4615 humilis,
1535 4565 1594 4604 uon
1617 4566 1692 4623 aquo
1708 4568 1809 4623 super·

58 4644 129 4715 ejus.
139 4639 235 4712 (ibid.)
248 4640 367 4707 Parasti,
387 4642 439 4692 otc.
457 4636 673 4705 Etollomine,
689 4643 755 4703 eta,
773 4652 857 4707 usque
875 4637 912 4693 ad
964 4638 1027 4692 bus.
1056 4637 1099 4692 lbi
1122 4636 1288 4693 tutabimur.
1311 4636 1405 4709 (lota.)
1426 4638 1474 4693 Vel
1495 4638 1557 4692 sic:
1579 4639 1812 4698 Terribiliusuut

60 4748 119 4806 quo
134 4728 235 4785 crescit
260 4727 384 4788 Verbum
411 4726 472 4780 liei.
498 4725 606 4782 Corona
626 4727 703 4781 aaut.
729 4725 825 4796 (loia.)
840 4723 913 4791 Quia
964 4740 1061 4796 opera,
1077 4730 1143 4790 etc,
1168 4725 1301 4795 usquead
1327 4731 1356 4780 et
1378 4726 1409 4780 iu
1424 4725 1469 4781 his
1492 4728 1627 4781 latentur
1641 4727 1807 4786 Christiani.

61 4816 296 4892 gloriariotorioe
320 4821 363 4871 est
388 4815 514 4869 vincenti
542 4812 700 4868 diabolum.
725 4815 912 4882 benignitatis
964 4815 1079 4883 inipso.
1104 4812 1198 4884 (ibid.)
1214 4812 1333 4878 Quando
1356 4813 1411 4868 erit
1431 4813 1528 4868 omnia
1554 4813 1584 4868 iu
1606 4815 1751 4883 omnibus,
1766 4819 1812 4875 vel

63 4914 124 4975 tuae,
139 4912 192 4962 etc.
208 4903 301 4977 (Aoo.)
314 4904 354 4958 Ne
369 4903 434 4975 quis
448 4902 588 4974 glorietur
601 4900 757 4957 demeritis
770 4901 839 4956 suis.
964 4901 995 4958 iu
1007 4901 1068 4973 ipse
1078 4901 1128 4975 qui
1141 4901 1316 4966 dominatur,
1332 4901 1362 4955 in
1377 4901 1481 4957 virtute
1493 4917 1555 4957 sue.

97 4997 201 5065 Campi
213 4996 255 5049 tui
267 4993 451 5064 replebuntur,
469 4991 575 5064 (Cass,
588 4991 673 5060 buu.)
686 4991 830 5060 Homines,
840 5006 913 5061 pro·
1000 4992 1081 5046 Vsus.
1109 4995 1135 5046 7.
1150 5019 1184 5031 -
1207 4992 1268 5047 Noa
1292 4990 1456 5046 caaltcutar.
1475 4989 1568 5061 (lota.)
1583 4991 1637 5045 Pro
1652 4991 1716 5062 lege
1731 4992 1813 5065 quusi

60 5087 125 5155 pter
139 5082 345 5155 equalitatem,
369 5081 397 5135 id
413 5085 466 5149 est,
478 5078 560 5150 justi.
574 5078 668 5140 Colles,
687 5077 757 5151 quia
767 5079 842 5133 Deus
856 5077 912 5132 eri·
966 5078 1030 5151 plus
1051 5077 1108 5133 illis
1132 5077 1261 5134 debetur.
1295 5077 1391 5134 Omnes
1429 5080 1500 5134 moia
1534 5086 1722 5151 peccauerunt,
1758 5086 1811 5139 etc.

62 5172 105 5245 git
126 5170 253 5227 humiles
269 5170 435 5225 Desertam:
462 5183 562 5223 omues
579 5171 688 5240 gentes,
718 5165 823 5238 quibus
844 5165 914 5220 nul·
967 5168 1056 5240 (Rom.
1073 5166 1124 5234 m.)

62 5261 108 5318 lus
124 5259 267 5332 propheta
283 5257 397 5313 missus.
1002 5254 1083 5308 Vsus.
1108 5255 1135 5308 8.
1161 5281 1195 5294 -
1223 5250 1383 5308 nauatae.
1408 5252 1492 5324 (Cast
1521 5252 1692 5325 Diapsalme.
1720 5258 1817 5316 Mouet

98 5351 180 5404 Vsus.
201 5348 243 5403 13.
268 5375 303 5389 -
316 5347 495 5415 Piupucsceat
522 5344 644 5414 speciosa
668 5342 777 5397 deserti.
792 5341 913 5407 Quando
968 5345 1067 5413 gentes
1096 5340 1263 5395 benedicere
1298 5340 1399 5409 ileum,
1422 5341 1473 5411 qui
1484 5340 1550 5396 licet
1570 5344 1673 5413 probet
1699 5346 1817 5404 tribula-

62 5436 193 5513 apostoli
209 5435 244 5491 ad
277 5450 326 5490 cos
349 5436 501 5502 venerunt,
520 5449 572 5506 per
598 5446 672 5503 quos
697 5428 807 5487 decore
833 5430 914 5488 tactu
967 5429 1105 5495 tionibus,
1120 5434 1215 5483 tamen
1230 5428 1308 5483 ducit
1329 5429 1364 5484 ud
1390 5444 1530 5502 rognum,
1546 5431 1698 5489 haecenim
1713 5435 1815 5492 riden-

64 5532 142 5585 sunt.
968 5523 1017 5576 tur
1025 5517 1141 5574 ebriare
1153 5516 1303 5589 promissas
1326 5518 1541 5577 resurrectioni.
1556 5520 1693 5580 scottum
1720 5525 1815 5593 lueitr.

222 5631 359 5697 rinos.
386 5627 494 5696 criu.
879 5610 884 5617 ’
980 5649 985 5653 -
1562 5632 1605 5694 so
