3892 6106
71 238 94 289 u
419 210 423 217 ’
822 235 1093 296 anoiaooucru.
1788 244 1823 300 et

69 359 701 503 histrahelitauttt‘tttzt
713 357 919 500 HHHHJH
938 359 1822 506 ‘³thaitttttthststhlt'lrhhillidius

70 521 82 556 e
106 501 214 557 sanctis
248 501 416 556 doctoribus
446 500 557 556 traditis
587 501 691 555 veritas
721 501 916 572 cognoscitur,
973 503 1044 557 nicia
1061 503 1384 574 propterquorurudam
1400 509 1559 574 martyrum
1578 506 1723 574 passiones
1739 509 1822 563 vehe-

70 580 207 644 quautum
231 573 271 627 ad
295 589 330 626 ea
350 587 416 644 quie
440 578 509 627 strnl
531 570 587 627 lide
607 571 741 640 tenende,
766 587 818 641 per
833 571 918 626 redu-
974 579 1083 627 mentes
1109 579 1195 644 etque
1218 572 1373 627 mirabiles.
1389 574 1504 628 Minoris
1527 583 1624 629 autem
1643 578 1821 634 auctoritatis

70 645 189 698 ctionem
215 642 252 697 ed
276 642 439 713 Scripturas
462 642 704 712 canonicasque
731 647 794 696 sunt
821 641 918 697 babila
973 649 1039 697 sunt
1055 644 1176 709 llaruch,
1192 648 1220 697 et
1240 643 1339 697 tertius
1354 648 1382 699 et
1398 650 1517 716 quartus
1533 645 1651 700 Esdrre:
1671 664 1737 703 nam
1761 652 1821 703 Au·

70 714 161 769 divina
178 713 366 776 revelatione,
382 712 429 768 cui
442 712 618 766 nullomodo
635 716 729 783 polest
740 712 841 766 iulsum
854 712 919 765 sub·
971 714 1102 783 gostinus
1116 712 1143 766 in
1162 714 1398 787 locoysupredicto
1420 715 1528 769 nullum
1543 717 1578 769 de
1594 715 1637 770 his
1653 716 1719 772 lucit
1740 735 1820 775 men·

70 801 134 840 esse.
160 785 244 841 Unde
268 784 305 839 de
329 783 375 838 bis
400 783 469 838 dicit
500 783 678 854 Augustinus
711 784 747 836 ad
781 783 917 854 Hierony·
972 785 1091 850 tionem,
1111 785 1518 850 cumtamen,utdixi,alius
1540 788 1818 857 apocryphoscnnn-

70 872 143 910 mum
161 873 168 910 ι
188 876 203 907 ιι
224 857 283 922 Ego
299 855 368 908 solis
383 854 425 909 eis
446 853 635 924 scriptoribus
649 852 700 924 qui
719 853 848 908 canonici
863 868 917 922 ap·
971 855 1042 909 nicia
1070 861 1253 910 annumerat.
1288 855 1408 910 Hulinus
1436 872 1552 927 qunque
1584 857 1612 911 ιιι
1643 860 1818 927 expositione

68 929 221 998 pellantur,
237 925 326 980 didici
341 925 418 980 hunc
433 925 567 980 timorem
585 925 782 994 honoremque
794 923 914 991 deterre,
970 926 988 979 S
1010 925 1108 990 mboli,
1123 931 1152 979 et
1174 926 1296 980 isidorus
1319 925 1348 980 in
1372 925 1444 981 libro
1459 933 1536 980 sexto
1560 928 1804 1001 Etymolugierum

68 1003 94 1051 ut
117 997 234 1050 nullum
258 1012 359 1050 eorum
382 995 532 1050 scribendo
554 1010 664 1049 errasse
688 994 850 1049 firmissime
873 999 915 1048 le·
971 943 1019 1050 ubi
1048 996 1121 1051 hanc
1151 996 1314 1066 Hieronymi
1346 996 1516 1050 divisionem
1546 999 1685 1065 reiorum,
1713 971 1816 1057 heroni

68 1084 145 1122 neem
158 1087 166 1131 ;
181 1083 217 1121 ec
238 1066 263 1120 si
284 1066 395 1146 aliquid
415 1065 446 1120 iu
469 1065 510 1120 eis
527 1064 673 1121 oliendero
692 1066 768 1136 quod
788 1064 917 1119 videatur
971 1066 1041 1120 nihil
1058 1066 1260 1121 meminerunt.
1277 1068 1310 1120 Et
1330 1071 1362 1120 ut
1377 1083 1511 1121 numeres
1524 1084 1573 1122 eos
1594 1087 1628 1124 co
1643 1069 1743 1125 ordine
1779 1089 1816 1126 iro

67 1138 243 1193 contrarium
280 1136 411 1204 raritati,
439 1136 511 1192 nihil
537 1136 612 1190 aliud
640 1135 799 1190 existimem
827 1150 915 1206 quam
969 1143 1038 1191 sunt
1061 1137 1090 1192 in
1120 1137 1226 1203 bibliis,
1250 1136 1380 1208 quamvis
1402 1138 1459 1191 alio
1484 1139 1584 1194 ordine
1611 1140 1718 1195 scierint
1735 1088 1814 1206 militi,

68 1209 239 1263 mendosum
264 1224 326 1263 esse
347 1206 486 1273 codicem,
514 1207 557 1261 vel
582 1222 640 1260 non
664 1222 725 1260 esse
753 1212 915 1260 assecutum
969 1208 1064 1277 primo
1088 1214 1155 1261 sont
1174 1207 1276 1261 tertius
1298 1213 1327 1262 et
1347 1214 1468 1278 quartus
1493 1208 1558 1263 libri
1579 1210 1684 1276 Esdroe,
1701 1213 1751 1282 qui
1775 1212 1817 1268 di·

67 1281 254 1350 interpretem
268 1278 346 1351 quod
369 1277 478 1333 dictum
501 1282 552 1343 est,
567 1277 612 1332 vel
632 1291 678 1331 me
694 1277 812 1332 minime
827 1277 915 1331 intel·
969 1285 1073 1333 crrrrlur
1093 1280 1195 1333 tertius
1217 1283 1246 1333 et
1268 1285 1402 1349 quartus;
1424 1278 1491 1348 quie
1520 1285 1586 1334 ante
1610 1280 1816 1352 Hieronymum

68 1351 175 1416 texisse,
188 1365 250 1404 non
265 1349 426 1420 ambigam.
445 1348 520 1403 Alios
531 1352 628 1402 ιιιιιιιιιι
641 1347 681 1401 ita
696 1350 769 1413 lego,
782 1352 814 1401 ιιι
826 1362 914 1418 quen·
969 1349 1058 1404 Graeci
1073 1353 1101 1403 et
1126 1348 1218 1403 Latini
1241 1348 1346 1403 librum
1371 1349 1464 1403 Esdrte
1489 1351 1658 1405 canonicum
1680 1351 1815 1408 secabant

67 1423 160 1476 talibet
182 1421 339 1475 sanctitate
361 1418 523 1474 doctrinave
544 1418 679 1490 polleant,
698 1433 755 1472 non
777 1416 841 1472 ideo
863 1433 912 1471 re·
969 1417 997 1473 in
1012 1419 1084 1473 diros
1097 1420 1194 1485 libros,
1207 1434 1351 1473 sermones
1366 1419 1521 1486 Nehemiae,
1536 1422 1691 1477 secundum
1707 1422 1813 1478 librum

66 1508 125 1546 nrm
151 1497 255 1559 putem
279 1490 348 1562 quia
367 1489 423 1561 ipsi
445 1490 485 1545 ita
504 1495 664 1550 senserunt.
685 1488 735 1543 sed
755 1488 823 1560 qtria
841 1486 914 1543 mihi
968 1490 1154 1561 appellantes.
1184 1489 1234 1544 isti
1263 1496 1359 1544 autem
1386 1490 1487 1545 tertius
1523 1496 1552 1545 et
1585 1499 1705 1572 quartus
1738 1494 1814 1549 inter

64 1579 111 1633 per
126 1562 194 1617 illos
212 1566 345 1617 auctores
363 1560 514 1615 canonicus
532 1560 576 1615 vel
600 1559 762 1630 prohabiles
776 1557 912 1624 rationes,
967 1575 1077 1626 omnes,
1094 1577 1152 1615 non
1168 1561 1320 1614 canonicos
1344 1559 1473 1627 minoris,
1493 1565 1525 1614 ut
1546 1561 1614 1621 diri.
1639 1568 1705 1617 sunt
1719 1569 1810 1619 aucto

65 1633 136 1705 quod
152 1651 170 1687 a
183 1648 254 1686 vero
265 1647 325 1687 non
342 1631 506 1695 abhorreat,
521 1630 694 1701 persuadere
710 1634 877 1700 potuerunt.
898 1649 911 1681 s
934 1648 955 1706 Β
971 1631 1071 1686 ritulis.
1089 1632 1168 1686 Unde
1190 1630 1378 1701 Hieronymus
1399 1632 1429 1685 in
1452 1633 1569 1712 prolege
1584 1632 1680 1688 Esdroe
1696 1649 1745 1688 eos
1758 1650 1811 1705 ap·

94 1705 170 1758 Sunt
195 1703 287 1774 igitur
309 1701 376 1758 libri
399 1701 527 1758 canonici
549 1699 658 1756 Veteris
677 1699 852 1755 Testamenti
874 1699 914 1753 vi·
968 1701 1191 1770 pellatsomnia,
1208 1708 1236 1755 et
1250 1702 1280 1756 in
1296 1701 1475 1772 paucissimis
1496 1703 1595 1757 Bibliis
1610 1704 1752 1758 manuscri
1776 1704 1813 1759 tis

63 1775 132 1845 ginti
153 1775 225 1838 diro,
242 1778 277 1829 ed
303 1788 458 1828 numerum
480 1770 583 1840 viginti
606 1771 727 1826 duarum
752 1771 912 1825 litteramm
968 1771 1164 1836 inveniuntur,
1178 1777 1208 1826 el
1230 1770 1260 1827 in
1280 1771 1377 1826 multis
1399 1773 1545 1844 impressis
1560 1774 1704 1829 invenitur
1718 1721 1772 1829 aa?

65 1845 263 1908 Hebraeorum,
292 1849 324 1899 et
351 1843 474 1898 scribere
498 1841 651 1914 origenem
678 1856 765 1907 super
787 1841 914 1912 primum
967 1842 1078 1898 tertius.
1102 1843 1248 1899 Sectrndus
1270 1842 1526 1906 est'lobies,hber
1547 1844 1628 1898 valde
1651 1844 1813 1902 devotuset

63 1918 209 1986 psalmum
236 1915 325 1970 relect
348 1913 486 1970 Eusebius
509 1913 584 1969 libre
609 1918 688 1967 sexto
713 1911 912 1967 Ecclesiasticus
967 1913 1056 1969 utilis.
1070 1914 1181 1969 Tertius
1195 1918 1238 1968 est
1258 1913 1367 1976 iudith,
1390 1930 1476 1985 quem
1492 1914 1561 1969 dicit
1575 1915 1765 1986 Hieronymus
1780 1916 1811 1973 in

63 1988 205 2051 Historiae,
232 1991 264 2042 et
290 1984 433 2057 copiosius
459 1983 676 2055 distinctiusque
710 1983 779 2038 dicit
812 1982 913 2037 beatus
966 1984 1215 2057 prologoiuiasee
1237 1984 1349 2039 Niccena
1372 1987 1739 2056 synodocomputatumin
1759 2003 1811 2042 nn·

64 2059 254 2128 Hieronymus
266 2056 296 2112 in
313 2056 434 2127 prologo
444 2055 555 2125 galeato
571 2053 774 2122 superlibmm
789 2054 912 2123 Regum,
967 2071 1047 2109 meru
1073 2061 1236 2111 sanctarum
1264 2055 1484 2136 scripturarum.
1510 2056 1634 2120 Quartus
1660 2056 1732 2111 liber
1757 2056 1809 2113 Sa·

65 2128 258 2199 quodomnes
283 2128 387 2182 intres
407 2133 502 2196 partes
523 2125 559 2181 ab
575 2124 700 2181 hebreis
721 2124 911 2179 dividuntur:
965 2126 1093 2195 pientiae,
1120 2141 1206 2195 quem
1235 2125 1381 2194 scripsisse
1406 2126 1556 2181 Philonem
1585 2127 1809 2183 Alexandrinum

66 2198 94 2253 ln
110 2200 229 2269 Legem.
243 2198 275 2253 id
290 2201 334 2252 est
367 2197 474 2260 irinqne
488 2195 577 2251 libros
592 2196 696 2267 Hoysi3
714 2195 742 2250 in
759 2195 913 2266 prophetes
965 2196 1095 2251 ludaeum
1115 2196 1321 2260 doctissimum,
1347 2196 1407 2251 lere
1431 2211 1531 2251 omnes
1555 2201 1664 2253 tenent,
1686 2197 1809 2264 Quintus

63 2277 134 2329 octo.
149 2275 180 2325 et
200 2269 359 2350 hagiograp
382 2283 399 2321 a
420 2282 537 2335 nuvem;
559 2272 592 2320 ut
614 2266 711 2321 statim
734 2265 838 2320 elarius
861 2281 911 2336 pa·
965 2272 1009 2321 est
1024 2266 1172 2322 liberiesu
1187 2266 1238 2320 lilii
1254 2267 1362 2325 Sirach.
1379 2267 1428 2337 qui
1454 2267 1660 2322 Ecclesiasticus
1678 2268 1807 2324 dicitur:

62 2340 144 2407 tebit,
175 2355 309 2412 quamvis
337 2337 471 2393 nonnulli
498 2338 604 2393 librum
631 2336 709 2394 Huth
735 2340 866 2409 separent
894 2352 912 2390 a
965 2337 1065 2392 Sextus
1079 2342 1120 2392 est
1143 2338 1261 2404 Baruch,
1278 2344 1309 2390 ιιι
1332 2337 1402 2391 dicit
1423 2338 1612 2408 Hieronymus
1633 2339 1663 2393 in
1686 2340 1808 2410 prologo

63 2412 134 2466 libro
158 2411 305 2477 iudicum,
331 2414 361 2464 et
384 2408 612 2464 Lamentationes
634 2406 766 2462 leremiae
790 2422 807 2461 a
832 2407 910 2460 lere·
963 2408 1104 2463 ieremiae.
1122 2407 1266 2477 Septimus
1289 2413 1332 2461 est
1346 2407 1571 2464 Hachabreorum
1594 2409 1676 2476 liber,
1700 2409 1730 2464 in
1751 2410 1808 2482 pri·

62 2483 129 2546 mia,
154 2486 184 2535 et
208 2481 285 2535 inter
308 2479 506 2561 Hegiogrepha
528 2481 706 2550 computent,
730 2483 763 2532 ιιι
786 2476 843 2531 sint
869 2476 909 2530 ιι·
965 2494 1043 2534 mum
1060 2486 1089 2533 et
1101 2479 1256 2532 secundum
1270 2477 1386 2533 divisus.

63 2553 133 2623 ginti
149 2558 278 2623 quatuor
292 2551 359 2605 librr
380 2550 418 2619 (ul
434 2550 470 2605 ed
493 2565 646 2604 numerum
665 2547 767 2619 viginti
788 2552 912 2619 quatuor
992 2551 1097 2621 ‘Neque
1113 2550 1237 2620 aliquem
1263 2555 1375 2603 moreat
1395 2549 1469 2620 quod
1490 2549 1518 2604 in
1541 2551 1637 2605 iudith
1661 2554 1690 2606 el
1712 2550 1808 2606 Tobiae

61 2625 209 2676 seniorum
226 2638 299 2695 quos
311 2621 494 2693 Apocalypsis
507 2621 619 2675 inducit
630 2620 782 2675 adorantes
796 2624 909 2688 Agnum
963 2621 1090 2691 prologis
1106 2620 1210 2674 dicitur
1225 2618 1301 2689 quod
1326 2619 1400 2690 apud
1416 2621 1549 2675 uehraeos
1563 2621 1638 2676 inter
1653 2621 1807 2692 hagiogra-

63 2692 158 2763 tapes.
174 2693 213 2765 a).
964 2691 1020 2762 pha
1035 2693 1180 2761 leguntur,
1197 2690 1264 2761 quia
1288 2690 1455 2745 manifestus
1478 2706 1558 2745 error
1569 2697 1611 2746 est
1627 2692 1673 2760 (bl,
1695 2698 1725 2746 el
1738 2708 1808 2762 apo·

95 2766 144 2820 lsti
161 2768 232 2817 som
253 2762 318 2817 libri
332 2761 383 2834 qui
400 2765 468 2815 sunt
480 2761 509 2816 in
528 2776 647 2827 canone,
662 2763 695 2814 ut
711 2760 795 2814 letius
813 2757 912 2815 scribit
963 2762 1081 2832 crypha,
1098 2777 1154 2815 non
1172 2761 1378 2831 hagiographa,
1403 2765 1445 2814 est
1467 2762 1621 2831 legendum
1639 2778 1646 2816 ι
1662 2762 1712 2834 qui
1727 2778 1808 2817 error

63 2835 161 2889 malus
180 2835 373 2905 Hieronymus
388 2832 417 2886 in
435 2833 554 2902 prologo
569 2832 681 2903 galeato
695 2830 745 2902 qui
762 2835 805 2884 est
825 2846 911 2901 super
964 2833 994 2885 in
1008 2832 1142 2887 omnihus
1165 2847 1237 2902 qnos
1262 2832 1381 2885 viderim
1404 2831 1548 2886 codicibus
1577 2833 1722 2886 invenitur
1748 2848 1754 2886 :
1779 2837 1808 2887 et

63 2906 149 2960 libros
173 2907 289 2974 Regum
325 2905 359 2960 El
381 2905 477 2973 primu
498 2903 626 2974 quinque
650 2903 713 2956 libri
737 2900 836 2972 Huysi,
858 2901 942 2994 quiC
963 2902 1091 2965 inolevit,
1116 2907 1149 2956 ut
1169 2907 1248 2973 puto,
1264 2918 1296 2956 er
1326 2901 1431 2970 pietate
1455 2908 1484 2956 et
1507 2902 1656 2956 devotione
1680 2902 1806 2958 scriben-

64 2974 588 3101 ttt0'lllti,¹‘¹ttht¹mii-tlh}
603 2973 908 3115 titttththtt·
962 2972 1347 3114 lihntttltttttlttt
1375 2971 1694 3099 lthsiltltt‘ttttl
1708 2988 1808 3099 alth

266 3085 274 3112 s
482 3086 484 3091 ’
590 3084 597 3106 ι
899 3082 907 3109 ι
1352 3083 1359 3097 ·

64 3119 180 3188 quintus
207 3115 473 3172 Deuteronomium.
496 3114 626 3171 Secundo
656 3117 816 3184 sequuntur
845 3118 908 3168 octo
962 3121 1038 3168 retro
1066 3114 1149 3168 annis
1171 3113 1282 3168 codices
1310 3059 1498 3184 occupaverit,
1528 3114 1652 3169 otendit
1672 3115 1808 3179 magister

65 3188 124 3242 hbri
165 3188 344 3257 rophelales,
361 3201 486 3259 quorum
506 3185 617 3256 primus
635 3188 678 3238 est
694 3185 789 3245 losue,
806 3198 909 3237 secun·
961 3185 992 3238 in
1008 3184 1124 3240 historia
1148 3183 1257 3250 iudith,
1275 3184 1323 3239 ubi
1344 3184 1411 3238 dicit
1435 3185 1508 3240 :Hic
1530 3184 1603 3239 liber
1626 3185 1701 3255 apud
1722 3185 1807 3242 Chal·

64 3259 112 3312 dus
139 3205 218 3312 iiiior
241 3257 373 3313 lodicum
401 3271 465 3312 crim
493 3257 580 3321 Huth,
603 3255 703 3310 tertius
729 3254 862 3334 Samuel,
879 3253 906 3308 id
961 3256 1040 3311 doeos
1063 3255 1139 3310 inter
1163 3255 1295 3310 historias
1318 3259 1554 3335 computatur,el
1577 3257 1652 3328 apud
1673 3255 1808 3311 Hebraeos

63 3335 109 3392 est,
124 3329 244 3399 primus
259 3333 287 3382 et
308 3326 450 3384 sectrndus
468 3328 590 3393 Regum,
610 3332 729 3395 quartus
748 3324 907 3387 llelachrm,
961 3327 1037 3380 inter
1050 3326 1225 3398 apocrypha,
1244 3326 1321 3396 quod
1338 3325 1407 3381 dicit
1429 3327 1616 3394 Hieronymus
1628 3327 1657 3382 in
1671 3328 1804 3399 prologo,

64 3400 86 3452 id
108 3406 163 3464 est,
188 3399 290 3453 tertius
310 3404 339 3454 et
363 3402 482 3470 quartus
509 3398 636 3468 Hegem;
660 3396 780 3478 quintus
811 3394 905 3460 isaias,
961 3397 1011 3468 qui
1026 3396 1065 3451 sic
1083 3397 1183 3467 incipit
1201 3412 1208 3450 z
1226 3414 1240 3446 c
1257 3396 1363 3466 Viginti
1387 3403 1416 3450 el
1432 3397 1502 3451 duas
1526 3398 1671 3452 litteras.»
1693 3397 1723 3453 Si
1736 3413 1805 3469 ergo

63 3479 154 3524 serim
193 3470 333 3527 ieremias
366 3484 431 3522 cum
469 3467 740 3530 lamentationibus,
767 3465 908 3536 septimus
961 3467 1244 3538 alicnbiinprologo
1262 3483 1348 3536 super
1367 3467 1464 3521 Judith
1485 3468 1591 3538 legitur
1610 3467 1686 3521 inter
1708 3469 1805 3540 hagie·

64 3541 328 3605 hermenecharius
343 3538 416 3594 liber
430 3537 582 3595 duodecim
599 3539 804 3608 prophetarum
817 3552 823 3590 :
837 3552 908 3606 quo·
960 3554 1010 3608 gra
1034 3539 1081 3604 he,
1096 3538 1196 3592 ιιιιιιιιι
1210 3538 1356 3608 scriptoris
1371 3543 1422 3599 est,
1439 3538 1514 3609 qued
1531 3540 1559 3591 in
1576 3539 1637 3607 ipso
1651 3539 1734 3592 tilulo
1755 3539 1803 3593 de·

64 3627 119 3666 mm
140 3612 257 3681 perimus
278 3615 321 3665 est
338 3617 420 3674 ttsee,
441 3609 583 3664 secundus
599 3609 670 3678 leel,
690 3607 792 3662 tertius
811 3609 907 3675 Amos,
959 3555 1100 3681 pregendi
1116 3612 1218 3679 potest.
1234 3610 1270 3664 Ex
1287 3624 1345 3679 quo
1371 3608 1460 3662 miror
1472 3609 1549 3680 quod
1564 3610 1654 3662 dictus
1669 3610 1805 3680 magister

62 3688 178 3752 quiartns
211 3681 328 3740 abdias.
362 3680 480 3753 quintus
510 3682 606 3746 ionas,
639 3685 734 3734 sextus
766 3677 906 3744 blichasas,
960 3694 1017 3733 non
1029 3678 1183 3734 adverterit
1195 3679 1329 3734 eumdem
1346 3695 1407 3733 esse
1427 3694 1552 3733 errorem
1568 3679 1596 3732 in
1614 3680 1733 3750 prologo
1750 3681 1803 3734 To·

63 3754 199 3824 septimus
225 3753 348 3818 Nahum,
373 3757 488 3806 octavus
512 3752 651 3815 Habacuc,
676 3764 770 3804 narnus
795 3748 907 3818 Sopho·
959 3750 1024 3815 bite,
1041 3749 1166 3819 sibiipsa
1182 3749 1269 3805 dicit:
1286 3751 1390 3804 «Hanc
1405 3749 1553 3804 historiam
1568 3750 1678 3805 Hebraei
1694 3755 1805 3821 ponunt

63 3825 128 3889 nias,
148 3823 280 3878 decimus
304 3827 437 3892 aggaeus,
460 3821 627 3876 undecimus
651 3819 809 3884 Zacharias,
833 3819 907 3873 drio-
959 3821 1036 3875 inter
1047 3819 1218 3891 apocrypha.
1235 3842 1249 3870 o
1266 3821 1454 3889 Hieronymus
1468 3826 1562 3874 tamen
1576 3821 1606 3874 in
1620 3822 1737 3891 prologo
1751 3837 1802 3876 suo

63 3893 188 3949 decimus
214 3893 376 3949 llalacbias.
404 3893 498 3949 Tertio
520 3897 681 3964 sequuntur
708 3889 907 3961 Hagiographa
960 3891 1029 3947 dicit
1042 3892 1117 3946 inter
1130 3892 1326 3962 hagiographa
1341 3907 1347 3945 ε
1363 3893 1459 3946 Glossa
1479 3907 1594 3963 qnoque
1618 3906 1705 3960 super
1727 3890 1802 3946 dicto

63 3963 710 4035 nerem,quommprimusest'lob,secnndus
725 3959 904 4024 Psallerium,
959 3963 1079 4034 prologo
1100 3962 1196 4017 Tobiae
1218 3962 1288 4016 dicit
1309 3962 1404 4032 potius
1429 3966 1457 4016 et
1479 3976 1574 4015 verriu
1589 3960 1706 4016 dixisset
1727 3961 1803 4016 inter

62 4036 161 4089 tertius
185 4034 348 4090 Salomonis
368 4035 531 4102 Proverbia,
553 4038 672 4105 quartus
698 4032 825 4104 ejusdem
854 4031 905 4086 Ec·
960 4034 1121 4104 apocrypha
1149 4049 1156 4086 ε
1182 4032 1227 4086 vel
1251 4033 1329 4102 terge
1357 4030 1460 4103 accipit
1483 4031 1691 4102 hagiographa,
1721 4031 1803 4103 quasi

62 4107 213 4167 ctesiastes.
231 4106 349 4176 quintus
372 4105 500 4175 ejusdem
525 4105 717 4168 Canticorum,
734 4107 829 4157 sextus
851 4102 905 4156 lle·
959 4111 1123 4158 sanctorum
1137 4103 1251 4173 scripta,
1268 4102 1351 4156 etita
1367 4105 1485 4157 nonest
1501 4101 1536 4156 de
1553 4115 1672 4156 numero
1686 4101 1802 4157 illorum

62 4177 123 4243 niel,
153 4176 297 4247 septimus
321 4175 570 4247 Paralipomenon,
592 4174 642 4247 qui
669 4173 746 4244 apud
773 4170 905 4227 Hebraeos
958 4190 1060 4230 novem
1075 4189 1139 4243 ques
1154 4173 1270 4244 propria
1286 4172 1420 4227 dicantur
1435 4171 1642 4254 hagiographa,
1658 4187 1723 4244 ques
1737 4176 1804 4227 sunt

63 4255 96 4301 est
111 4264 191 4303 unns
211 4247 297 4314 liber,
311 4261 370 4302 non
384 4247 459 4313 due;
482 4253 597 4301 octavus
613 4245 712 4301 Esdras
735 4259 798 4297 cum
816 4243 904 4299 Nehe·
922 4245 993 4308 ode
1008 4246 1148 4312 calatogo,
1164 4244 1191 4300 id
1205 4249 1258 4310 est,
1273 4243 1308 4298 de
1324 4259 1445 4299 numero
1460 4243 1561 4316 viginti
1576 4243 1699 4298 duorum
1714 4243 1801 4298 libro·

62 4320 112 4372 raia
141 4320 198 4388 (est
225 4318 305 4373 enim
336 4322 415 4372 totus
444 4333 516 4372 unus
544 4318 638 4384 liber),
675 4330 768 4369 nonus
796 4313 904 4368 Esther.
959 4316 1028 4370 ditm
1046 4315 1227 4370 Biblicorum.
1251 4315 1320 4370 Nam
1337 4331 1403 4371 crim
1418 4315 1607 4385 Hieronymus
1629 4314 1658 4369 in
1683 4315 1804 4385 prologo

62 4388 203 4460 Quidquid
220 4393 317 4443 autem
333 4392 412 4443 extra
425 4388 478 4443 hos
491 4392 534 4443 est
548 4388 594 4460 (de
618 4385 710 4442 Veteri
724 4386 905 4439 Testameuto
959 4387 1084 4445 Galeato.
1100 4392 1163 4456 post
1176 4385 1421 4442 enumerationem
1435 4386 1638 4441 canonicorum
1654 4386 1801 4451 librorum,

62 4459 171 4532 loquor)
193 4464 228 4514 ut
256 4458 324 4516 dicit
353 4459 553 4530 Hieronymus,
569 4459 644 4514 inter
671 4455 836 4529 apocrypha
863 4458 906 4510 est
959 4457 1034 4512 dicat
1049 4474 1088 4512 :e
1112 4457 1161 4513 Hic
1182 4457 1317 4527 prologus
1330 4456 1542 4527 scripturarum
1564 4457 1646 4526 quasi
1660 4457 1804 4526 galeatum

61 4530 236 4600 ponendum.
959 4527 1143 4610 principium,
1165 4527 1300 4582 omnibus
1325 4527 1407 4582 libris
1421 4544 1494 4600 quos
1516 4527 1552 4583 de
1577 4527 1693 4581 Hebraeo
1717 4524 1803 4582 verti·

91 4601 140 4657 isti
156 4606 227 4656 srrnt
242 4599 306 4656 libri
320 4599 372 4672 qui
384 4616 442 4655 non
458 4605 525 4655 scint
542 4599 571 4655 in
585 4614 705 4662 canone,
723 4613 795 4669 quos
809 4599 905 4651 umen
960 4614 1023 4652 mus
1050 4614 1080 4652 m
1114 4598 1247 4655 Latinum
1282 4597 1433 4653 convenire
1459 4601 1564 4668 potest,
1596 4602 1627 4651 ut
1655 4596 1726 4650 scire
1755 4611 1802 4647 vs·

61 4671 182 4728 Ecclesia
205 4676 241 4727 ut
262 4671 354 4726 bonos
378 4676 408 4726 et
427 4671 512 4726 utiles
534 4671 622 4726 libros
645 4668 780 4736 admittit,
796 4682 853 4722 non
874 4669 906 4747 ul
958 4670 1068 4725 learnus
1095 4668 1234 4740 quidquid
1263 4674 1340 4724 extra
1376 4669 1427 4723 hos
1458 4674 1511 4734 est,
1539 4668 1616 4724 intee
1641 4664 1803 4792 apocr-Sypha

60 4742 222 4802 mnonicos.
244 4741 321 4797 inter
343 4757 415 4814 quos
435 4746 501 4797 sunl
526 4741 615 4814 aliqui
639 4739 755 4811 majoris
782 4741 904 4793 aucton-
958 4756 1019 4794 esee
1037 4739 1214 4810 ponendum.
1232 4739 1323 4810 Igitur
1347 4738 1503 4809 Sapientia,
1527 4754 1593 4809 que
1618 4738 1703 4808 vulgo
1741 4735 1803 4789 alo·

59 4814 130 4882 tatis,
155 4813 249 4884 aliqui
272 4812 398 4869 minoris.
416 4813 487 4868 Nam
501 4812 612 4877 Tobiae,
625 4811 732 4871 ludilh.
747 4814 776 4864 et
792 4807 904 4864 Hacha·
958 4810 1052 4865 monis
1066 4810 1243 4875 inscribitur,
1260 4816 1288 4864 et
1308 4811 1376 4865 Jesu
1399 4809 1453 4865 lilii
1474 4807 1572 4863 sirach
1594 4807 1678 4872 liber,
1704 4810 1733 4860 et
1753 4806 1802 4861 iu-

58 4885 187 4940 hreorum
208 4882 288 4947 libri,
304 4883 456 4954 Sapientia
476 4899 592 4956 quoque
615 4882 687 4939 liber
706 4885 791 4951 atque
814 4879 905 4933 Eccle·
958 4881 1030 4948 dith,
1046 4885 1074 4936 et
1087 4880 1200 4947 Tobios,
1217 4887 1246 4936 et
1270 4883 1380 4946 Pastor,
1405 4895 1464 4935 non
1488 4884 1554 4933 sum
1577 4877 1606 4931 in
1632 4892 1741 4932 moene
1762 4893 1800 4931 :o

58 4956 198 5023 siasticus,
227 4953 308 5008 calda
336 4954 372 5009 ab
399 4953 533 5010 omnibns
560 4953 735 5025 probantur;
761 4951 801 5006 ite
828 4947 904 5022 quod
958 4951 1104 5022 quomodo
1118 4950 1293 5008 credendum
1308 4957 1358 5015 est,
1374 4951 1454 5005 illum
1469 4955 1567 5020 postea
1587 4948 1616 5003 in
1634 4948 1689 5004 illis
1706 4949 1802 5018 prolo-

55 5024 519 5098 lugustinuslibrodedoctrina
538 5023 772 5092 Christianelh't».
796 5034 902 5088 rucnp.
958 5021 1002 5093 gis
1028 5021 1175 5093 scripsisse
1202 5039 1250 5077 eos
1279 5023 1355 5077 inter
1384 5021 1591 5092 hagiographa,
1616 5026 1646 5076 et
1669 5019 1725 5074 sibi
1748 5019 1803 5088 ipsi

55 5099 73 5156 l}
91 5108 153 5151 tres
177 5095 346 5167 superiores
368 5102 501 5152 numerat
526 5095 602 5150 iuter
627 5096 790 5156 canonicos,
816 5094 845 5145 et
869 5093 904 5144 de
958 5093 1214 5148 contradicerelsi
1238 5093 1302 5164 quis
1327 5099 1464 5162 preterea
1487 5090 1647 5146 liberatiori
1672 5091 1802 5146 examine

54 5168 202 5239 Sapientia
231 5172 317 5238 etque
345 5166 537 5222 Ecclesiastico
569 5165 646 5231 dicii,
677 5164 814 5220 meruisse
841 5160 904 5214 illos
959 5164 1124 5235 Hieronymi
1139 5163 1225 5217 verba
1241 5164 1271 5218 in
1293 5162 1375 5218 dictis
1389 5161 1516 5234 prologis
1531 5163 1726 5233 perpenderit,
1740 5159 1801 5214 ani·

54 5240 141 5309 recipi
162 5239 195 5293 in
219 5236 430 5301 auctoritatem,
451 5242 480 5293 et
502 5237 576 5292 inter
599 5234 782 5308 propheticos
800 5232 903 5313 dehere
958 5234 1116 5290 madvertet
1138 5235 1219 5289 illum
1250 5232 1396 5304 scripsisse
1427 5235 1601 5358 apocrypha,
1623 5249 1679 5287 non
1705 5230 1802 5302 hagio·

53 5309 212 5366 numerari.
228 5309 261 5364 Et
282 5308 318 5364 de
343 5308 425 5364 libris
442 5307 667 5363 Eschabaeorum
691 5306 764 5361 libro
793 5303 904 5359 decimo
959 5306 1077 5375 grapha.
1096 5305 1169 5359 uicit
1187 5304 1307 5359 enimin
1329 5305 1447 5375 prologo
1470 5305 1509 5360 To
1533 5320 1567 5360 ιω
1584 5321 1591 5359 :
1609 5322 1623 5356 ιι
1639 5302 1756 5371 Exigitis
1770 5304 1802 5354 ιιι

52 5389 151 5436 octaro
165 5381 245 5451 (cop.
261 5382 308 5452 at)
324 5380 360 5436 de
373 5378 492 5436 civitate
507 5379 557 5435 uei
570 5378 703 5450 loquens,
719 5382 748 5431 et
761 5376 796 5430 de
808 5374 904 5429 Esdrae
959 5375 1064 5431 librum
1090 5376 1223 5431 Chaldaeo
1245 5391 1375 5430 sermone
1399 5375 1592 5447 conscriptum
1612 5375 1647 5429 ad
1671 5373 1801 5428 Latinum

1762 1791 1812 1830 um

83 5510 122 5576 te)
154 5506 236 5560 lianc
260 5504 435 5560 divisionem
455 5503 580 5575 prebent
605 5500 715 5558 Hebraei
739 5500 789 5571 qui
815 5499 905 5554 Eihlia
959 5503 985 5568 ὅ,
1008 5501 1083 5556 decr.
1112 5500 1147 5554 de
1169 5499 1312 5555 canonicis
1336 5500 1499 5573 Scripturis,
1525 5516 1582 5555 non
1608 5499 1674 5554 licet
1696 5514 1801 5568 negare

51 5566 156 5706 grob
169 5575 202 5632 id
216 5577 364 5650 appellent
378 5585 453 5637 retes
473 5574 586 5662 nim,
600 5574 630 5629 id
645 5576 698 5633 est,
715 5570 816 5644 viginti
830 5585 905 5642 qua·
959 5571 1119 5697 ιέιῦιέηιὲιιιοι
1140 5587 1201 5627 esse
1225 5570 1385 5636 canonicos,
1402 5576 1518 5644 excepto
1542 5569 1625 5626 tertio
1648 5573 1677 5625 et
1698 5575 1801 5655 quarto

84 5720 121 5783 ill
140 5719 224 5772 >irinc
237 5722 335 5773 tamen
351 5720 420 5788 post
436 5716 587 5771 concilium
608 5714 816 5771 Tridentinum.
833 5728 900 5766 sess.
