3892 6106
94 256 127 310 et
544 252 774 310 strueremus
794 249 950 308 seuleus
969 247 1159 306 setheusls
1178 246 1377 307 thNACllUS.
1813 251 1847 303 eo

90 397 104 429 e
115 380 191 432 teres
205 380 306 431 eutem
328 379 502 430 corruerent
525 374 555 428 in
570 374 611 430 eis
637 376 706 445 (Dae,
730 376 785 443 xiv)
796 392 831 441 3»
860 373 899 427 sic
917 373 983 430 inb
1001 371 1180 438 insatietatis,
1192 372 1264 427 ferte
1277 371 1428 428 satisfieret
1445 371 1508 428 tibi.
1524 371 1579 428 Sed
1591 372 1659 454 quia
1681 372 1848 444 pretermi-

94 463 180 503 sensu
192 446 309 501 litterali
323 445 484 518 contingit;
500 445 701 517 scilieet,qued
710 444 778 499 licet
792 445 828 498 sit
838 450 944 513 rectus,
999 442 1062 497 sisti
1084 442 1230 514 assignare
1259 443 1409 507 rationem,
1430 444 1541 498 nullam
1560 443 1661 498 tibrde
1684 444 1850 515 responsio·

95 520 182 575 idest
196 516 327 587 planier;
344 521 372 572 et
382 517 462 588 justi,
479 516 565 571 idest
586 516 724 570 habentes
749 515 847 570 lumen
866 516 946 580 lidei,
1000 529 1077 584 nem3
1094 514 1148 568 uisi
1164 512 1242 585 quod
1252 514 1409 568 carendum
1420 518 1462 568 est
1475 515 1511 568 ab
1520 513 1735 570 insatiabilitate
1753 514 1851 569 cerdis

97 588 287 644 ambulabunt
314 587 344 641 in
375 589 426 655 eis,
464 588 571 642 scilicet
599 585 718 640 intentis
732 589 761 640 et
780 585 946 656 significatis
1001 600 1066 657 quea
1081 584 1111 639 in
1127 585 1212 638 saeris
1227 584 1380 655 Scripturis
1399 586 1579 655 reprobatur.

98 673 276 732 persensum
301 657 453 712 litteralem
475 657 542 712 lidei
565 656 754 712 adhaerendo:
803 657 948 710 treverica·
1037 655 1116 710 Circa
1126 659 1247 720 sextum,
1279 656 1348 779 quia
1372 654 1412 709 ibi
1436 654 1586 711 declarasti
1611 658 1736 710 mentem
1757 660 1849 723 tuam,

102 737 176 786 teres
212 735 318 796 tamen,
346 729 452 783 scilicet
473 732 601 782 carentes
635 727 800 798 huiusmei
827 727 947 794 lumine,
1003 726 1105 780 merite
1121 727 1280 796 responden
1304 741 1354 779 um
1377 730 1420 780 est
1448 725 1510 780 tibi.
1547 725 1621 780 Dicis
1653 726 1748 797 prime
1771 727 1851 798 quod

101 799 295 866 scilicetlidei‚
307 805 442 854 corruent
458 798 487 852 in
515 797 568 852 eis.
597 799 629 852 ln
654 798 749 852 Veteri
767 798 948 853 Testamente
1002 797 1205 850 intersensum
1225 796 1584 867 litteralemetmystieum
1611 813 1669 850 non
1698 801 1742 851 est
1760 797 1851 879 pessi·

101 872 193 927 tudaei
206 870 309 926 Christi
319 868 551 939 contemporanei
559 868 634 922 cirea
653 868 818 938 hujusmodi
834 885 949 923 sensum
1003 867 1068 922 bilis
1082 866 1266 938 comparatio.
1279 868 1358 932 ered
1378 867 1457 921 valde
1481 867 1713 922 irrationabiliter
1743 868 1851 923 dictum

103 943 256 998 litteralem
276 940 473 1010 multipliciter
499 938 651 995 errabant:
672 940 744 995 slcut
768 944 796 994 et
819 938 949 994 moderni
1003 942 1105 1009 reputo
1123 943 1207 1004 :tuns
1222 937 1290 1009 quia
1305 942 1336 991 tu
1351 937 1412 1007 ipse
1426 938 1577 1008 praedictos
1590 954 1688 992 sensus
1700 954 1851 1009 compares

126 1013 233 1067 riorum
260 1027 377 1066 suorum
405 1025 530 1065 errorem
554 1015 716 1081 sequentes,
745 1014 778 1064 ut
791 1009 821 1064 iu
853 1010 951 1065 multis
1004 1010 1040 1063 ed
1065 1008 1206 1062 invicem:
1239 1007 1385 1062 asseruisti
1412 1008 1488 1062 euim
1515 1009 1591 1079 quod
1623 1024 1723 1063 sensus
1746 1009 1851 1080 mysti-

103 1030 174 1138 fecis
204 1081 349 1152 Evangelii
373 1085 460 1151 patet.
487 1080 567 1135 Unde
586 1082 616 1134 iu
642 1080 792 1151 preceptis
811 1080 950 1151 decalogi,
1004 1095 1055 1132 cus
1070 1083 1113 1133 est
1134 1078 1258 1149 dignior,
1273 1083 1626 1150 etpcrconsequenssuut
1642 1080 1851 1150 comparabiles

106 1170 171 1226 quae
186 1157 252 1206 sunt
265 1151 434 1223 principalia
449 1151 525 1205 inter
539 1151 610 1220 legis
624 1157 776 1222 precepta,
793 1150 822 1204 in
838 1155 951 1205 tantem
1006 1164 1057 1220 per
1068 1155 1096 1203 te
1111 1154 1191 1215 ;tnm
1206 1149 1274 1220 quia
1289 1150 1384 1203 nullus
1409 1149 1617 1203 rationabiliter
1625 1166 1730 1221 negare
1754 1154 1853 1220 posset

105 1224 248 1291 errabant,
262 1222 339 1292 quod
355 1238 406 1294 per
420 1225 563 1294 precepta
575 1222 610 1276 dc
624 1221 821 1276 observatione
841 1222 952 1276 sabbati
1006 1224 1162 1274 createrem
1178 1235 1238 1274 esse
1253 1219 1415 1291 digniorem
1438 1225 1577 1286 creatura,
1604 1221 1739 1275 distantia
1754 1227 1853 1276 antem

105 1293 305 1364 intelligebant
325 1292 473 1364 prohiberi
502 1292 537 1346 ad
561 1291 696 1360 litteram,
713 1308 749 1347 ne
791 1293 834 1346 uis
849 1293 953 1347 insub·
1005 1290 1252 1345 interereaterem
1277 1295 1305 1344 et
1330 1296 1490 1345 ereaturam
1512 1291 1623 1345 excedit
1648 1306 1853 1415 quamcunque

106 1366 171 1420 bato
185 1364 349 1436 proximum
368 1379 452 1417 suum
465 1366 586 1428 cureret,
606 1363 682 1435 qued
698 1363 779 1418 estin
802 1378 951 1428 umanum
1006 1361 1169 1417 distantiam
1184 1362 1316 1416 interrae
1330 1367 1446 1427 creatas,
1463 1366 1494 1415 ut
1507 1367 1550 1415 est
1571 1362 1647 1416 mani
1661 1367 1754 1416 estum
1768 1378 1775 1430 ;
1791 1368 1853 1417 tum

106 1436 141 1491 de
158 1435 216 1506 quo
230 1433 454 1489 confutabateos
470 1432 606 1497 Christus,
619 1434 773 1488 ostendens
789 1435 866 1505 qnod
889 1434 955 1489 licet
1006 1432 1093 1486 etiam
1108 1433 1178 1503 quia
1192 1431 1240 1486 isti
1259 1432 1317 1486 due
1331 1448 1441 1500 seusus,
1458 1432 1492 1486 de
1520 1432 1624 1512 quihus
1646 1433 1769 1504 agimus,
1787 1437 1855 1488 sunt

106 1507 136 1561 in
152 1504 276 1560 sabbatis
286 1504 360 1559 bona
374 1504 477 1570 lacere,
494 1503 590 1558 dicens
606 1519 637 1557 :a
653 1504 722 1568 Quis
737 1520 770 1560 ex
799 1503 879 1560 vobis
903 1505 953 1576 qui
1008 1503 1117 1573 speeies
1150 1502 1200 1556 sud
1231 1518 1336 1569 genere
1368 1503 1554 1573 expositionis
1585 1519 1672 1558 sacrae
1699 1503 1855 1574 Scriptura

109 1576 224 1631 «habet
242 1590 330 1630 uuam
365 1590 458 1643 ovem,
496 1579 525 1628 et
554 1574 578 1628 si
606 1575 740 1630 ceciderit
766 1576 797 1630 in
829 1574 954 1629 sabbatis
1008 1578 1159 1639 contentae,
1176 1579 1207 1626 ut
1233 1578 1311 1645 patet
1333 1589 1385 1644 per
1407 1589 1506 1627 omnes
1536 1574 1663 1628 docteres
1682 1574 1718 1628 de
1745 1575 1857 1629 hoclo-

108 1647 242 1716 albiettls.
259 1646 340 1714 xrs),=›
357 1650 410 1700 etc.
424 1644 562 1700 Similiter
575 1644 605 1698 in
614 1645 769 1701 homicidio
794 1662 852 1700 uon
870 1645 954 1700 intel·
975 1648 1138 1715 Bquentes,
1155 1649 1185 1697 ut
1201 1644 1316 1709 Dedam,
1332 1645 1522 1713 tergestinum
1534 1648 1563 1698 et
1575 1645 1656 1699 elios.
1685 1645 1763 1699 Nihil
1777 1645 1856 1699 enirn

106 1717 233 1788 ligabant
242 1716 399 1787 prohiberi,
415 1715 471 1769 nisi
485 1715 656 1771 occisionem
675 1717 800 1787 corporis
824 1716 954 1772 humani:
1008 1713 1140 1785 prohibet
1156 1715 1232 1786 quod
1245 1715 1320 1769 sicut
1333 1714 1461 1769 dicemus
1475 1714 1598 1785 speciem
1618 1715 1776 1771 humanam
1796 1730 1858 1770 esse

107 1787 211 1859 quibus
234 1787 346 1857 aperuit
374 1786 512 1841 Dominus
536 1802 661 1853 sensum,
688 1802 816 1851 assereus
839 1802 955 1842 omnem
1009 1785 1169 1855 digniorem
1190 1785 1295 1839 brutali
1323 1801 1375 1840 seu
1404 1785 1574 1851 irrationali,
1611 1785 1650 1840 sic
1676 1787 1753 1857 quod
1781 1802 1857 1840 unus

106 1857 238 1930 iniquum
262 1862 373 1911 motem
397 1857 432 1911 ad
459 1857 620 1911 nocendum
650 1857 774 1912 iratriin
806 1857 957 1913 homicidii
1009 1871 1108 1909 seusus
1142 1855 1304 1927 exponendi
1340 1872 1448 1910 sacram
1489 1856 1665 1927 Scriptorum
1703 1856 1739 1910 sit
1766 1857 1857 1912 altero

108 1944 213 1998 genere
227 1927 331 1982 debere
354 1928 494 1999 deputari,
529 1928 587 1982 llee
611 1927 688 1983 idere
708 1929 833 1983 declarat
849 1932 958 1999 Augus
1010 1926 1133 1996 dignior.

108 1999 305 2054 stinuscentra
327 1999 460 2053 Faustum
482 1999 517 2053 de
541 1997 675 2052 omnibus
701 1998 768 2066 illis,
791 1999 826 2054 de
853 2000 957 2071 quibus
1045 1999 1268 2067 consequenter,
1286 1996 1354 2068 quia
1368 1996 1495 2051 dixeram
1509 1997 1540 2051 in
1568 1997 1751 2052 conclusione
1778 1996 1856 2068 quod

109 2070 214 2125 dicitur
234 2069 264 2123 in
289 2069 490 2139 Euangeliou
516 2069 642 2124 Audistis
676 2071 744 2141 quia
783 2070 890 2125 dietum
915 2073 958 2125 est
1010 2067 1337 2122 sensuslittcralisesset
1361 2067 1475 2138 dignior
1503 2083 1537 2122 ex
1566 2074 1647 2139 parte
1666 2068 1856 2134 extensionis,

110 2139 308 2211 «antiquiss
333 2138 472 2195 Errabant
502 2141 587 2194 etiam
625 2139 698 2194 circa
725 2140 957 2211 praeceptumde
1010 2155 1044 2192 ee
1061 2138 1139 2208 quod
1154 2138 1291 2209 quaelibet
1309 2138 1467 2208 propositio
1482 2154 1568 2192 saorra
1589 2138 1742 2208 Scriptura
1770 2139 1859 2194 babet

108 2211 297 2267 honoratione
310 2214 470 2281 parentum,
495 2208 609 2265 irritum
639 2210 773 2266 incientes
795 2211 846 2267 Dei
874 2227 957 2266 man·
1011 2224 1125 2263 sensum
1142 2210 1402 2264 lttteralemrerum
1420 2225 1427 2263 :
1448 2225 1547 2263 sensus
1570 2225 1637 2263 vere
1663 2208 1774 2281 mystici
1797 2223 1858 2264 uon

109 2284 209 2337 datram
240 2285 358 2352 propter
390 2280 573 2335 traditionem
615 2287 751 2348 suam,ut
791 2281 959 2337 testificatur
1011 2296 1040 2334 sc
1056 2279 1211 2334 extendunt
1233 2280 1268 2333 ad
1296 2284 1385 2333 totam
1412 2296 1519 2334 sueram
1544 2280 1739 2350 Scripturam;
1759 2284 1859 2335 contra

110 2350 233 2408 blattheei
245 2368 278 2405 xv
292 2356 321 2405 et
336 2351 421 2406 hlarci
435 2367 562 2422 ore;qna
588 2353 697 2407 ratione
721 2353 846 2407 ostendit
874 2352 959 2406 decis
1012 2350 1233 2422 quoddicissic:
1253 2351 1336 2405 Fallit
1369 2350 1455 2418 istud,
1486 2366 1551 2404 cum
1580 2354 1682 2405 cuncta
1705 2350 1858 2405 sacrae-lo·

109 2422 318 2478 dictumluisse
343 2437 396 2492 per
415 2421 532 2477 isaiam:
560 2422 710 2493 «Populus
736 2423 782 2477 hic
812 2423 893 2477 labiis
913 2439 958 2477 me
1012 2415 1250 2492 quiaplcnasint
1280 2420 1433 2475 Dominicis
1454 2421 1649 2475 sacramentis.
1681 2421 1730 2476 llic
1752 2420 1860 2476 videris

111 2493 298 2557 «honorate
317 2497 369 2547 etc.
386 2493 550 2563 Superque
571 2493 675 2547 etaliis
694 2493 839 2549 erroribus
855 2493 959 2564 quibus
1011 2491 1155 2545 involvere
1180 2491 1334 2546 sententias
1373 2507 1426 2563 per
1458 2492 1653 2562 acceptionem
1682 2491 1768 2561 hujus
1790 2489 1860 2546 dicti

110 2563 294 2619 adherebant
324 2562 354 2616 in
382 2579 467 2617 sensu
500 2562 613 2617 litterati
632 2580 719 2618 sacrae
738 2563 891 2645 Scriptura
909 2564 959 2619 de·
1012 2562 1262 2628 sacromentum;si
1289 2562 1367 2616 enim
1393 2561 1535 2632 acciperes
1559 2568 1768 2616 sacramentum
1791 2577 1861 2643 pro-

111 2633 299 2699 licientes,de
318 2632 360 2688 eis
388 2633 496 2688 ibidem
520 2634 807 2692 concluditzeCsecr
834 2640 910 2700 sunt,
931 2637 960 2689 et
1013 2632 1085 2703 pria,
1103 2637 1133 2686 ut
1158 2631 1299 2704 significet
1321 2638 1496 2687 sacramenta
1521 2649 1601 2688 novae
1630 2633 1743 2704 legiset
1770 2638 1858 2688 etrum

113 2705 220 2759 «duces
243 2719 393 2758 caeeorum.
424 2703 528 2758 sUude
566 2705 677 2760 cacitas
716 2705 841 2772 lrrdaica,
872 2721 958 2776 quam
1013 2702 1126 2771 veleris,
1142 2702 1181 2756 sic
1192 2704 1296 2758 falsum
1321 2719 1488 2757 assumeres.
1517 2704 1692 2759 idultaenim
1723 2704 1861 2758 suutelo·

111 2775 238 2831 Christus
266 2775 410 2845 reprobat,
426 2773 500 2828 circa
529 2775 632 2830 laisum
657 2775 835 2831 intellectum
860 2791 959 2829 senssrs
1013 2774 1247 2844 quiainquibus
1273 2774 1351 2828 nulla
1378 2774 1411 2828 lit
1425 2774 1533 2828 mentio
1561 2774 1595 2828 de
1619 2774 1814 2842 sacramentis,
1830 2774 1861 2828 in

111 2845 244 2901 litteralis
264 2845 402 2899 consistit.
438 2846 617 2900 Patetetiam
648 2846 703 2901 boc
730 2863 784 2917 per
810 2847 959 2917 praedietas
1013 2853 1183 2916 quoeunque
1203 2861 1287 2899 seusu
1307 2845 1376 2898 talia
1395 2844 1509 2916 eloquia
1534 2850 1694 2899 sumentur.
1719 2845 1747 2900 Si
1764 2850 1861 2899 antem

111 2915 293 2970 auctoritates
320 2915 428 2970 Veteris
468 2917 652 2983 Testamenti,
691 2933 761 2988 quas
799 2918 961 2972 Postillater
979 2931 1065 2997 Cper
1087 2920 1296 2969 sacramentum
1325 2914 1469 2986 intelligas
1499 2930 1610 2969 sacrum
1645 2921 1798 2982 secretum,
1830 2918 1863 2969 ut

111 2986 254 3057 allegarit,
270 3000 356 3056 super
386 2987 458 3041 illud
480 2987 650 3042 verbum:e
679 2989 853 3043 Scrutamini
882 2988 955 3043 Scri·
1013 2985 1133 3057 perhoc
1153 2984 1332 3057 intelligatur
1351 3001 1450 3040 sensns
1479 2985 1623 3057 mysticus,
1652 2986 1692 3040 sic
1720 2985 1862 3040 etiamse-

111 3063 209 3128 pturas
226 3073 233 3122 ς
250 3072 342 3126 equae
356 3056 472 3127 quidem
484 3060 664 3112 auctoritates
679 3060 836 3114 seeundum
856 3074 957 3112 rerum
1013 3072 1139 3110 sumeres
1150 3056 1422 3112 laisum.Dstensum
1447 3061 1490 3110 est
1512 3056 1635 3110 enimin
1663 3057 1787 3111 secundo
1813 3073 1861 3111 ar·

112 3142 226 3182 sensum
250 3125 403 3181 litteralem
427 3127 562 3198 mysteria
591 3128 697 3183 Christi
725 3129 898 3200 significant,
926 3133 959 3183 ut
1013 3128 1100 3180 ticulo
1112 3127 1285 3197 quaestionis,
1303 3126 1338 3180 de
1353 3142 1408 3197 qua
1426 3128 1531 3198 agitur,
1547 3127 1623 3199 qued
1646 3132 1714 3181 sunt
1731 3127 1862 3181 multain

111 3195 783 3338 ttlhlllhtl‘,tltlrllittblttt
806 3199 959 3341 'little
1014 3197 1638 3338 ztttbltlzt{stabilitates
1653 3198 1863 3338 ,litabat

112 3353 401 3407 easexpressamnon
428 3343 565 3393 verentur
591 3313 695 3409 negare
712 3341 809 3406 ;unde
824 3345 899 3394 recte
918 3339 960 3393 eis
1014 3339 1049 3392 ad
1073 3338 1208 3393 litteram.
1239 3337 1267 3392 Si
1291 3343 1386 3393 autem
1412 3354 1463 3409 per
1489 3343 1698 3393 sacramentum
1726 3338 1863 3410 intelligis

112 3408 263 3464 diciturzs
288 3407 461 3463 Scrutamini
487 3408 648 3480 Scripturas
658 3428 690 3474 ς»
706 3410 734 3465 id
750 3415 792 3465 est
807 3411 960 3481 diligenter
1015 3424 1215 3480 quemcunque
1230 3424 1339 3463 sacram
1357 3409 1525 3476 doctrinam,
1541 3410 1689 3465 sievcrum
1712 3410 1794 3477 dieis,
1814 3409 1863 3464 sed

113 3479 252 3534 attendite
264 3494 363 3533 verum
374 3494 489 3533 sensum
505 3481 659 3534 litteralem
674 3480 753 3534 ineis
781 3485 957 3536 contentum.
1015 3479 1086 3534 nihil
1101 3479 1169 3534 iacit
1182 3484 1281 3534 contra
1296 3496 1352 3546 me,
1365 3479 1433 3551 quia
1452 3481 1482 3534 in
1496 3480 1552 3534 illis
1566 3481 1695 3551 passibus
1710 3481 1739 3534 iu
1759 3479 1864 3551 quibus

114 3553 184 3605 ltem
200 3550 404 3605 attendendum
419 3550 495 3621 qued
511 3550 663 3621 quiaiutcr
677 3552 828 3623 predictos
851 3567 961 3606 errores
1016 3551 1093 3604 selus
1121 3566 1221 3604 seusus
1245 3549 1374 3605 litteralis
1398 3552 1571 3621 quarendus
1602 3556 1653 3618 est,
1686 3556 1752 3605 sunt
1774 3551 1864 3606 multa

113 3620 301 3692 periculosior
332 3626 393 3675 erat
417 3636 498 3675 error
533 3622 607 3676 eirca
629 3623 823 3693 cognitionem
846 3622 960 3690 Christi,
1016 3637 1094 3675 sacra
1103 3621 1274 3676 documenta
1293 3622 1327 3676 de
1356 3621 1411 3675 lide
1431 3638 1482 3676 seu
1505 3621 1641 3690 moribus,
1670 3622 1864 3694 proutdedu·

115 3691 189 3746 eirca
217 3705 304 3762 quam
327 3691 553 3761 pertinacissime
575 3708 604 3746 se
640 3693 807 3760 habebant;
841 3698 963 3748 testatur
1017 3696 1094 3746 ctum
1109 3691 1278 3762 luitsupra;
1295 3696 1324 3746 et
1341 3693 1380 3745 sic
1400 3697 1480 3762 patet
1527 3693 1582 3747 ued
1611 3692 1736 3748 extensio
1764 3708 1865 3747 sensus

116 3762 194 3816 enim
209 3762 466 3831 Lucasquodcum
489 3763 531 3817 eis
555 3763 643 3818 semel
672 3762 861 3835 insyuagega
890 3763 962 3818 illud
1017 3762 1148 3817 litteralis
1168 3767 1223 3816 stat
1237 3762 1267 3816 in
1278 3763 1365 3816 sueri
1388 3780 1456 3830 ore;
1478 3708 1576 3818 sadud
1601 3764 1802 3833 probationem
1823 3763 1866 3817 tui

118 3831 197 3887 lsaiae
224 3846 269 3886 exi
287 3847 323 3887 ;ι
360 3832 482 3902 Spiritus
510 3835 624 3888 Domini
650 3850 737 3904 super
760 3851 826 3903 me;
845 3846 964 3907 prepter
1018 3832 1167 3903 assumpti,
1182 3832 1289 3887 seilicet
1301 3850 1340 3959 pu
1406 3849 1504 3888 sensus
1531 3834 1642 3904 mystici
1673 3834 1868 3889 extendantur

119 3902 226 3974 «quod
250 3903 332 3956 unxit
352 3919 397 3958 me
427 3905 621 3974 evangelizare
647 3904 832 3976 pauperibus,
859 3912 962 3972 sete,
1019 3904 1158 3958 adtetam
1173 3919 1281 3958 sacram
1321 3904 1489 3974 cripturam,
1505 3904 1546 3958 aie
1564 3906 1693 3976 allegas:
1722 3907 1799 3959 lianc
1818 3920 1868 3959 ex·

118 3978 282 4044 exponeret,
292 3975 327 4028 de
340 3975 434 4045 seipse
449 3975 663 4036 luissedictum.
677 3976 964 4048 finalitcrejeceruml
1020 3974 1179 4029 tensionem
1208 3975 1325 4046 spiritus
1349 3991 1435 4042 supra
1459 3976 1582 4029 litterum
1605 3975 1737 4046 cognovit
1762 3977 1877 4030 Paulus¹

118 4046 199 4100 illum
214 4049 294 4099 extra
308 4045 461 4111 civitatem,
479 4051 511 4101 ut
531 4047 742 4116 praecipitarent
756 4063 822 4101 eum
847 4046 965 4114 ;merite
1020 4061 1085 4099 cum
1109 4045 1355 4101 dixit:e0mnia
1383 4046 1413 4099 in
1449 4045 1549 4116 liguris
1582 4045 1784 4116 contingebant
1811 4044 1870 4101 illis

118 4116 207 4186 igitur
231 4115 336 4169 talibus
358 4116 487 4170 Christus
514 4117 644 4178 dicebat:
662 4137 676 4169 e
697 4117 868 4173 Scrutamini
890 4117 965 4172 Scri·
1023 4117 1148 4184 «licor.
1165 4116 1232 4183 x),»
1258 4133 1316 4170 uou
1345 4116 1436 4171 selum
1465 4116 1579 4186 scripta,
1604 4117 1653 4171 sed
1679 4116 1765 4170 etiem
1793 4131 1868 4188 que-

120 4186 346 4256 pturas;uquia
360 4186 384 4239 si
396 4187 495 4242 talium
515 4187 726 4258 Scripturarum
754 4205 868 4243 sensum
893 4189 966 4243 litte·
989 4202 1136 4282 l,cunque
1159 4187 1314 4241 aliomedo
1330 4187 1442 4242 tradita.
1469 4189 1534 4242 llaec
1562 4187 1715 4241 aucteritas
1736 4188 1828 4254 Pauli,
1844 4186 1869 4242 si

121 4255 209 4309 ralcm
224 4271 322 4309 venam
350 4256 527 4324 habuissent,
549 4258 745 4313 testimonium
771 4275 870 4313 verum
894 4259 970 4313 inre·
1022 4258 1095 4312 bene
1111 4257 1249 4323 attendas,
1265 4258 1336 4312 nihil
1353 4258 1420 4311 lacit
1433 4264 1532 4313 contra
1546 4274 1602 4312 me.
1629 4259 1765 4329 Loquitur
1788 4258 1870 4313 enim

121 4326 231 4379 uisseut
249 4326 283 4379 de
299 4326 422 4393 Christe,
448 4333 477 4381 et
503 4328 785 4398 ideesubjungit:‹
818 4330 875 4384 lllae
903 4334 971 4383 snut
1024 4328 1109 4382 ibide
1123 4327 1211 4407 gestis
1235 4329 1333 4399 pepuli
1350 4330 1524 4383 tantumsub
1543 4329 1661 4399 antique
1686 4329 1868 4384 Testamente

124 4418 134 4444 ι
152 4411 216 4467 quae
231 4395 429 4450 testimonium
442 4397 594 4468 perhibent
608 4399 643 4452 de
658 4414 713 4453 me.
729 4419 742 4450 e
762 4397 969 4454 Testimonium
1023 4399 1161 4468 degentes,
1179 4414 1301 4468 querum
1312 4400 1368 4452 vita
1383 4405 1443 4453 erat
1457 4399 1624 4470 prophetica
1641 4416 1647 4454 :
1664 4400 1740 4454 unde
1766 4416 1869 4454 narra·

121 4473 217 4520 autem
246 4482 262 4520 a
285 4483 363 4520 sacra
382 4467 527 4538 Scriptura
553 4484 609 4521 non
638 4469 760 4524 habetur
780 4475 889 4524 certum
914 4469 969 4524 uisi
1024 4469 1061 4522 tis
1076 4470 1104 4522 in
1119 4470 1220 4523 eodem
1236 4471 1359 4540 capitulo
1372 4470 1543 4542 quibusdam
1563 4486 1663 4524 eorum
1678 4471 1777 4541 gestis,
1808 4476 1869 4526 tam

122 4553 262 4592 exsensu
297 4538 423 4604 litterali,
451 4544 482 4593 ut
519 4541 697 4609 Augustinus
718 4540 748 4595 in
772 4540 870 4595 multis
900 4541 969 4594 loris
1023 4540 1052 4594 in
1077 4541 1196 4594 transitu
1226 4541 1313 4595 mans
1341 4542 1492 4612 quamsub
1517 4541 1604 4605 nube,
1630 4546 1658 4596 et
1689 4539 1867 4612 hujusmodi,

121 4612 250 4676 testatur,
1024 4611 1184 4665 concludit:
1198 4630 1212 4660 α
1228 4612 1292 4665 llaec
1305 4619 1401 4665 autem
1418 4614 1514 4668 omnia
1536 4612 1739 4684 contingebant
1765 4611 1823 4666 illis
1836 4611 1870 4666 in

158 4679 236 4735 ldem
260 4683 338 4760 pelet
362 4679 393 4734 in
429 4680 507 4735 Nero
531 4681 723 4748 Testamente,
750 4681 820 4736 Nam
851 4681 874 4736 si
887 4681 969 4736 Anus

122 4765 221 4804 verum
248 4750 400 4805 litteralem
425 4766 539 4805 sensum
565 4750 712 4805 habuisset
750 4752 836 4824 hujus
868 4753 935 4807 dicti
960 4769 967 4808 :

124 4838 138 4869 a
152 4821 209 4890 Ege
225 4827 253 4876 ct
267 4823 350 4876 Pater
364 4837 455 4876 uuum
475 4837 582 4889 sumna,
596 4841 610 4872 o
630 4821 703 4876 hauc
715 4828 810 4877 autern
829 4823 968 4879 unitatem

122 4890 310 4970 intelligendo
342 4893 372 4947 in
392 4893 487 4947 divina
520 4896 645 4959 natura;
670 4893 802 4948 similiter
828 4898 855 4948 et
882 4895 970 4965 hujus

123 4960 192 5014 diets
210 4976 243 5015 :s
272 4965 357 5018 Pater
387 4964 479 5034 major
499 4978 544 5018 me
564 4969 643 5026 est.»
662 4979 761 5020 verum
791 4964 969 5020 intellectum

122 5030 276 5097 habuisset,
296 5033 483 5105 intelligendo
508 5035 697 5106 majoritatem
715 5040 842 5107 respectu
858 5042 969 5091 naturae

123 5107 286 5172 assumpta,
302 5119 360 5158 uon
374 5105 528 5159 corruisset
541 5106 571 5161 in
584 5105 714 5161 haeresim
736 5122 817 5161 suam
848 5107 967 5161 damna·

121 5177 191 5226 tam.
206 5172 259 5228 Sed
275 5173 343 5297 quie
358 5176 493 5255 praedicta
508 5176 590 5231 aliter
616 5176 757 5231 intellexit
779 5178 812 5232 ad
844 5177 968 5234 litteram

122 5258 209 5312 quam
236 5248 280 5297 cat
303 5243 368 5297 olscr
384 5245 493 5314 Spiritu
515 5253 613 5302 sancte
637 5247 792 5303 illuminati
819 5247 967 5303 intellexe-

122 5318 198 5373 ruut,
215 5314 310 5394 lapsus
324 5314 406 5370 estin
420 5316 566 5387 laqueum.
581 5319 612 5373 Et
626 5318 666 5373 sic
685 5324 762 5391 patet
793 5318 870 5391 qued
895 5319 969 5374 circe

122 5399 220 5438 rerum
245 5385 422 5440 intellectum
454 5387 608 5443 litteralem
637 5389 784 5462 Evangelii
816 5389 968 5461 praedictus

121 5469 200 5509 error
214 5455 357 5539 censistit:
383 5456 461 5513 etsie
478 5458 700 5530 intelligendum
725 5467 768 5517 est
783 5462 818 5516 de
834 5460 907 5515 aliis.
928 5462 968 5516 Ex

121 5530 459 5679 qnp'partipsrpitcsiqtrppdd
474 5615 532 5655 non
555 5599 641 5655 satiat
652 5605 686 5683 'te
708 5601 826 5674 primun
845 5601 968 5658 decisio·

120 5684 165 5724 ms
178 5685 262 5733 mese,
274 5686 327 5726 nec
341 5671 509 5737 secundum,
524 5686 577 5726 nec
593 5675 722 5741 tertam,
744 5689 797 5728 nec
821 5678 967 5745 quartum,

120 5754 173 5797 nec
186 5741 331 5815 quintum.
351 5741 432 5799 Circa
445 5741 556 5815 quodsi
570 5741 743 5798 ostendisses
754 5744 895 5800 rationem
910 5749 968 5800 tuae

1025 4699 1039 4733 e
1055 4682 1164 4752 ligure:
1181 4699 1196 4733 e
1212 4682 1273 4737 Non
1288 4682 1365 4736 euim
1381 4683 1453 4736 dixit
1471 4684 1575 4750 selom,
1602 4683 1699 4737 omnia
1722 4683 1871 4753 continge·

1024 4751 1103 4818 bant,
1119 4752 1167 4806 sed
1183 4768 1248 4806 eum
1263 4753 1315 4806 bae
1327 4753 1480 4820 additione,
1499 4755 1701 4808 «Haerentem
1726 4751 1834 4818 omnia,
1855 4772 1868 4800 s

1024 4823 1235 4878 utestenderet
1262 4839 1292 4878 se
1316 4823 1350 4877 de
1379 4823 1435 4877 illis
1449 4829 1478 4877 et
1504 4824 1645 4879 similibus
1668 4822 1870 4878 tantummode

1023 4893 1113 4965 lequi.
1126 4893 1262 4950 Similiter
1290 4910 1347 4948 nou
1366 4893 1471 4948 dicitur
1490 4895 1565 4965 qued
1580 4894 1680 4957 omnia,
1700 4894 1877 4949 dicebantur

1023 4965 1081 5018 illis
1105 4964 1135 5018 in
1162 4965 1265 5035 ligura,
1288 4964 1363 5019 sede
1383 4964 1478 5018 contin
1501 4966 1603 5034 ebant;
1619 4985 1633 5016 a
1649 4964 1678 5019 in
1701 4980 1758 5036 que
1775 4963 1870 5021 mani·

1024 5036 1093 5090 leste
1109 5035 1234 5090 ostendit
1249 5035 1325 5107 qnod
1336 5035 1463 5107 loquitur
1476 4979 1511 5090 ge
1523 5036 1609 5105 gestis
1625 5035 1871 5162 contingentibus!

1024 5110 1188 5160 nouantem
1208 5106 1340 5162 revelatis
1358 5122 1408 5160 sen
1423 5106 1572 5177 praeceptis
1590 5106 1707 5161 eisdem.
1749 5105 1851 5177 umqui

1024 5176 1098 5248 qued
1126 5177 1231 5231 dicitur
1258 5177 1288 5232 iu
1315 5177 1403 5232 veteri
1430 5178 1537 5247 leget»
1561 5177 1646 5244 hredi,
1679 5178 1777 5239 lsrael,
1794 5178 1872 5233 Deus

1023 5252 1173 5302 letrannus
1192 5251 1235 5302 cst
1248 5249 1336 5318 (Deest.
1353 5250 1403 5315 vil,
1422 5268 1433 5296 ι
1450 5249 1634 5319 contingebat
1652 5248 1693 5302 eis
1709 5248 1738 5302 in
1752 5247 1872 5318 ligura?

1022 5319 1065 5373 vel
1092 5317 1170 5391 quod
1195 5318 1348 5374 diciturzc
1382 5318 1488 5390 Diliges
1521 5318 1673 5373 Dominum
1709 5319 1798 5373 Deum
1836 5334 1871 5373 ex

1025 5410 1038 5439 a
1055 5393 1114 5444 ῖοῖο
1128 5390 1213 5445 corde
1223 5394 1283 5456 tue,
1300 5409 1315 5443 s
1331 5395 1360 5445 et
1373 5389 1537 5471 hujusmodi
1552 5397 1581 5445 et
1595 5390 1634 5445 sic
1650 5390 1685 5445 de
1707 5388 1872 5445 similibus?

1023 5460 1123 5515 llbsit:
1141 5460 1180 5516 ibi
1209 5461 1286 5515 solus
1304 5461 1433 5517 litterales
1452 5476 1553 5515 sensus
1570 5466 1614 5516 est
1636 5461 1810 5533 quaerendus
1823 5474 1871 5515 se·

1023 5530 1150 5586 cundum
1179 5532 1350 5587 sententiam
1372 5531 1535 5603 Augustini.
1566 5533 1598 5587 Et
1611 5547 1645 5587 ex
1659 5532 1712 5586 hec
1737 5531 1871 5586 conside·

1022 5601 1133 5658 ratione
1147 5601 1252 5658 clarius
1265 5606 1346 5675 patet
1366 5601 1586 5677 praeeminentia
1611 5617 1711 5658 sensns
1738 5600 1873 5664 litteralis

1022 5673 1180 5730 secundum
1193 5672 1408 5730 extensionem:
1428 5671 1557 5728 extendit
1574 5673 1690 5729 enimse
1704 5672 1741 5728 ed
1768 5676 1873 5728 sumo·

1021 5744 1121 5800 ritates
1133 5743 1319 5814 notabiliores
1330 5747 1359 5799 et
1380 5743 1596 5800 excellentiores
1610 5760 1697 5800 sacra
1715 5741 1873 5817 scripturis
