3892 6106
143 221 196 275 359
457 219 655 276 wstnrutttt
675 222 798 278 srtmttl
819 223 921 280 reto.
943 226 1027 283 tlon.
1047 226 1123 283 OPP.
1146 226 1234 281 PARS
1254 226 1275 281 l.
1296 255 1330 264 -
1349 225 1575 283 rfltotoetcs.
1846 234 1898 287 tuo

141 344 331 400 immoderata
344 341 493 408 subtilitas,
514 358 578 413 quae
608 344 672 414 plus
700 360 787 414 quam
815 349 1025 417 oportetreld
1079 350 1160 403 Vens.
1185 349 1220 403 24
1237 349 1577 418 -tocntnsestltoasss-
1595 352 1648 404 ⁰¹0·
1680 351 1769 423 M⁰i⁵i
1802 353 1899 425 digni·

141 434 222 490 decet
254 447 427 495 excrescens,
457 429 574 485 actionis
598 432 746 486 confundit
778 434 988 491 rectitudinem.
1044 440 1133 492 tatem
1148 436 1351 492 commendat:
1374 436 1436 490 aliis
1464 438 1541 492 enim
1568 454 1668 509 pauca,
1697 439 1753 511 ipsi
1776 445 1899 499 verole-

177 522 258 577 Vens.
277 520 509 587 tlt-Sistens
532 519 612 591 pede.
633 521 735 591 (isica.)
751 522 805 587 Qui
839 524 912 578 viam
940 526 991 580 liei
1045 525 1145 596 quitur
1156 527 1228 579 licus
1243 525 1349 592 omnia,
1366 524 1536 596 quiajustus
1559 530 1601 580 est
1629 533 1658 582 et
1671 527 1768 601 imago
1794 531 1900 603 Christi

140 613 491 683 pergerenonpotestet
518 609 585 664 boni
614 610 709 680 operis
736 627 833 665 exsors
864 621 915 681 est,
932 632 990 668 nou
1045 616 1298 685 estNonqooque
1322 618 1419 667 monet
1447 613 1604 684 majoribus
1630 620 1659 670 et
1681 618 1900 688 perfectioribus

140 705 172 755 ut
186 700 313 764 claudus,
330 697 380 769 qrri
395 697 496 751 saltem
509 713 575 751 cum
590 696 758 753 infirmitate
774 700 899 755 tenebat.
1045 703 1200 770 attendere,
1214 703 1264 774 qui
1276 701 1409 756 continue
1419 700 1554 756 fruuntur
1569 708 1677 759 aeterua
1690 706 1811 764 risione.

176 792 256 844 Vens.
273 790 317 842 tt).
333 817 369 828 —
383 786 415 841 Si
428 787 533 853 pietus.
552 786 616 856 (lu.)
647 787 772 841 Terrena
799 789 990 847 sollicitudine
1382 835 1496 890 CApUp
1510 835 1577 890 χχῃ

140 894 255 951 pressus
269 876 305 931 ad
321 891 445 948 superna
458 891 516 929 non
526 875 692 946 respiciens,
715 875 852 933 interiora
879 883 990 935 tantum

139 966 305 1039 inspiciens.
1079 963 1160 1018 Varis.
1171 967 1198 1017 t.
1216 993 1247 1002 -
1262 963 1392 1033 Quaeipsi
1410 961 1536 1032 offerunt,
1553 969 1607 1018 ete.
1634 964 1702 1029 Qum
1731 965 1897 1023 obtulerent

174 1055 207 1109 Si
221 1055 323 1123 lippus.
339 1051 454 1122 lippus,
471 1050 551 1122 cujus
565 1050 714 1122 ingenium
729 1051 764 1106 ad
796 1053 989 1124 cognitionem
1044 1052 1151 1106 scilicet
1174 1051 1376 1120 sacerdotibus,
1404 1066 1457 1122 per
1496 1068 1544 1105 eos
1580 1053 1702 1107 Domino
1740 1055 1891 1114 atterenda.

138 1143 266 1199 veritatis
287 1141 399 1204 emieat,
429 1140 479 1195 sed
503 1140 631 1210 operatio
657 1141 777 1194 carnalis
802 1144 991 1200 obscurat.1n
1044 1143 1117 1197 Nota
1130 1140 1360 1196 sanctificationis
1374 1156 1464 1210 geum
1478 1141 1554 1211 quod
1565 1140 1598 1195 lit
1610 1148 1676 1196 roto
1690 1147 1719 1196 et
1744 1143 1893 1200 devotione

136 1232 224 1305 lippis
239 1231 317 1286 enim
333 1229 450 1301 pupillae
467 1244 543 1283 sanes
558 1233 634 1297 sunt,
650 1230 699 1284 sed
711 1230 831 1287 humore
846 1232 990 1290 defluente
1044 1230 1190 1284 offerentis
1206 1246 1212 1296 ;
1228 1229 1382 1283 sedulrum
1396 1228 1529 1284 homines
1548 1230 1649 1285 eodem
1674 1231 1759 1287 modo
1788 1233 1895 1304 seipsos

136 1321 283 1394 palpebra
299 1322 491 1390 grossescunt,
521 1318 602 1388 eujus
621 1318 719 1372 crebra
748 1319 891 1376 infusione
914 1323 990 1378 acies
1044 1318 1219 1373 sanctificare
1242 1318 1383 1387 dicantur,
1408 1333 1473 1372 eum
1501 1318 1531 1373 in
1548 1318 1644 1390 alique
1667 1335 1697 1375 re
1713 1320 1822 1393 seipsos
1848 1339 1894 1376 ro-

136 1409 223 1465 etiam
241 1407 359 1478 pupilla
375 1407 498 1459 ritiatur.
1044 1414 1121 1472 rent,
1133 1407 1340 1462 observandum
1354 1411 1404 1460 est.

170 1499 201 1554 Si
215 1498 379 1566 albuginem.
397 1497 462 1567 (ln.)
477 1495 648 1566 albuginem
679 1496 764 1550 lrabet
785 1499 834 1569 qui
864 1499 989 1553 veritatis
1080 1497 1359 1552 venat-tinnis
1385 1498 1460 1551 bomo
1487 1498 1536 1566 qui
1560 1501 1712 1563 accesserit,
1735 1502 1788 1554 etc.
1810 1501 1894 1565 Quasi

133 1586 228 1641 lucem
242 1587 336 1641 ridere
353 1601 411 1639 nou
429 1584 542 1651 sinitur,
558 1585 626 1654 quia
655 1589 818 1656 arrogantia
842 1588 988 1659 sapienties
1044 1600 1101 1638 non
1116 1585 1208 1638 solum
1233 1601 1250 1637 a
1269 1583 1428 1637 ministerio
1443 1589 1471 1637 et
1485 1584 1604 1655 mystico
1626 1585 1719 1641 officio
1742 1589 1894 1657 abstineat,

134 1678 308 1750 vcljustitiae
323 1681 454 1730 caecatur.
478 1673 590 1745 Pupilla
605 1675 682 1730 enim
710 1675 793 1745 nigra
813 1676 897 1740 ridet,
924 1678 988 1733 alba
1042 1673 1092 1727 sed
1107 1688 1160 1727 nec
1177 1677 1276 1743 tangat
1298 1688 1362 1743 quae
1381 1671 1476 1727 oblata
1502 1679 1579 1742 suut,
1610 1675 1736 1730 mundus
1767 1677 1895 1733 enimad

132 1765 379 1836 nouridet1qnia
393 1763 659 1818 sensushumannoe
675 1765 858 1835 cogitationis
883 1767 905 1820 si
920 1769 989 1822 stul·
1041 1762 1150 1816 munda
1173 1761 1411 1815 debetaccedere.

132 1859 194 1909 tum
210 1872 239 1909 se
253 1854 297 1908 rel
313 1857 491 1924 peecatorem
505 1851 650 1922 iutelligit,
667 1853 862 1922 coguitionem
877 1854 987 1909 intimae
1078 1853 1157 1904 l'aus.
1173 1853 1199 1906 4.
1216 1881 1250 1889 -
1274 1851 1326 1917 Qui
1350 1852 1437 1916 suerit
1460 1851 1589 1919 leprosus,
1614 1856 1666 1907 etc.
1689 1853 1751 1907 Non
1777 1856 1896 1909 sensibi-

132 1940 987 2013 elaritatisappreuendit:sicandoremjustitimvelsapicn-
1040 1939 1095 1992 lem
1111 1940 1258 2009 leprosum
1273 1938 1466 2004 abominatur,
1495 1938 1545 2010 qui
1574 1941 1680 1995 inritus
1707 1943 1825 2012 realiter,
1846 1946 1894 2000 sed

131 2029 575 2099 tiaesibiattribuit,asaperna
599 2029 763 2100 cognitione
789 2047 818 2084 se
848 2031 984 2085 excludit.
1039 2027 1236 2098 spiritualem:
1269 2026 1346 2098 quod
1375 2026 1416 2081 ibi
1443 2028 1585 2099 exponit:
1612 2029 1665 2096 Qut
1695 2035 1814 2098 tetigerit
1839 2037 1893 2087 im·

167 2118 433 2188 SiJ'ueemscabiem.
450 2116 512 2187 (ln.)
542 2116 595 2172 Cui
621 2117 727 2171 scilicet
748 2117 985 2188 petulantiacar-
1038 2116 1172 2171 mundum
1199 2131 1283 2185 super
1309 2121 1427 2184 mortuo,
1464 2116 1533 2182 sive,
1559 2117 1644 2189 juxta
1669 2119 1754 2175 lxx:
1783 2121 1893 2177 Omnem

130 2207 176 2262 nis
188 2207 250 2261 sine
274 2204 431 2260 cessatione
456 2204 619 2259 dominetur
648 2205 678 2259 in
710 2211 815 2260 mente.
847 2208 876 2260 ln
892 2208 985 2262 scabie
1038 2206 1241 2260 immunditiam
1254 2208 1361 2272 animae,
1375 2207 1404 2261 id
1421 2210 1464 2260 est
1478 2212 1634 2278 peccatum.

129 2293 517 2366 namqueferrorriseerum
539 2293 574 2347 ad
603 2298 697 2348 cutem
726 2294 861 2360 trahitur,
886 2295 983 2367 inquo
1073 2295 1192 2362 Εωᾳιιο,
1212 2297 1265 2348 etc.
1284 2295 1425 2363 (Hieron,
1440 2295 1572 2365 epistimi
1590 2296 1750 2368 Fabiolam.)
1770 2298 1799 2354 Si
1825 2301 1891 2372 quis

128 2384 242 2450 luxuria
262 2383 402 2455 signatur,
431 2381 500 2452 quia
528 2381 661 2436 similiter
675 2382 769 2437 cordis
801 2384 920 2438 tentatio
948 2385 982 2439 ad
1037 2383 1214 2437 sacerdotum
1231 2381 1754 2453 seminefluxerit,·usqueodnullius
1773 2389 1891 2444 alterius

127 2470 325 2543 operationem
339 2470 461 2541 prosilit.
1037 2487 1116 2525 more
1134 2475 1275 2525 teneatur.

163 2560 195 2616 Si
214 2562 398 2630 impetiginem
422 2561 451 2613 in
471 2573 590 2628 corpore.
623 2556 720 2629 (Gneo.
754 2557 842 2626 Post,
871 2566 945 2630 part.
962 2577 981 2626 r,
1072 2558 1154 2612 Vens.
1186 2561 1211 2613 9.
1243 2588 1277 2598 -
1304 2559 1475 2627 custodiant,
1504 2564 1556 2615 etc.
1594 2562 1736 2633 Praecepta
1775 2565 1890 2620 Domini

126 2663 188 2719 cap.
206 2650 262 2720 ll.)
279 2647 479 2720 Impetigiuem
501 2646 588 2701 habet
608 2646 638 2700 in
661 2663 790 2718 corpore,
807 2654 874 2714 ete,
897 2665 983 2718 usque
1037 2646 1262 2701 custodientibus
1275 2663 1308 2701 ea
1322 2663 1406 2702 cansa
1423 2651 1489 2702 suut
1500 2648 1716 2719 justificationis
1730 2657 1759 2706 et
1773 2653 1888 2719 salutis;

125 2739 163 2794 ed
178 2739 246 2809 quia
261 2737 424 2809 peremnia
440 2737 506 2790 vitia
530 2738 659 2790 animum
685 2738 859 2808 supplantat.
889 2739 982 2794 Radia
1035 2735 1312 2805 transgredientibus
1344 2753 1419 2804 vero,
1444 2737 1552 2808 peceati
1579 2744 1607 2793 et
1621 2741 1730 2809 mortis,
1746 2747 1776 2796 et
1788 2745 1889 2814 praeci-

125 2831 197 2882 enim
230 2829 349 2882 omnium
362 2826 496 2880 motorum
508 2829 547 2880 est
557 2826 697 2895 cupiditas
714 2826 738 2896 (l
763 2827 830 2880 Tim.
847 2826 893 2897 rr).
1034 2824 1130 2895 pueiu
1146 2824 1329 2894 perceptione
1350 2832 1525 2884 sanctorum.
1555 2827 1608 2892 Qui
1643 2831 1713 2883 enim
1740 2831 1891 2886 manducat

161 2916 209 2971 Vei
218 2917 368 2970 herniosus.
385 2913 451 2980 Atii,
465 2913 640 2982 ponderosus,
662 2914 730 2985 quia
757 2914 864 2969 scilicet
884 2915 976 2986 turpi·
1000 2918 1058 2980 cet
1073 2912 1140 2967 bibit
1154 2914 1275 2981 inntens,
1296 2913 1435 2983 judicium
1459 2914 1514 2970 sibi
1528 2916 1676 2974 manducat
1702 2922 1727 2972 et
1742 2920 1820 2985 bibit,
1833 2925 1887 2975 etc.

123 3005 253 3060 tudinem
270 3019 329 3058 non
343 3007 456 3057 exercet
470 3001 501 3054 in
525 3018 622 3072 opere,
653 3001 703 3055 sad
724 3002 818 3057 adbuc
843 3004 978 3058 continua
1032 3000 1196 3070 (idomas.)

20 3100 28 3114 '
124 3092 298 3164 cogitatione
312 3096 447 3161 gravator
460 3089 490 3143 in
505 3089 689 3161 mentezqui
704 3090 771 3144 totis
795 3091 976 3162 cogitationi·
1066 3092 1147 3145 Vens.
1179 3093 1221 3145 lb.
1257 3121 1292 3132 -
1323 3093 1480 3160 inquilinus
1506 3093 1664 3161 sacerdotis,
1688 3101 1742 3150 etc.
1776 3097 1883 3167 (lsrcu.)

122 3180 176 3236 bus
191 3181 228 3235 ad
243 3179 385 3234 lasciviam
396 3177 506 3245 delinit,
533 3183 670 3250 tanquam
697 3178 729 3233 in
752 3178 835 3234 corde=
863 3184 977 3252 gestans
1030 3176 1083 3243 Oui
1099 3195 1159 3233 non
1173 3195 1245 3250 pure
1260 3196 1312 3234 nec
1341 3180 1494 3251 diligenter
1522 3182 1553 3237 in
1582 3182 1704 3238 Ecclesia
1742 3193 1881 3254 versatur,

122 3270 239 3341 pondus
251 3265 447 3338 turpitudinis.
1029 3271 1168 3338 tanquam
1197 3267 1382 3338 migraturus,
1414 3269 1520 3325 scilicet
1545 3271 1644 3342 gloriae
1673 3278 1724 3327 aut
1755 3281 1884 3346 quaestus

159 3357 349 3410 versit-
383 3354 475 3411 Omriis
505 3356 554 3423 eui
582 3354 707 3408 babenti
732 3358 866 3412 maculam
892 3358 975 3423 Quis·
1029 3371 1124 3422 eausa,
1153 3361 1292 3429 tanquam
1318 3358 1511 3413 mercenarius
1532 3367 1731 3416 memoratur:
1758 3363 1882 3433 quinon

122 3445 187 3516 quis
201 3444 317 3499 cuilibet
330 3443 435 3498 horum
452 3442 586 3497 vitiorum
615 3442 773 3514 subjicitur,
807 3462 894 3516 panes
919 3448 974 3502 lto·
1022 3440 1071 3499 'est
1093 3450 1199 3515 pastor,
1216 3445 1298 3515 crrjus
1325 3451 1466 3500 nonsunt
1491 3463 1558 3502 ores
1580 3449 1705 3520 propriae
1737 3452 1815 3521 (loon
1842 3458 1880 3521 s)·

121 3531 318 3588 minootierre
340 3530 520 3602 prohibetur,
547 3546 583 3585 ue
620 3530 714 3585 aliena
737 3533 840 3587 delicta
864 3533 974 3590 diluere
1064 3533 1144 3587 Vens.
1166 3537 1208 3587 te.
1225 3563 1258 3572 —
1282 3534 1402 3589 Cuilibet
1435 3550 1469 3588 ea
1494 3537 1595 3605 populo
1621 3539 1881 3611 septennatim

120 3638 180 3676 non
194 3622 296 3688 valeat,
309 3635 395 3693 quem
417 3619 511 3674 adbuc
538 3619 656 3691 propria
685 3619 786 3675 delicte
809 3623 969 3678 devastant.
1028 3619 1173 3674 sullicitin
1186 3620 1241 3676 llde
1255 3621 1359 3676 Christi
1374 3622 1479 3677 nutriri
1494 3638 1501 3678 :
1519 3640 1689 3694 permanere
1698 3631 1728 3681 et
1751 3644 1879 3685 crescere

119 3712 214 3784 (Aue,
228 3715 322 3780 quest.
339 3711 372 3765 35
387 3711 416 3764 in
428 3709 504 3779 Leo.)
524 3709 626 3763 Ablata
649 3714 692 3763 est
706 3709 801 3764 omrris
820 3710 972 3778 dubitatio,
1027 3707 1057 3761 iu
1070 3723 1104 3762 ea
1115 3707 1252 3764 debemus
1270 3730 1278 3778 ;
1305 3726 1357 3763 nec
1382 3710 1609 3782 alienigenarum
1641 3714 1769 3783 cuilibet,
1793 3717 1880 3773 idest

120 3797 600 3870 etc.,usqueodnquoiuceusum
629 3813 744 3853 necesse
773 3799 970 3870 eratimponi.
1027 3797 1234 3852 elienaeabeo
1251 3798 1400 3868 doctrinae,
1428 3801 1472 3855 rel
1489 3801 1546 3872 legi
1568 3803 1612 3857 rel
1642 3803 1877 3863 aetionicommi·

155 3890 272 3961 Oportet
286 3888 460 3943 sacerdotem
485 3902 546 3940 esse
580 3886 676 3940 animo
705 3891 734 3941 et
757 3889 972 3943 conversatione
1026 3883 1188 3940 sceritnec
1204 3886 1319 3957 quiade
1347 3888 1476 3957 patribus
1504 3905 1603 3945 sumus
1631 3891 1775 3962 fidelibus,
1813 3895 1875 3951 ideo

118 3977 346 4044 immaculatum,
362 3975 535 4048 quemsieut
558 3976 648 4031 llloses
674 3975 826 4030 duodecim
852 3977 970 4033 macelli.
1025 3971 1060 4027 ds
1075 3973 1179 4028 sanctis
1193 3990 1414 4046 praesumamus,
1431 3977 1478 4031 sed
1496 3978 1545 4033 obi
1560 3984 1589 4034 et
1600 3978 1655 4051 ipsi
1683 3981 1785 4039 lidcles
1812 4001 1871 4057 per·

113 4067 199 4139 Juxta
216 4068 278 4123 lxx
295 4066 435 4121 mundum
450 4081 511 4119 esse
527 4065 687 4136 praeceprt
704 4063 743 4118 sic
768 4066 872 4119 Paulus
896 4066 969 4120 duo·
1024 4061 1167 4118 sistamus

117 4156 211 4213 decim
229 4171 397 4210 conservare
417 4169 482 4207 eum
506 4153 618 4208 monuit
644 4153 762 4209 dicens·
795 4155 854 4209 Non
873 4170 1006 4266 super-D
1060 4151 1138 4206 Vsus
1165 4154 1257 4207 ti·
1288 4153 1343 4220 Qut
1369 4154 1515 4211 connderit
1546 4156 1791 4230 manumittentis,
1819 4168 1872 4219 etc

117 4245 190 4312 bum,
203 4259 257 4298 non
287 4241 779 4310 iracundumnonoinolcntumete.
803 4243 909 4312 (irim.
927 4211 1132 4316 11.}⁰(t.s1m)
1150 4241 1252 4297 Sancta
1278 4246 1452 4312 sanctorum,
1476 4249 1528 4299 etc.
1535 4260 1640 4317 ,usque
1658 4246 1696 4302 ad
1729 4250 1809 4305 Unde
1824 4251 1871 4306 Ss-

115 4334 166 4390 Est
180 4348 259 4388 enim
270 4331 321 4386 Det
333 4329 523 4400 dispensator
543 4346 592 4401 qur
585 4329 740 4400 subjectis
769 4331 854 4385 debet
880 4331 968 4386 virtu·
1021 4328 1142 4384 lomon:
1154 4331 1220 4388 Cum
1244 4330 1346 4387 sederis
1373 4336 1404 4385 ut
1436 4333 1634 4389 eornedaeeum
1657 4340 1791 4409 principe,
1807 4340 1871 4396 diti·

115 4415 451 4493 tibuspraeeellere.lioc
470 4432 584 4489 quoque
612 4416 641 4471 in
657 4417 781 4473 Ecclesia
796 4419 827 4472 lit
855 4419 876 4473 si
902 4421 967 4491 quis
1020 4422 1112 4487 genter
1126 4418 1234 4472 attende
1248 4435 1307 4488 quae
1319 4422 1411 4489 posita
1422 4424 1486 4474 sunt
1497 4427 1560 4476 artie
1573 4428 1599 4478 te
1611 4423 1700 4495 (Pron.
1716 4429 1803 4496 nur).

117 4511 274 4567 maculatus
288 4506 386 4574 luerit,
416 4510 445 4561 et
468 4505 633 4577 poenitendo
668 4507 830 4574 cessaverit,
862 4508 967 4563 sanetis
1054 4505 1145 4560 Addet
1166 4509 1300 4576 quintam,
1317 4512 1370 4564 etc.
1407 4508 1493 4564 txx:
1526 4510 1616 4581 Super
1642 4515 1741 4583 ipsum.
1767 4516 1871 4582 Quinta

114 4597 327 4657 communicare
355 4611 413 4650 non
444 4593 629 4665 prohibetur:
659 4593 822 4648 ministrare
858 4600 964 4664 aretem,
1019 4608 1088 4664 ergo
1103 4609 1161 4648 non
1174 4594 1298 4660 aliunde,
1311 4595 1359 4650 sed
1371 4596 1406 4650 de
1418 4596 1480 4667 ipso
1500 4601 1605 4654 etcum
1619 4598 1691 4670 ipso,
1711 4603 1757 4657 rel
1784 4620 1870 4677 snper

114 4692 158 4746 rel
172 4689 208 4745 ad
220 4684 455 4742 relumaecedere
470 4689 500 4738 et
512 4683 547 4737 ad
563 4682 651 4738 altare
665 4699 724 4738 non
744 4683 823 4740 licet.
840 4685 965 4739 Verbum
1018 4681 1190 4753 ipsumaddi
1202 4683 1337 4753 jubetur:
1354 4685 1400 4739 hic
1416 4690 1459 4740 est
1473 4703 1566 4742 sermo
1590 4690 1720 4760 prolatus
1746 4693 1783 4748 ab
1808 4696 1869 4768 ipso

114 4779 193 4835 enim
212 4782 241 4832 et
265 4776 353 4831 altare
381 4788 485 4846 corpus
513 4771 618 4827 Christi
645 4775 698 4842 est,
728 4773 805 4827 unde
838 4774 962 4830 Paulus:
1019 4769 1129 4825 Christo
1149 4772 1430 4842 supernominicum
1462 4775 1639 4847 mysterium.
1663 4778 1727 4848 lpse
1753 4796 1808 4836 nos
1833 4784 1869 4838 ab

113 4867 247 4921 Habemus
280 4865 367 4919 attare
397 4861 429 4916 de
457 4877 510 4931 qno
532 4861 666 4915 comedere
687 4876 740 4916 non
764 4860 861 4916 nabent
890 4865 963 4930 pote·
1017 4857 1179 4928 ignorantia
1189 4865 1325 4930 removet,
1340 4878 1392 4916 nee
1407 4864 1520 4918 carnale
1535 4865 1578 4920 vel
1590 4868 1736 4923 terrenum
1764 4870 1869 4943 aliquis

113 4960 210 5010 statem
240 4956 289 5023 qui
316 4951 487 5007 tabernaculo
531 4949 686 5004 deserviunt
714 4949 803 5019 illebr.
831 4948 901 5020 ιιιιι).
930 4950 965 5005 Et
1017 4952 1107 5019 putet.
1134 4950 1183 5003 liic
1211 4949 1283 5004 beno
1318 4951 1419 5022 quinta
1447 4953 1559 5020 dicitur,
1594 4955 1662 5026 quia
1695 4958 1814 5029 spiritus
1841 4966 1869 5015 et

113 5040 182 5098 alibi
198 5040 349 5095 :Habentes
363 5038 494 5111 fiduciam
507 5040 536 5092 in
550 5041 664 5094 introitu
678 5042 835 5093 serratorum
854 5041 884 5093 in
898 5054 963 5094 son·
1017 5053 1111 5091 sermo
1127 5054 1214 5109 qrrem
1228 5039 1316 5103 ,tradit
1330 5040 1458 5112 quinque
1473 5049 1692 5100 sensusnostros
1704 5050 1869 5119 componit,

111 5133 194 5202 paine
208 5130 319 5192 Christi,
357 5144 439 5198 quem
461 5129 584 5183 initiavit
612 5127 689 5182 nobis
727 5129 801 5182 viem
826 5143 923 5182 irenem
938 5132 964 5182 et
1016 5141 1068 5180 nec
1083 5127 1300 5198 solumgustum
1315 5129 1445 5200 producit
1460 5131 1494 5186 ad
1513 5133 1692 5203 mysterium,
1721 5136 1770 5192 sed
1791 5139 1872 5194 andi-

46 5247 49 5253 ·
111 5218 444 5287 viventemperoetamen,
468 5216 500 5270 id
522 5222 685 5272 estearmm
719 5216 777 5286 ejus
806 5214 897 5287 (Heba.
922 5216 960 5288 x).
1015 5215 1228 5284 tumetrisum,
1245 5222 1452 5289 tactumqueet
1476 5221 1638 5288 odoratum,
1665 5231 1698 5279 ut
1718 5226 1791 5282 nibil
1809 5235 1870 5284 ter·

149 5309 183 5364 Ει
198 5307 448 5361 contaminarenen
464 5304 549 5367 debet,
580 5309 632 5359 etc.
662 5305 826 5360 inordinate
850 5305 962 5376 agendo
1015 5306 1301 5378 renumdohisquae
1324 5322 1450 5378 superna
1473 5315 1541 5365 srrnt
1563 5312 1752 5382 suspicemur.

109 5396 251 5470 populum
272 5391 489 5459 ‘scandalizent
514 5397 648 5464 putantes
679 5390 857 5463 superfluum
900 5408 961 5447 esse
1052 5395 1318 5452 Eidobitsecerdoti
1331 5400 1361 5451 in
1388 5402 1585 5456 sanctuarinm.
1602 5402 1705 5477 (Issen.)
1735 5405 1867 5464 Sanctifi-

111 5485 164 5543 [ιιι
177 5479 381 5550 ministerium,
398 5483 427 5537 et
438 5479 583 5550 justitiam
615 5479 808 5552 etjudieium.
1014 5484 1154 5540 cntionem
1170 5485 1281 5556 mystici
1309 5486 1449 5556 sacrificii,
1476 5493 1532 5544 sta
1563 5491 1746 5549 sensibilibus
1773 5497 1864 5553 adin·
