3892 6106
96 251 150 304 asa
669 251 797 309 cnossi
815 251 1017 311 obolatam.
1038 284 1072 293 -
1092 255 1157 311 Lib.
1178 253 1282 311 EXOD.
1800 258 1854 310 250

95 367 219 438 {iginem
238 367 319 434 dixit,
346 372 380 423 ut
407 369 526 425 utdmtcs
553 384 607 425 uon
631 369 732 436 uideat,
759 375 786 426 et
802 371 944 429 audientes
963 375 988 433 A
1005 373 1035 429 in
1048 373 1181 443 pedibus,
1201 373 1312 444 virgam
1326 378 1424 428 teneas
1449 372 1479 427 in
1507 387 1604 439 manu,
1631 379 1660 428 ct
1679 389 1777 444 azyma
1790 390 1857 432 cum

94 471 147 510 noa
171 457 331 526 intelligant
344 456 410 526 (isa.
426 457 473 526 ιι).
1004 462 1195 519 amaritudine
1208 462 1349 518 comedas.
1370 461 1426 518 Sed
1449 476 1502 517 nec
1528 461 1559 516 iu
1586 460 1682 532 prima
1695 462 1855 532 mansione,

128 544 217 599 Vens.
237 545 278 600 it.
292 547 446 615 —Caoeta
462 546 620 617 etalilna.)
642 546 725 602 Prius
750 547 950 620 probibetpo·
1003 568 1055 607 nec
1069 551 1100 607 in
1124 552 1257 614 secsmda
1283 566 1336 606 nec
1362 551 1392 605 in
1421 550 1515 618 tertia,
1537 565 1589 605 nec
1614 565 1682 605 cum
1709 550 1857 606 transieris

92 632 198 702 palum
213 632 385 689 iamoutem
408 635 570 698 ascendere,
596 638 776 707 mortemque
806 636 948 693 minatur:
1004 656 1083 696 mare
1097 641 1238 708 Rubrum,
1266 638 1378 694 etiamsi
1403 639 1438 694 ad
1460 654 1539 694 mare
1566 639 1691 706 veneris,
1716 643 1745 694 et
1770 639 1857 695 luerit

92 736 171 776 nnnc
185 721 272 793 jubet
287 726 317 776 ut
328 723 477 792 clangente
493 723 613 779 buccina
633 725 788 779 ascendant
813 723 844 780 iu
871 741 952 781 mon·
1003 729 1056 784 tibi
1082 729 1244 784 amaritudo
1258 728 1289 782 in
1313 727 1494 783 dulcedinem
1522 742 1613 795 versa,
1636 744 1690 783 nec
1715 728 1745 783 in
1772 728 1856 797 Elim,

92 813 162 876 um,
185 809 346 864 humanam
365 810 472 865 sedicet
487 826 671 883 compescens
699 811 858 879 audaciam,
874 817 902 867 et
915 813 949 868 ad
1003 818 1053 872 ubi
1065 822 1147 873 erant
1164 815 1314 871 duodecim
1339 817 1430 871 ionias
1458 830 1600 887 aquarum
1614 821 1643 870 et
1670 817 1856 888 septuaginta

90 896 435 955 obedienduminivitans
451 915 458 953 :
475 900 544 971 quia
559 900 594 955 ad
618 901 826 972 praedicationis
852 917 948 955 vocem
1004 906 1118 963 arbores
1145 906 1317 977 palmarum,
1349 904 1460 960 etiamsi
1492 903 1646 975 Rephidim
1680 904 1852 975 praeterieris

91 985 236 1040 debemus
251 1003 302 1042 nos
330 985 367 1041 ad
391 1002 516 1057 superna
534 988 654 1059 erigere,
682 1005 733 1044 nec
760 995 949 1045 sacramento·
1003 1000 1176 1066 caeterosque
1203 993 1346 1064 proiectus
1377 992 1548 1060 ascenderis,
1569 991 1697 1047 noudum
1734 993 1854 1048 idoneus

92 1088 158 1128 rum
173 1073 398 1146 investigatione
415 1080 516 1146 sponte
530 1092 716 1148 praesumere,
740 1079 789 1133 sed
804 1078 854 1134 Dei
869 1094 949 1133 voca·
1000 1083 1148 1160 judicaris,
1177 1082 1225 1138 sed
1254 1097 1320 1136 cum
1338 1080 1449 1136 veneris
1472 1080 1506 1136 ad
1534 1085 1662 1135 moutam
1690 1080 1767 1136 Sina.
1806 1079 1858 1135 Vix

93 1161 203 1216 fi⁰n0m
218 1161 310 1234 sequi·
1004 1190 1073 1246 ergo
1088 1171 1244 1228 mereberis
1259 1170 1410 1243 aliquando
1438 1169 1582 1239 suscipere
1603 1172 1748 1238 praecepta
1767 1167 1858 1222 libcr-

127 1249 211 1306 Vnas.
237 1254 279 1306 13.
310 1280 345 1293 -
368 1255 497 1308 flaccina.
522 1254 608 1319 Quasi
635 1255 784 1312 recincta
811 1271 891 1325 voce,
905 1258 949 1312 rel
1004 1260 1080 1327 tatis,
1100 1263 1129 1314 et
1148 1259 1271 1313 audire:
1295 1261 1354 1327 Ego
1379 1273 1437 1314 sum
1460 1259 1586 1313 mutuus
1604 1260 1675 1313 Deus
1706 1262 1778 1323 tuus,
1806 1258 1856 1325 qut

94 1339 265 1405 ³t⁰⁰⁸¹¹d⁰s
281 1340 326 1394 vel
338 1355 355 1394 a
369 1339 466 1397 bucca.
1003 1349 1088 1404 edunt
1106 1353 1130 1404 te
1146 1348 1179 1403 de
1191 1352 1265 1403 terra
1276 1347 1408 1418 sucepti,
1424 1346 1548 1402 dedomo
1572 1347 1721 1403 serattutis.
1748 1345 1798 1400 ilic
1813 1349 1853 1400 ta·

129 1426 214 1482 tras.
234 1427 323 1482 iili.
354 1457 388 1470 -
415 1431 533 1500 dumque
552 1431 683 1487 lavissent
708 1434 866 1488 uestimenta
886 1448 950 1501 ata,
1005 1453 1071 1492 men
1085 1441 1202 1492 nonest
1217 1435 1526 1504 sermomandati‚sed
1545 1433 1610 1506 quis
1629 1435 1666 1489 sit
1696 1433 1746 1506 qui
1774 1448 1855 1488 man·

97 1518 149 1569 ete.
164 1515 229 1570 Non
244 1515 352 1571 sufficit
363 1516 399 1571 ad
425 1517 560 1572 virtutem
574 1518 824 1590 contemplationis
847 1536 949 1575 emun-
1005 1525 1055 1581 dat
1068 1525 1200 1581 ostendit.
1215 1525 1342 1583 Primum
1354 1525 1523 1579 mandatum
1539 1538 1606 1594 ergo
1621 1527 1664 1577 est
1681 1538 1687 1577 :
1712 1525 1856 1580 Noueruut

96 1601 162 1657 dare
178 1619 271 1674 opera
283 1602 460 1674 paenitentiae
474 1605 616 1676 lacrymis,
632 1605 688 1659 nisi
711 1612 846 1678 sequatur
869 1607 952 1662 casti·
1007 1615 1059 1670 tint
1071 1614 1113 1669 dii
1126 1615 1176 1669 alst
1198 1619 1299 1684 prater
1311 1629 1360 1669 me.

96 1691 257 1746 momentis
271 1692 451 1762 etcorporis.
469 1693 547 1749 Unde
576 1694 673 1749 blattb.
689 1710 723 1749 r:
748 1695 830 1750 Beati
852 1696 952 1752 munda
1041 1703 1123 1773 (dne.
1138 1706 1224 1774 quast
1245 1704 1275 1757 ia
1292 1701 1395 1772 Ecod.)
1420 1699 1564 1765 Quaeritur
1581 1698 1726 1769 quomodo
1755 1699 1854 1754 decem
1932 1708 1935 1714 '

96 1779 183 1844 corde,
214 1785 270 1835 etc.
292 1781 325 1836 Et
350 1781 458 1853 Sapr:
488 1784 517 1837 ln
550 1784 710 1838 makuolam
746 1785 867 1841 animam
899 1801 952 1841 uou
1005 1795 1148 1863 praecepta
1171 1791 1243 1861 legis
1259 1789 1413 1846 dividenda
1426 1788 1588 1856 sintietc,
1604 1801 1689 1856 usque
1705 1786 1810 1841 nisiad
1825 1787 1855 1842 id

96 1866 225 1925 introibit
236 1871 388 1938 ‘avim-
1006 1880 1083 1951 quod
1099 1879 1280 1935 dictumest:
1297 1880 1356 1935 Nou
1368 1881 1446 1932 aaut
1461 1876 1512 1933 tibi
1535 1877 1577 1931 dii
1603 1877 1655 1933 atii
1671 1880 1771 1947 prater
1788 1875 1854 1932 mai

130 1955 214 2010 Vns.
236 1958 280 2022 l8,
295 1959 386 2011 la-
408 1957 488 2012 Totus
514 1961 603 2013 auton
620 1973 696 2015 maus
715 1960 794 2017 Sinai
814 1961 951 2028 tttmabat,
1041 1967 1128 2039 (lero.)
1140 1968 1192 2023 Dat
1214 1968 1288 2022 Deus
1309 1967 1396 2037 lloysi
1423 1967 1517 2037 legem
1542 1965 1713 2020 innocentiae
1738 1968 1854 2032 nasum,

95 2048 146 2098 cte.
175 2045 275 2116 (Grae.
290 2046 340 2100 lib.
357 2062 384 2100 ιι
393 2048 504 2115 iterat,
519 2063 582 2119 cap.
611 2050 669 2120 27.)
700 2050 805 2121 Legem
832 2050 951 2106 daturus
1005 2061 1034 2112 et
1048 2055 1204 2128 agnitionis
1218 2071 1288 2119 sure,
1317 2071 1382 2126 quae
1409 2055 1439 2110 in
1462 2054 1561 2109 decem
1586 2053 1681 2109 verbis
1714 2052 1854 2123 censistit,

97 2132 240 2188 Dominus
254 2133 287 2188 in
298 2133 365 2205 igne
380 2133 520 2208 fumoque
543 2137 703 2206 descendit,
726 2143 791 2206 etc,
818 2153 903 2208 usque
914 2139 952 2194 ad
1005 2144 1110 2215 scripta
1123 2144 1154 2199 in
1165 2144 1269 2200 tabulis
1283 2143 1404 2215 lapideis
1423 2142 1513 2214 digito
1524 2141 1583 2197 Dei.
1608 2141 1673 2196 Tria
1701 2144 1768 2196 sunt
1790 2146 1855 2211 qum

96 2220 217 2292 'illelmi
228 2222 309 2294 l1¹¹⁰d
324 2227 402 2278 Sunt·
1005 2231 1198 2306 pertinentad
1226 2231 1407 2286 dilectionem
1429 2235 1458 2285 et
1481 2229 1675 2302 cognitionem
1699 2229 1854 2296 Trinitatis,

130 2310 196 2382 (lm,
224 2312 275 2366 lib.
304 2328 324 2366 11
353 2313 464 2377 lieret,
501 2328 562 2384 cap.
597 2313 635 2384 2.)
664 2313 748 2369 Sacra
780 2315 896 2386 eloquia
921 2316 953 2371 in
1005 2327 1113 2394 septem
1133 2320 1171 2377 ad
1185 2319 1367 2376 dilectionem
1377 2318 1510 2391 proximi,
1527 2318 1632 2390 quibas
1657 2317 1784 2372 humana
1807 2333 1855 2372 so·

96 2399 217 2455 exordio
231 2399 430 2455 narrationum
455 2401 605 2472 qualitates
620 2402 795 2473 exprimunt,
815 2405 953 2460 terminos
1005 2411 1092 2465 cletas
1106 2425 1166 2465 nou
1180 2408 1303 2464 laeditur.
1320 2408 1448 2463 Primum
1469 2407 1594 2478 pertinet
1622 2405 1657 2461 ad
1683 2407 1775 2461 Deum
1799 2407 1852 2461 Pa·

97 2503 154 2559 que
179 2503 335 2544 cansarum
349 2489 504 2562 aliquando
518 2506 533 2544 a
547 2490 688 2561 positione
704 2492 767 2560 loci,
784 2492 952 2564 aliquando·
1005 2503 1097 2554 trem:
1123 2501 1252 2554 mmtaus
1266 2500 1334 2553 Deus
1345 2503 1407 2553 taos
1424 2499 1494 2552 Deus
1518 2510 1588 2550 uuus
1607 2500 1657 2562 eat,
1672 2499 1705 2549 ut
1731 2494 1785 2549 hoc
1803 2509 1854 2549 au·

97 2592 114 2630 a
146 2577 294 2648 positione
316 2578 453 2647 corporis,
487 2578 674 2651 aliquandoa
695 2579 832 2651 qualitate
867 2582 950 2650 ueris,
1005 2587 1086 2642 diens
1101 2602 1190 2642 anum
1207 2588 1296 2642 Deum
1312 2587 1388 2641 colas
1411 2587 1534 2652 Patrem,
1554 2589 1582 2638 et
1596 2584 1626 2638 in
1655 2584 1761 2638 multos
1776 2583 1856 2637 lictos

97 2669 165 2732 ‘lca
200 2681 288 2736 “tutte
315 2667 354 2723 ad
381 2666 510 2737 punituri
533 2672 629 2722 cutem
654 2667 808 2723 Sodomam
835 2684 952 2741 vespere
1005 2677 1071 2731 deos
1086 2675 1306 2730 fornicationem
1321 2690 1380 2729 non
1395 2673 1534 2728 ellandus.
1560 2671 1724 2728 Secundam
1749 2671 1783 2725 ad
1810 2669 1855 2725 Fi·

97 2753 210 2809 vemas
225 2760 432 2810 memorantur·
1005 2764 1077 2820 lium
1093 2779 1100 2818 ι
1116 2766 1177 2821 Noa
1194 2778 1313 2819 assumes
1327 2778 1422 2818 nomeu
1441 2763 1550 2817 Domini
1570 2764 1618 2816 Dei
1633 2762 1677 2817 tui
1696 2761 1726 2815 iu
1744 2774 1855 2826 vonum

131 2843 214 2897 Vm·
240 2844 336 2897 2⁰45·
351 2871 387 2884 ·
415 2843 608 2913 Dimisitque
635 2846 774 2911 Minui,
803 2848 857 2899 0¹0·
887 2844 952 2915 (ID-s
1004 2852 1102 2919 idest,
1122 2857 1274 2922 nonputes
1296 2857 1455 2906 creaturam
1480 2866 1541 2905 esse
1562 2849 1707 2905 Christum
1736 2849 1788 2903 Dei
1811 2848 1856 2903 Fi·

97 2928 135 2984 ib.
150 2931 291 2994 vilerot,
307 2946 369 3001 cap.
389 2929 447 3003 ld.)
477 2933 585 3005 Moyses
608 2933 744 3000 ascendit,
771 2938 842 3001 ete,
867 2941 987 3003 usquec
1007 2939 1089 3008 lium,
1101 2939 1169 3011 quia
1184 2940 1274 2994 omnis
1290 2943 1420 2995 creatura
1439 2936 1557 2993 vanitati
1583 2938 1711 3007 subjecta
1738 2939 1791 3002 est,
1806 2935 1855 2990 sed

97 3018 133 3072 ud
145 3034 216 3074 aum
230 3019 413 3092 ahmatenus
432 3020 617 3076 balbutiendo
645 3038 821 3078 resonamus.
1006 3027 1146 3099 aqualem
1161 3028 1247 3095 Patri,
1265 3029 1355 3084 Deum
1369 3027 1404 3082 de
1421 3028 1490 3096 Deo,
1504 3027 1601 3082 lumen
1619 3025 1654 3080 de
1680 3025 1800 3080 lumine.

437 3154 548 3211 “tm
576 3154 627 3210 ΚΧ·
1007 3116 1636 3262 elib³mltllttltt⁰ttttt
1651 3113 1855 3272 stetit:

133 3285 256 3339 Vnst.
273 3314 308 3325 -
322 3286 380 3354 Epo
405 3299 464 3339 sum
492 3286 626 3341 Dominus
647 3289 716 3342 Deus
745 3291 816 3343 tuus.
842 3287 950 3359 (Dara,
1009 3299 1051 3350 ter
1065 3310 1126 3362 me;
1145 3297 1173 3349 et
1187 3293 1336 3365 sequitur:
1351 3295 1411 3350 Nou
1437 3294 1522 3362 facus
1555 3293 1605 3349 tibi
1630 3293 1744 3360 idolum,
1772 3304 1857 3359 neque

101 3375 168 3430 d⁰¹¹¹·
184 3377 202 3430 8
218 3374 362 3445 DEMI-l
379 3375 433 3440 Qui
458 3375 616 3431 wlf-emnil
647 3391 774 3447 presens
803 3378 950 3442 toecttlum,
1006 3385 1091 3438 uttam
1127 3381 1344 3448 similitudinem,
1359 3391 1412 3436 etc.
1431 3383 1495 3437 llaec
1511 3381 1607 3436 omnia
1623 3380 1740 3451 quidam
1768 3379 1856 3434 simul

99 3464 206 3518 scilicet
240 3463 405 3533 AEgyptum,
435 3466 464 3517 et
498 3463 690 3534 perverbum
720 3465 770 3520 Dei
799 3466 952 3521 translatus
1005 3476 1107 3542 putant
1122 3485 1286 3526 esscuuum
1301 3470 1468 3524 mandatnm
1482 3485 1488 3524 :
1503 3468 1581 3541 quod
1601 3469 1624 3523 si
1647 3469 1686 3522 ita
1709 3471 1856 3537 compute·

101 3567 157 3606 non
170 3551 448 3622 inveniturquiaad
462 3551 593 3607 laturum
608 3553 744 3608 saeculum
769 3554 891 3622 festinet,
916 3554 951 3609 da
1006 3565 1131 3626 tur,non
1146 3558 1336 3629 complebitur
1354 3573 1491 3613 numerus
1519 3559 1617 3613 decem
1642 3556 1852 3611 mandatorum.

99 3656 133 3695 eo
159 3638 229 3695 dicit
252 3639 350 3694 Deus:
380 3641 437 3708 Epo
464 3655 524 3695 sum
551 3643 680 3697 Dominus
708 3645 776 3697 Deus
799 3647 871 3709 tuus,
895 3647 948 3698 etc.
1007 3649 1053 3703 Est
1067 3663 1135 3719 crgo
1150 3647 1276 3719 primum
1291 3645 1457 3701 mandatum
1474 3648 1552 3702 :Nou
1566 3651 1645 3700 erum
1664 3646 1715 3699 tibi
1733 3645 1776 3699 dii
1803 3643 1859 3700 atii

100 3729 211 3784 bound
226 3728 291 3782 illos
315 3730 426 3783 tantum
442 3728 492 3800 qui
514 3729 549 3784 de
577 3728 700 3801 AEgypto
726 3730 847 3802 proiecti
872 3736 950 3799 sunt,
1002 3741 1104 3809 praeter
1116 3752 1166 3800 me,
1183 3740 1237 3790 etc.
1262 3735 1436 3803 Secundum,
1465 3737 1526 3792 Non
1553 3736 1639 3800 facies
1668 3734 1719 3789 tibi
1743 3734 1855 3801 idolum

99 3816 147 3872 sed
172 3816 211 3871 ad
237 3831 288 3871 eos
316 3817 368 3887 qui
398 3817 472 3873 ultra
498 3819 636 3890 AEgyptiis
662 3834 720 3873 non
749 3820 887 3886 serviant,
915 3821 950 3877 de
1004 3840 1089 3896 aeque
1115 3826 1200 3880 uttam
1222 3823 1439 3891 similitudinem,
1466 3828 1517 3877 etc.
1547 3823 1720 3893 incipiamus
1748 3837 1857 3892 ergoa

99 3906 220 3976 AEgypto
247 3904 344 3959 educti
371 3904 407 3958 de
442 3904 527 3959 domo
555 3905 698 3960 servitutis
731 3905 814 3975 (Psoi.
857 3910 949 3980 cxxx).
1006 3915 1099 3986 primo
1124 3912 1256 3968 mandato
1274 3928 1280 3966 :
1296 3913 1357 3969 Nou
1378 3916 1458 3966 eram
1477 3911 1528 3965 tibi
1545 3911 1588 3966 dit
1605 3913 1658 3965 atii
1682 3915 1783 3979 prater
1803 3926 1854 3964 me.

100 3993 219 4065 ⁸08⁰&
233 3993 341 4059 muli,
367 3998 447 4047 fletus
463 3993 566 4061 camis,
587 3994 689 4051 domus
716 3995 859 4051 wrtilutis
883 4002 949 4052 etl:
1006 4003 1034 4059 si
1058 4001 1186 4068 dixisset,
1214 4001 1276 4055 Non
1296 4003 1374 4068 sunt,
1400 3998 1557 4053 absolutior
1576 4014 1669 4052 sermo
1685 3999 1856 4065 videretur·,

97 4082 169 4138 aaut
192 4080 360 4152 relinquere
380 4081 537 4149 secularia,
563 4086 593 4138 et
618 4084 775 4139 secundum
792 4086 881 4139 Deum
910 4085 951 4140 vi·
1005 4091 1055 4146 sed
1071 4091 1139 4162 quia
1157 4088 1237 4155 dicit,
1263 4090 1324 4146 Nou
1351 4094 1440 4156 erum,
1463 4103 1522 4142 non
1549 4087 1664 4157 negarit
1689 4086 1757 4159 quia
1786 4086 1854 4152 sint,

97 4187 169 4240 sera,
184 4170 291 4226 domus
313 4169 453 4225 libertatis
473 4175 524 4226 est.
543 4171 623 4227 Unde
648 4173 730 4227 ioan.
756 4189 817 4228 vul:
833 4173 865 4230 st
885 4189 951 4245 per-
1004 4180 1053 4234 scd
1067 4177 1158 4234 neilli
1171 4176 1239 4244 sint,
1261 4177 1307 4231 cui
1330 4175 1392 4230 boec
1415 4180 1557 4248 praecepta
1578 4176 1694 4244 dantur,
1717 4173 1854 4231 inhibuit.

96 4261 253 4316 madia
284 4261 315 4313 ia
329 4273 449 4314 morse
475 4274 542 4327 meo,
569 4263 721 4328 amasam
758 4265 909 4329 ueritatem,
925 4267 952 4319 et
1008 4269 1078 4324 Hinc
1094 4267 1215 4322 Paulum
1230 4264 1370 4336 sumpisse
1392 4267 1483 4336 putol
1507 4265 1566 4320 Col.
1594 4280 1665 4320 virs:
1690 4264 1721 4321 Si
1749 4263 1856 4333 quidem

96 4352 198 4404 auitas
212 4346 409 4405 abactam.
427 4349 502 4420 Ergo
530 4350 668 4420 AEgyptus
695 4354 740 4405 est
765 4351 867 4406 domus
892 4367 955 4407 ser·
1006 4360 1070 4411 suat
1084 4356 1132 4424 qui
1144 4354 1324 4410 dicuuturdis'
1337 4355 1393 4409 siue
1406 4353 1520 4419 iocata,
1535 4354 1627 4408 sivein
1638 4357 1721 4407 tara,
1738 4349 1856 4405 lnaliis·

96 4437 217 4504 simun
251 4436 350 4491 Judaea
368 4439 397 4491 et
419 4435 609 4505 Hierusalem,
634 4437 737 4493 domus
763 4438 952 4495 liberalitatis.
1007 4460 1064 4514 que
1092 4445 1160 4499 locis
1187 4441 1314 4497 invenies
1343 4440 1412 4497 deos
1436 4440 1580 4496 nominari
1614 4440 1687 4495 sicut
1715 4439 1756 4493 ibi
1772 4454 1779 4493 ι
1794 4437 1855 4495 aaa

99 4524 565 4590 UndeGal.1v.·Duasursumest
587 4525 774 4596 Hierusalem,
804 4528 890 4583 libera
903 4533 951 4584 est.
1007 4547 1121 4601 magam
1146 4546 1229 4601 super
1258 4544 1347 4586 omma
1369 4529 1441 4595 deos,
1467 4534 1493 4584 et
1518 4531 1587 4585 Deus
1612 4531 1664 4583 Deo
1685 4528 1787 4582 loeutus
1815 4529 1855 4580 est

97 4614 173 4671 Sicut
187 4628 259 4686 ergo
273 4614 538 4684 terranaAEgyptue
552 4614 620 4669 liliis
642 4615 728 4670 lsrael
756 4616 860 4671 domus
879 4616 953 4671 dici·
1007 4625 1061 4675 stc.
1077 4622 1117 4675 De
1131 4619 1256 4675 dominis
1271 4617 1348 4673 idem
1366 4618 1516 4690 Apostolus
1545 4616 1634 4672 dicit:
1664 4617 1725 4672 Sica
1753 4615 1853 4669 tironi.

95 4709 140 4759 tar
153 4701 302 4759 servitutis
316 4701 350 4756 ad
372 4703 616 4772 comparationem
638 4703 744 4759 iudaeae
763 4708 792 4759 ct
820 4704 951 4760 Hierusa-
1006 4710 1063 4764 siae
1086 4707 1289 4769 dominationes,
1324 4710 1377 4761 etc.
1409 4707 1475 4776 (dot.
1492 4704 1523 4776 r.)
1551 4704 1765 4760 Dominationes
1787 4715 1855 4755 vcro

94 4792 162 4858 lem,
180 4788 477 4862 qnoeebestdomus
500 4789 658 4846 libertatis:
686 4792 726 4846 ita
743 4792 779 4847 ad
803 4808 952 4864 compara·
1006 4796 1158 4851 nonaliud
1181 4799 1346 4867 suntquam
1372 4794 1442 4849 ordo
1476 4793 1592 4866 quidam
1626 4790 1809 4847 dominorum
1825 4794 1853 4843 et
1910 4862 1914 4873 Ι

93 4881 201 4936 finam
211 4877 335 4934 coelastis
352 4877 535 4943 Hierusalem,
551 4895 616 4952 quae
643 4884 688 4936 est
714 4885 806 4936 mater
833 4880 951 4936 liberta·
1005 4884 1169 4941 multitudo.
1186 4884 1218 4940 ln
1233 4900 1291 4956 quo
1305 4883 1418 4938 videtur
1431 4896 1546 4935 sensum
1560 4879 1632 4951 legis
1653 4878 1764 4950 aperire
1777 4880 1854 4946 Apo·

94 4968 135 5038 tis,
149 4972 232 5023 totus
248 4967 373 5023 muudus
388 4971 416 5023 et
428 4984 493 5040 quae
511 4967 542 5023 in
556 4983 591 5023 eo
613 4973 691 5035 sunt,
719 4969 821 5025 domus
848 4969 953 5024 dicitur
1005 4974 1114 5040 stolus3
1129 4971 1197 5027 acsi
1212 4971 1288 5027 dicat
1303 4987 1310 5027 ι
1328 4969 1404 5026 Licet
1417 4968 1474 5024 sint
1488 4968 1597 5023 domini
1615 4965 1709 5029 multi,
1727 4965 1778 5037 qui
1791 4965 1854 5019 aliis

94 5056 254 5113 servitutis:
285 5060 313 5111 et
327 5055 394 5128 qaia
411 5056 445 5111 de
464 5056 600 5128 paradiso
629 5056 769 5113 libertatis
783 5073 835 5128 per
853 5073 952 5129 pecca·
1005 5061 1138 5132 gentibus
1153 5059 1348 5124 dominentur,
1362 5054 1539 5111 etdiimulti
1553 5055 1604 5127 qui
1618 5056 1653 5110 ab
1678 5052 1853 5109 aliiscolan·

94 5148 281 5202 umventum
296 5144 386 5200 estad
400 5146 569 5200 servitutem
583 5146 696 5213 mundi,
724 5146 835 5217 primus
858 5162 951 5202 sermo
1003 5153 1065 5203 tur:
1082 5148 1130 5203 sed
1158 5152 1255 5202 tamen
1281 5160 1356 5199 unus
1380 5145 1455 5199 Deus
1481 5149 1523 5198 ast
1546 5143 1640 5211 nobis,
1664 5146 1693 5197 et
1713 5156 1786 5196 unus
1812 5143 1856 5195 est

93 5233 219 5305 decalogi
244 5233 280 5289 de
305 5233 439 5289 libertate
466 5238 529 5289 est:
555 5237 613 5304 Epo
640 5250 700 5291 sum
722 5237 851 5291 Dominus
882 5238 951 5292 Deua
1006 5236 1153 5291 Dominus.
1172 5233 1342 5291 UndeDeut.
1356 5249 1431 5287 mu
1447 5248 1454 5286 ι
1469 5233 1541 5287 Cam
1572 5231 1705 5287 diuideret
1724 5231 1854 5286 aeaeae

94 5326 150 5380 tuas
164 5325 217 5394 ᾳιιι·
230 5322 485 5378 educitedeterra
500 5324 631 5393 AEnyptt,
647 5328 719 5390 etc.;
734 5323 952 5380 bancsocemin
1004 5330 1094 5395 gentes
1124 5328 1149 5378 et
1176 5320 1321 5392 separabat
1345 5319 1418 5390 filies
1446 5319 1548 5387 Adam,
1589 5321 1686 5375 statutt
1727 5319 1853 5373 terminos

94 5413 211 5485 Egypto
227 5410 328 5467 andire
346 5425 406 5465 non
419 5412 535 5480 potaris.
562 5413 595 5467 Et
608 5412 632 5466 si
659 5410 711 5466 tibi
739 5412 907 5484 injungatur
920 5418 954 5469 at
1004 5415 1124 5483 gentium
1152 5409 1298 5466 secuudum
1324 5423 1465 5464 nummum
1477 5409 1633 5479 caecarum
1655 5409 1713 5462 Dei.
1729 5406 1854 5477 Angelos

92 5498 175 5557 iacias
202 5500 323 5574 pascha,
352 5497 485 5570 accingas
511 5499 637 5570 lumbos,
673 5499 795 5572 accipias
821 5500 952 5557 sandalia
1005 5515 1081 5572 ergo,
1111 5498 1215 5571 quibus
1237 5500 1335 5568 gentes
1365 5495 1507 5552 commisit
1544 5496 1684 5562 Excelsus,
1719 5493 1852 5549 dominos
