3892 6106
95 264 160 321 {24¹
648 266 776 324 GLOSSA
793 267 996 327 ottltlrlsltls.
1016 296 1053 313 -
1073 271 1137 328 hle.
1162 270 1280 328 lSAlAE.
1562 294 1566 301 ¹
1777 278 1845 335 lii!

129 389 248 445 vensi
265 390 425 457 -Nudsm
446 389 476 444 id
497 394 551 456 est,
579 387 829 446 obumbrationem
851 392 981 464 Spin-A
1036 395 1119 452 Vane.
1138 399 1180 450 ll.
1195 424 1227 437 -
1252 397 1288 452 Et
1297 399 1443 464 pascentur
1464 398 1540 465 ogre.
1571 395 1730 469 (Influxit
1756 399 1847 455 bisto-

93 484 150 545 tus,
161 479 192 533 in
207 478 353 549 prosperis
367 495 403 532 ne
426 481 584 547 eleventur,
596 478 670 532 sicut
691 478 758 534 liliis
788 481 874 534 lsrael
889 498 945 536 nu·
999 481 1073 536 riam
1087 481 1163 538 idem
1178 482 1311 554 estquod
1326 499 1423 553 snpre,
1441 483 1591 554 regionem
1609 488 1732 540 vestrum
1759 486 1847 543 elium

91 566 143 622 bes
159 566 189 620 in
202 565 248 619 oie
265 572 338 633 eret,
351 565 427 636 ignis
442 567 471 620 in
487 572 580 621 nocte.
999 570 1139 625 devorent
1152 587 1248 626 corem
1264 570 1354 626 vobis.

128 656 164 710 m
177 657 296 723 sumum,
323 658 377 708 etc.
395 653 500 724 (ιιιιι.)
525 654 605 710 Unde
620 670 627 709 ε
645 656 748 711 Domus
771 658 883 726 impleto
905 662 946 712 est
1035 658 1179 714 Aduena:
1207 662 1360 727 Auferetur
1381 659 1487 716 euobis
1506 676 1618 730 reguum
1643 662 1703 725 bet.
1728 663 1782 717 etc.
1810 663 1850 719 lte

90 745 168 807 sumo
183 742 282 812 (eruc.
300 744 375 812 ιιιι);
394 748 423 796 et
436 742 505 796 alibi
520 758 529 797 r
551 743 605 809 Qui
616 746 706 811 tangit
717 750 817 800 montes
841 750 867 800 et
894 747 943 813 tu·
998 751 1058 801 toto
1071 747 1229 802 enimurbe
1244 752 1427 818 congregata,
1440 754 1506 816 etc,
1521 763 1605 817 usque
1617 749 1697 803 adut
1712 750 1776 804 loce
1787 753 1849 806 tau·

92 827 303 897 mipouthsol.
321 832 391 895 cur).
998 835 1382 907 rorumoccnpereutagni.
1438 891 1443 900 ,

130 916 220 984 Super
233 932 335 971 omnem
352 920 433 972 cuim.
457 917 576 973 Plurimi
590 918 766 986 indicorum,
794 925 860 988 etc,
897 935 944 976 us·
1034 924 1177 979 Venelli.
1207 954 1242 965 -
1261 927 1306 978 Vec
1334 927 1382 993 qui
1408 925 1529 978 trahitis.
1560 924 1625 978 lirec
1642 924 1677 979 ed
1702 923 1847 997 principes

93 1019 148 1071 que
161 1004 200 1057 od
217 1020 268 1058 nos
278 1009 372 1060 eutem
389 1006 424 1060 ed
440 1007 565 1079 priuzum
581 1006 687 1062 Christi
701 1008 869 1064 adventum.
997 1010 1172 1075 iudeorum,
1185 1016 1249 1078 etc,
1265 1027 1350 1083 usquc
1364 1011 1402 1067 cd
1415 1012 1660 1068 anathematizent
1675 1014 1845 1070 vocehulum

438 1147 552 1203 CAPUT
573 1148 593 1201 V
999 1098 1235 1157 Christianorum.
1618 1174 1624 1191 ι

597 1190 603 1203 “
1035 1189 1070 1242 ln
1095 1190 1226 1253 funiculis
1240 1190 1381 1244 vendetis.
1399 1188 1462 1257 (ln.)
1478 1189 1509 1245 ln
1523 1189 1628 1260 quibus
1657 1193 1749 1255 erunt,
1779 1194 1844 1258 etc,

134 1267 217 1322 vrrs.
247 1271 271 1323 l.
300 1299 335 1310 -
363 1269 482 1326 dorstado
511 1270 617 1339 dilecto,
650 1278 704 1327 etc.
733 1272 835 1344 (Hire.)
869 1272 945 1328 Can-
998 1275 1276 1347 usqueodtanquam
1292 1275 1471 1330 solidissimis
1486 1276 1607 1332 vinculis
1619 1282 1763 1333 tenemur.

93 1355 185 1410 ticum
200 1357 395 1428 aliquundoin
414 1358 524 1426 letitie,
541 1359 696 1430 aliqnando
712 1360 743 1415 in
759 1360 886 1427 tristitie,
914 1365 946 1415 ιιι
1037 1364 1123 1419 Vens.
1143 1366 1184 1419 te.
1201 1395 1234 1406 —
1261 1367 1305 1421 Vae
1320 1367 1368 1435 qui
1391 1366 1492 1420 dicitis.
1512 1365 1573 1435 (ln.)
1600 1367 1657 1421 lloc
1684 1365 1846 1437 specialiter

94 1442 160 1505 hoc,
178 1444 430 1518 scilicetqnodille
445 1445 679 1517 composuit‚qui
693 1447 944 1502 videnscivitatem
999 1457 1099 1507 contre
1124 1453 1237 1507 ludoeos
1258 1452 1308 1523 qui
1335 1453 1488 1508 barrabam
1517 1454 1675 1525 elegerunt,
1700 1453 1844 1510 Christum

96 1531 186 1598 llerit,
197 1532 295 1586 dicens
310 1535 402 1599 :Quin
414 1536 613 1602 etcopuouiesee
623 1541 648 1590 et
661 1541 700 1599 tu,
713 1541 780 1604 etc,
791 1537 866 1606 tluc.
875 1540 944 1604 ιιι).
999 1542 1276 1599 condemnaverunt:
1290 1541 1462 1612 generaliter
1473 1540 1510 1597 ed
1523 1557 1625 1598 omncs
1639 1542 1689 1614 qui
1704 1542 1845 1613 injustum

132 1620 213 1675 Vens.
231 1623 308 1676 2.-
325 1622 438 1676 Vineam
463 1623 749 1692 corrumpentia
775 1624 872 1692 editio,
903 1623 944 1678 vi·
996 1628 1166 1700 justillceul,
1193 1629 1304 1700 justum
1330 1629 1534 1686 condemnent.
1569 1631 1681 1698 lictum,
1710 1629 1844 1694 tenebras,

97 1719 184 1758 neam
198 1706 292 1772 sorec,
308 1708 383 1777 qood
397 1715 439 1761 est
452 1723 543 1778 genus
559 1708 624 1763 vitis
646 1709 776 1779 optimae,
792 1710 945 1765 uberrimos
1000 1732 1134 1784 cruorum,
1153 1717 1182 1770 in
1196 1716 1283 1771 simili
1295 1715 1503 1787 significatione
1522 1720 1550 1772 et
1565 1717 1658 1788 ligura
1685 1723 1843 1788 ponuntur.

97 1793 247 1865 perpetuis
269 1794 422 1862 tructihos;
450 1801 553 1851 cuncta
578 1813 643 1868 quoe
663 1798 699 1853 de
716 1798 947 1854 vineedicuntur
1000 1805 1031 1859 ln
1047 1805 1170 1860 Barraha
1184 1805 1330 1860 diabolum
1354 1803 1553 1875 intelligimus,
1583 1804 1714 1876 dequo:
1746 1804 1846 1859 bitere

97 1880 133 1935 ad
160 1886 267 1937 statum
290 1882 395 1938 enimes
418 1884 591 1952 reseruntur,
621 1901 686 1955 qum
710 1886 797 1940 elien
819 1887 945 1957 planteta
999 1904 1074 1944 noso
1091 1893 1172 1946 molo.

97 1984 157 2024 non
171 1970 266 2024 attulit
282 1986 360 2036 uvas,
377 1974 427 2026 aed
443 1972 606 2027 labruscas:
624 1979 652 2028 et
665 1973 770 2028 tradita
783 1980 827 2030 est
848 1973 946 2030 bestiis
1035 1978 1118 2033 Vens.
1135 1981 1180 2033 ιι.
1196 2007 1230 2020 -
1247 1980 1293 2034 Vre
1307 1980 1356 2048 qui
1368 1980 1502 2049 aopicutce
1523 1979 1597 2033 estis.
1626 1978 1764 2050 Despecta
1795 1978 1846 2034 liei

96 2058 302 2124 conculcanda,
318 2075 371 2114 nec
392 2059 516 2115 imbrem
544 2060 683 2116 doctrine
712 2062 849 2133 suscepit,
878 2064 947 2135 quia
1000 2065 1151 2136 sapientia,
1167 2070 1233 2132 etc,
1244 2067 1439 2135 usquecdnec
1453 2066 1607 2122 intrented
1619 2067 1777 2135 Christum,
1794 2084 1846 2124 nec
1883 2075 1885 2079 ’

96 2146 175 2201 done
186 2146 332 2216 preterita
345 2148 528 2218 contempsit.
999 2155 1172 2224 permittunt
1186 2154 1304 2208 intrare.

135 2235 221 2288 Vens.
239 2237 264 2290 3.
280 2263 316 2276 -
343 2237 499 2303 trunces-00
523 2237 699 2302 dubitatores,
728 2242 782 2293 etc.
808 2237 947 2295 Similiter
1035 2241 1115 2296 Vens.
1145 2244 1191 2297 it.
1219 2269 1255 2282 -
1273 2242 1447 2296 Ebrietatem.
1472 2239 1577 2294 Vinum
1607 2240 1735 2296 continet
1759 2256 1847 2297 ornne

97 2323 210 2379 Nathan
226 2324 314 2381 [levid
339 2325 509 2397 interroget,
536 2333 569 2381 ιιι
584 2326 619 2382 de
636 2332 816 2400 setenquam
841 2329 876 2384 de
891 2329 947 2384 elio
999 2329 1112 2384 vitium.
1155 2329 1282 2386 Ebrietas
1309 2333 1382 2401 (quoe
1416 2327 1550 2383 llehreice
1581 2328 1675 2394 sicera)
1705 2326 1848 2399 significat

96 2411 270 2466 sententiam
281 2413 418 2484 proferet.
1000 2416 1099 2470 omnie
1113 2433 1179 2488 ques
1193 2420 1299 2472 statum
1312 2416 1416 2472 mentis
1443 2419 1584 2471 evertunt.
1603 2416 1640 2470 Ex
1669 2414 1847 2470 abundantis

135 2500 215 2554 Vens.
232 2501 449 2570 h-Anquod
461 2504 628 2572 exspectaui,
656 2504 811 2559 etc.‘llloc
842 2520 946 2559 secun-
998 2504 1081 2574 panis
1095 2509 1124 2558 et
1141 2504 1199 2558 vini
1215 2509 1361 2576 peccetum
1376 2503 1567 2557 Sodomorum
1583 2503 1682 2557 creuit.

96 2587 168 2641 dum
183 2589 322 2658 quosdam
346 2605 433 2660 supra
449 2591 526 2662 epod
553 2607 583 2645 se
598 2590 680 2657 dixit,
709 2590 755 2646 hic
773 2606 840 2646 vero
868 2592 945 2664 quod
1037 2591 1114 2647 Vens.
1130 2593 1174 2646 2³.
1199 2620 1234 2632 ·-
1250 2593 1305 2658 Qui
1329 2589 1490 2662 justificatis
1515 2591 1631 2658 impium
1647 2604 1698 2658 pro
1726 2590 1846 2643 muneri-

96 2675 283 2747 cogiteveret,
299 2677 372 2731 elius
384 2677 553 2749 interroget.
1001 2677 1058 2733 hus.
1076 2678 1168 2749 Supra
1183 2678 1291 2733 dictum
1313 2682 1365 2746 est,
1383 2676 1452 2749 quie
1467 2693 1518 2748 pro
1535 2676 1597 2731 uvis
1612 2677 1773 2732 attulerunt
1786 2675 1846 2746 spi·

134 2765 213 2819 vaes.
231 2767 257 2818 5.
273 2795 308 2805 —
323 2768 354 2821 El
364 2782 435 2822 nunc
447 2767 587 2821 ostendum
601 2768 685 2823 echis.
704 2767 790 2832 Quasi
814 2769 944 2824 diceret:
1000 2783 1062 2836 nes,
1079 2773 1108 2822 et
1121 2768 1230 2834 lenum,
1246 2772 1274 2821 et
1287 2767 1376 2838 ligne,
1393 2770 1421 2819 et
1435 2766 1566 2837 stipulus,
1582 2769 1611 2819 et
1638 2781 1739 2836 vepres
1761 2779 1844 2820 ersu-

96 2852 345 2918 Qnienonvultis
373 2856 559 2927 respondere,
593 2872 662 2927 ergo
690 2857 871 2928 respondebo
894 2874 946 2929 pro
1001 2872 1057 2922 ros,
1075 2855 1143 2926 quia
1164 2872 1222 2910 non
1244 2860 1358 2909 ιιιιιιιιιιι
1387 2853 1441 2908 ista
1464 2854 1602 2912 fecerunt.
1632 2853 1680 2907 sed
1697 2856 1726 2907 et
1752 2853 1846 2923 legem

97 2942 191 2995 vohis.
961 2943 1174 3015 cebjecernnt‚
1203 2946 1232 2996 et
1254 2942 1401 3013 eloquium
1433 2942 1482 2997 [tei
1512 2942 1790 3012 blesphemeverunt
1806 2941 1846 2996 De

134 3030 347 3096 Auferametc.
364 3032 400 3086 Ut
414 3031 521 3087 scilicet
535 3032 587 3103 qni
603 3034 695 3089 Deum
720 3049 778 3089 nou
795 3039 948 3089 senserunt
1001 3030 1128 3101 quibus:
1146 3030 1266 3086 DcSiorr
1280 3030 1365 3084 coibit
1386 3030 1439 3094 teu,
1453 3035 1479 3085 st
1496 3030 1607 3085 verdum
1620 3029 1775 3085 Dominicis
1798 3030 1847 3083 dc

97 3132 152 3187 per
168 3118 318 3182 beneticia,
334 3119 459 3174 sentiant
474 3135 526 3191 per
549 3120 701 3192 supplicia,
727 3127 755 3177 et
767 3123 833 3178 idco
857 3122 946 3177 mine·
999 3119 1126 3173 ruralem.

97 3210 148 3259 tur
162 3221 286 3276 poenam,
304 3199 548 3262 utconvertaritur
559 3210 593 3262 ed
608 3208 820 3279 poenitentiem.
1036 3206 1121 3260 Vens.
1138 3205 1182 3260 el.
1206 3234 1241 3245 -
1267 3204 1361 3261 Rodio
1374 3219 1474 3259 eorum.
1494 3203 1560 3274 (lu.)
1589 3205 1678 3259 Pruve
1698 3203 1845 3275 cogitatio,

136 3295 219 3348 Vens.
244 3298 270 3348 o.
285 3324 319 3335 -
333 3296 372 3350 Ει
386 3296 512 3362 nubibus,
526 3296 592 3366 (ln.)
620 3298 689 3362 Qute
715 3297 767 3352 sub
781 3297 849 3366 lilia,
877 3303 943 3366 etc,
1000 3308 1100 3363 exque
1113 3292 1241 3363 procedit
1253 3308 1325 3364 opus
1340 3297 1479 3364 tunquam
1493 3307 1624 3362 germen.
1926 3347 1928 3351 ,

97 3380 232 3451 usquead
250 3383 602 3456 quandonecprophetes
629 3384 801 3455 babuerunt,
829 3393 858 3442 et
878 3404 946 3459 epo·
1035 3380 1121 3436 Vltus·
1139 3384 1184 3436 25.
1215 3411 1249 3422 -
1274 3381 1336 3435 ldeo
1364 3384 1463 3436 iratus.
1489 3379 1552 3452 (ln.)
1580 3380 1741 3436 Notandum
1768 3380 1846 3453 quod

97 3469 188 3523 stolus
202 3470 382 3541 repulerunt.
452 3483 454 3489 ’
1000 3481 1058 3520 ιιοιι
1072 3468 1226 3539 exprobret
1252 3467 1445 3523 idololatriam
1459 3474 1488 3523 et
1514 3473 1618 3523 cetere
1646 3472 1772 3539 peccota,
1797 3470 1846 3524 sed

137 3557 305 3611 venet.-
321 3559 528 3623 nummisma,
555 3562 609 3615 etc,
638 3560 848 3634 (1„)E1quo
874 3562 946 3618 divi.
999 3556 1076 3625 quod
1091 3555 1258 3626 abjecerunt
1272 3556 1365 3626 legem
1388 3555 1545 3627 Evangelii,
1572 3561 1601 3610 et
1627 3557 1845 3627 blasphemave-

96 3650 447 3716 sumestregnum,etc.,
464 3647 826 3719 usqucodquiasshristns
847 3668 881 3706 ex
905 3651 946 3706 eis
999 3649 1211 3699 runtsenctum
1227 3659 1388 3699 sermonem
1406 3644 1522 3699 Domini
1538 3661 1544 3699 :
1563 3644 1612 3715 qui
1638 3644 1728 3698 iratus
1751 3644 1846 3700 iuerat
1882 3646 1884 3650 ’

98 3735 250 3788 natusest.
999 3734 1097 3784 contre
1113 3730 1259 3800 principes
1274 3734 1304 3784 et
1317 3735 1457 3800 potentes,
1474 3730 1524 3800 qui
1540 3735 1623 3785 erent
1637 3731 1779 3800 sapientes
1790 3731 1844 3787 sibi

138 3823 201 3876 Ecce
225 3821 335 3876 clamor.
361 3822 424 3888 Οιιο
450 3823 620 3878 vociferatus
648 3829 690 3879 est
717 3828 818 3878 contra
846 3825 944 3879 Domi·
999 3821 1027 3871 θῑ
1042 3833 1162 3872 munera
1186 3823 1351 3888 ⁸⁰tl⁰⁰¹¹l0⁵3
1374 3834 1447 3888 ‘lll⁰³
1471 3817 1615 3872 d⁰l⁰f³Vi²
1643 3819 1744 3890 ¹1⁰8¹¹⁸
1759 3819 1843 3889 ignite

98 3925 170 3963 nom
186 3909 367 3977 etelemevit,
382 3912 479 3965 dicens
494 3926 502 3965 z
516 3911 604 3978 Tolle,
620 3912 701 3975 tolle,
722 3912 874 3983 crucillge3
889 3913 944 3978 vel,
998 3909 1032 3958 ut
1045 3909 1175 3976 potentes
1189 3909 1321 3975 potenter
1336 3908 1480 3958 tormenta
1494 3904 1648 3975 patiantur.

96 3998 253 4051 clamorem
269 4014 320 4067 pro
346 3998 458 4067 justitia
481 3999 619 4067 lecerunt,
638 4001 708 4071 qnia
725 4001 871 4057 Christum
897 4001 944 4055 in·
1033 3991 1581 4063 lrsslttttti·(l⁰·)N⁰¹1tlt¹⁰d¹¹¹¹m³ssi⁸
1606 3992 1751 4061 sth'aceat
1779 4008 1843 4064 ltal-

98 4086 281 4152 terleceruot,
314 4086 394 4156 cuius
423 4085 541 4158 sanguis
563 4088 669 4142 clamet
686 4086 722 4141 ed
764 4087 941 4143 Dominum:
999 4080 1140 4147 sionibus;
1160 4080 1210 4134 sed
1226 4080 1276 4150 qui
1295 4080 1506 4150 delinquimus,
1531 4079 1587 4134 nisi
1608 4080 1759 4135 bominum
1786 4079 1843 4134 ire·

103 4174 162 4227 Vuc
178 4174 291 4240 sanquis
315 4175 416 4240 fratris
443 4177 484 4228 tut
508 4175 577 4231 Atel
599 4176 801 4230 cumctcume
820 4176 853 4230 dc
871 4182 945 4231 terro
1001 4174 1126 4225 seentcm
1141 4167 1325 4230 audierimus,
1346 4184 1405 4222 non
1419 4167 1564 4223 umemus.

97 4258 178 4328 (lieu.
193 4261 240 4326 ιν).
961 4233 982 4286 Ι)
1035 4261 1071 4314 Ει
1084 4260 1227 4327 permissit,
1241 4262 1293 4310 etc.
1313 4256 1420 4311 Future
1441 4255 1523 4328 quasi
1537 4255 1683 4327 proterite
1694 4255 1763 4312 dicit
1777 4271 1844 4328 pro·

136 4349 212 4402 Vens.
230 4351 304 4404 8.-
324 4350 369 4405 l'e
379 4351 427 4419 qui
441 4351 618 4420 conjungitis.
646 4350 706 4406 lluc
720 4351 881 4421 specialiter
908 4352 944 4406 ad
997 4347 1104 4419 pheleli
1120 4346 1303 4400 certitudine.

95 4436 212 4491 ludoeos
226 4435 276 4507 qui
290 4437 457 4503 avarissimi,
471 4443 537 4499 etc..
561 4438 697 4509 usquead
722 4440 813 4495 donec
832 4440 946 4494 deliciet
1030 4434 1112 4489 Vltus·
1127 4437 1172 4488 26·
1188 4463 1222 4473 -
1240 4433 1281 4488 El
1297 4431 1421 4488 sibilabit
1434 4433 1472 4487 ml
1491 4448 1552 4487 etim
1579 4432 1613 4487 de
1631 4431 1732 4503 finibus
1752 4437 1841 4498 terrv,

96 4530 183 4592 terra,
197 4540 296 4578 sensus
310 4524 425 4591 scilicet,
447 4531 476 4579 et
488 4542 583 4581 sermo
595 4527 747 4582 humenns.
996 4528 1049 4580 etc.
1066 4522 1133 4594 (ln.)
1148 4521 1261 4577 liebroei
1273 4521 1350 4576 hunc
1376 4521 1471 4575 locum
1494 4521 1529 4575 de
1546 4521 1712 4590 Babyloniis
1739 4520 1843 4576 intelli·

134 4611 214 4665 Vena.
233 4615 259 4665 9.
276 4642 310 4651 --
337 4614 373 4666 Ire
400 4613 523 4669 curibus.
545 4613 610 4686 (lu.)
632 4615 718 4679 Quasi
750 4614 856 4669 diceret
878 4631 944 4686 pro-
995 4616 1078 4681 gunt,
1096 4609 1471 4681 etc.,usquecdeffectnse
1488 4608 1838 4680 jungitpopulo,etait:
1885 4693 1887 4697 y

94 4698 182 4769 phele
198 4715 205 4754 :
223 4701 288 4754 llaec
302 4701 387 4756 verba
405 4701 589 4757 interioribus
616 4703 734 4758 auribus
747 4703 852 4766 audivi,
878 4720 943 4776 qum
1031 4704 1111 4758 Vens.
1129 4705 1171 4758 30.
1187 4733 1220 4744 -
1245 4704 1424 4773 Aspiciemue.
1455 4701 1516 4755 llon
1533 4700 1597 4755 ausi
1612 4698 1752 4769 respicere
1781 4713 1840 4752 cue·

94 4792 163 4841 sunt
178 4787 291 4842 Domini
305 4789 492 4844 exercituum.
995 4788 1066 4858 lum,
1094 4791 1176 4862 cnjus
1197 4790 1388 4845 habitatorem
1410 4788 1499 4843 Deum
1527 4785 1711 4853 offendimus,
1738 4790 1768 4841 st
1792 4785 1841 4840 lox

129 4876 191 4932 Nisi
205 4876 309 4943 wreus,
325 4881 379 4931 etc.
397 4878 504 4949 Pompe
523 4878 641 4946 scilicet,
654 4884 685 4935 et
711 4884 854 4934 structure
881 4880 943 4936 he·
995 4883 1103 4947 nostra,
1115 4895 1207 4951 quem
1232 4892 1346 4949 semper
1362 4877 1540 4931 bebebemus
1553 4875 1585 4931 in
1600 4876 1669 4942 lieo,
1681 4873 1839 4929 tribulatio·

94 4962 261 5027 reticurum,
275 4980 360 5034 usque
379 4964 416 5019 od
435 4966 486 5037 qui
496 4966 531 5021 ad
545 4967 790 5039 comparationem
801 4968 942 5039 multipli-
994 4982 1065 5022 num
1079 4969 1202 5039 caligine
1214 4967 1366 5021 obscurato
1376 4970 1427 5019 est.

93 5050 135 5105 cis
152 5051 267 5105 numeri
277 5052 385 5107 unione
399 5053 614 5124 constringitur.

130 5139 267 5193 Vsus.10.
295 5168 330 5181 -
357 5142 449 5195 Decem
473 5143 545 5196 enim
570 5142 681 5211 jugeru.
710 5141 776 5214 (In.)
803 5141 942 5200 Sterilitas
1331 5144 1444 5199 CAPUT
1459 5143 1505 5197 Vl.

93 5230 264 5298 temae,quoe
279 5227 474 5299 captivitatem
487 5237 620 5284 secutura
628 5235 680 5296 est,
696 5231 865 5286 ostenditur.

130 5315 212 5371 Vens.
231 5317 320 5370 ll.-
347 5318 394 5372 Ve
414 5319 463 5386 qui
483 5320 655 5387 consurgitis.
683 5318 771 5383 Onesi
796 5319 904 5376 diceret
932 5335 940 5375 ι
1029 5321 1107 5377 Vens.
1125 5324 1148 5374 l.
1173 5350 1208 5361 -
1230 5320 1356 5385 incuso,
1386 5322 1439 5373 etc.
1469 5317 1574 5387 (Hiar.)
1599 5316 1678 5373 Osias
1704 5316 1765 5391 ipse
1794 5321 1837 5373 est

93 5402 248 5475 Captivitas
264 5403 405 5472 imminet,
421 5392 702 5475 etc.,usqueudnon
717 5407 885 5480 intelligunt
909 5408 941 5464 iu
992 5408 1117 5476 breues,
1143 5412 1210 5475 etc,
1232 5424 1316 5478 usque
1338 5409 1377 5462 od
1403 5407 1508 5463 cedens
1532 5406 1562 5463 in
1586 5405 1699 5475 leciem,
1728 5408 1838 5465 excelsa

93 5507 124 5547 se
138 5507 228 5563 opere
241 5491 367 5549 Domini.
604 5521 609 5532 .
993 5512 1061 5552 voce
1074 5497 1179 5550 clemat
1193 5496 1229 5552 ad
1247 5496 1414 5553 Dominum.
