3892 6106
96 258 165 312 soit

415 253 611 310 ulnarum
630 255 753 310 smum
773 252 873 310 etun.
896 253 977 309 nou.
998 253 1076 310 ore.
1100 254 1187 309 raes
1205 226 1227 308 i.
1246 281 1283 295 -
1301 251 1529 311 rnnouoorcs.

1789 253 1850 307 net

90 377 191 449 ptismi
218 377 324 432 lactum
360 381 415 443 est,
443 378 472 431 in
507 393 563 447 quo
597 375 770 430 redimimur
793 377 828 432 de
857 379 981 431 monuit
1001 393 1079 447 pars,
1108 377 1155 432 ubi
1185 378 1253 432 item
1278 381 1305 432 et
1332 377 1387 431 alia
1415 381 1533 448 peecata
1562 381 1732 445 enumerat,
1760 380 1789 430 et
1807 393 1853 447 per

94 465 200 521 diaboli
237 466 375 537 sanguine
406 464 532 531 Christi;
562 465 639 519 unde.
670 469 698 518 et
723 481 798 519 mure
821 466 942 521 Rubrum

91 553 172 620 dixit,
189 554 263 624 qarod
279 553 374 606 colore
386 553 503 623 sanguis
518 552 706 624 figurabatur.

129 642 214 696 Vens.
234 643 275 695 lt.
291 672 325 679 -
344 645 379 696 Et
401 641 575 695 erediderunt
600 644 642 696 tn.
664 643 757 713 (Auo.)
774 643 841 698 Ecce
870 643 943 697 dura

93 729 364 790 cordatudaeorum,
394 746 457 800 quae
472 746 528 783 non
549 736 626 797 ante,
641 731 689 784 sed
716 736 781 802 post
806 731 942 786 miracula

93 818 231 872 credunt:
249 817 351 870 melius
366 817 421 871 luit
435 815 618 887 promittenti
632 819 757 873 credere.

127 906 206 958 Vens.
228 907 316 958 l3.—
335 906 393 961 Cito
414 907 546 972 (acuunt,
572 907 659 961 obliti.
685 907 777 960 Tertia
802 923 878 978 pars,
892 907 941 962 rubi

92 992 211 1063 exponit
224 997 348 1064 peccata,
365 1010 429 1065 qum
441 1001 502 1066 post
515 994 621 1049 exitum
632 995 760 1049 fecerunt
771 1012 777 1048 t
787 1011 838 1049 nec
847 1001 941 1048 umen

93 1080 184 1135 defuit
197 1082 238 1135 eis
263 1082 460 1136 misericordia
485 1083 535 1136 Dei
550 1099 601 1153 per
629 1085 741 1153 Moysen
762 1084 875 1152 placati.
893 1083 941 1137 Vel

93 1169 247 1238 correptio,
263 1187 315 1240 per
326 1170 467 1241 justitiam
486 1172 544 1237 Dei,
562 1173 591 1225 iu
607 1172 746 1242 quosdam
761 1188 813 1242 per
828 1173 941 1241 Moysen

95 1256 273 1313 vindicantis.
300 1258 397 1329 (Cass.)
424 1259 483 1315 Cito
508 1261 640 1326 (eruunt.
660 1259 778 1314 Summa
799 1255 941 1311 celeritate

94 1347 197 1400 mutati
211 1352 286 1413 sunt,
308 1353 375 1414 ete,
390 1363 474 1418 usque
498 1348 535 1402 ad
547 1348 656 1402 distulit
679 1347 755 1401 enim
773 1347 845 1400 Deus
862 1344 940 1405 dare,

94 1439 125 1488 nt
140 1434 275 1504 probaret
289 1451 345 1489 eos.

130 1523 216 1577 Vnus.
246 1527 288 1578 la.
304 1553 340 1563 -
368 1524 571 1593 Corteupierunt
597 1525 880 1592 concupiscentiarum
895 1522 942 1576 de·

999 466 1120 520 Phineas
1135 466 1278 537 placatum
1296 467 1385 520 Deum
1401 465 1479 520 dicit.
1604 524 1608 530 ,

1032 556 1089 608 Non
1107 555 1279 609 crediderunt
1303 555 1381 608 uerbo
1396 555 1464 623 ejus.
1491 552 1584 624 (Aoo.)
1609 553 1852 624 Contempserunt

996 642 1071 713 quod
1087 660 1139 714 per
1151 644 1229 696 illam
1239 643 1539 712 significatamque,
1549 642 1683 711 usquead
1698 658 1762 697 non
1772 642 1851 696 susti·

995 739 1122 786 nuerunt
1138 731 1291 785 consilium
1306 732 1378 802 ejus.

1030 822 1064 875 In
1080 821 1260 874 tabernaculis
1289 821 1358 888 ejus.
1376 820 1472 888 (Cass.)
1503 820 1773 885 blarrmnravernnt,
1788 819 1850 890 quie

995 909 1049 963 hoc
1076 925 1134 962 non
1162 907 1370 972 laborantibus,
1400 908 1450 962 sed
1474 907 1573 962 otiosis
1598 908 1762 976 contingit,
1781 907 1849 961 unde

996 999 1088 1067 major
1102 996 1211 1050 invidia
1225 997 1354 1050 criminis
1368 997 1477 1050 crescit.

1031 1085 1114 1138 Vens.
1126 1086 1170 1137 ab.
1187 1114 1221 1123 —
1236 1086 1270 1138 Et
1283 1085 1396 1137 eleuauit
1406 1099 1516 1138 mansam
1531 1098 1609 1138 suurn
1619 1097 1705 1151 super
1718 1096 1773 1149 eos,
1787 1086 1848 1145 etc,

997 1171 1094 1243 (Cass.)
1118 1173 1182 1226 Haee
1208 1171 1321 1242 justitia
1364 1173 1412 1227 Dei
1439 1172 1637 1243 praemittitur,
1684 1176 1719 1224 ut
1754 1177 1847 1224 secuta

996 1263 1086 1333 pietas
1110 1261 1201 1331 magis
1230 1260 1417 1330 glorificetur,
1447 1277 1512 1332 quar
1540 1260 1635 1330 pietas
1661 1258 1695 1313 in
1720 1259 1848 1328 sequenti

996 1349 1165 1415 ostenditur,
1193 1347 1243 1403 ubi
1271 1347 1435 1403 interventu
1463 1348 1585 1402 Phineos
1613 1348 1692 1402 Deus
1725 1344 1849 1416 placatus

998 1436 1111 1491 dicitur.

1032 1526 1116 1581 Vnus.
1158 1529 1202 1581 28.
1231 1557 1264 1566 —
1294 1527 1329 1582 Et
1350 1527 1457 1580 initiati
1483 1529 1547 1580 sunt
1584 1525 1762 1594 Beetpbeqor.
1789 1524 1849 1594 (lo.)

94 1617 173 1666 ⁸97!st
191 1612 374 1682 (uncinulis
390 1611 546 1678 l⁰⁰¹¹il⁰sui
563 1611 754 1676 laudaverunt.
770 1617 822 1665 elc-
840 1611 940 1679 (cisa.)
958 1654 979 1709 B
996 1614 1056 1681 Vel,
1073 1614 1229 1669 consecrati
1249 1621 1324 1679 sunt,
1341 1614 1514 1685 quasimodo
1525 1613 1686 1682 adtempus
1701 1614 1849 1666 colentes:

95 1700 231 1755 Nimietas
247 1700 391 1766 desiderii,
405 1699 598 1771 geminatione
613 1699 690 1754 verbi
706 1699 874 1753 ostenditur.

129 1790 213 1843 VenS.
230 1793 272 1843 lb.
288 1818 323 1830 -
339 1790 523 1845 saturitatem.
547 1790 607 1842 Non
623 1793 665 1843 est
686 1789 746 1841 haee
761 1788 893 1842 saturitas
908 1787 943 1841 de

95 1896 153 1951 qua
169 1878 282 1933 dicitur.
315 1878 394 1932 Beati
419 1880 466 1946 qui
488 1881 611 1933 esuriunt
639 1881 664 1932 et
678 1881 776 1932 sitiunt
792 1877 943 1946 justitiam,

96 1969 225 2037 quoniam
240 1969 295 2036 ipsi
304 1966 504 2021 saturabuntur
519 1965 632 2035 (Mattb.
643 1963 681 2035 s).

131 2056 164 2111 In
177 2056 283 2109 animas
306 2069 405 2108 eorum.
436 2055 526 2122 (Auo.)
547 2053 769 2119 animalitatem,
797 2067 863 2123 qna
882 2069 943 2107 sus·

96 2147 223 2199 tentatur
238 2158 319 2196 esca:
337 2141 416 2196 Unde
439 2146 468 2195 et
488 2141 519 2195 in
541 2141 716 2211 Evangelio:
745 2142 838 2197 Nonne
852 2142 945 2194 anima

96 2236 135 2288 est
146 2233 208 2301 plus
222 2246 304 2300 quam
329 2244 389 2284 esea
404 2233 418 2285 Ρ
433 2230 494 2291 Vel,
517 2230 638 2298 animas,
666 2235 697 2284 ut
720 2229 862 2293 vollentes,
879 2244 944 2299 qua

96 2320 274 2391 desperando
287 2319 419 2391 petierat,
444 2319 526 2388 copia
550 2319 712 2373 vinceretur
726 2335 733 2384 3
750 2317 943 2383 saturitatem,

97 2408 347 2478 sequitorseditio
367 2407 442 2461 unde
459 2407 564 2461 subdit.

131 2496 211 2550 Vens.
230 2499 271 2550 lb.
285 2527 318 2536 -
333 2499 368 2551 Et
394 2498 581 2549 irritaverunt.
604 2493 701 2565 (Cass.)
716 2495 859 2547 Honorem
881 2510 944 2548 am-

998 1703 1113 1774 gravior
1130 1718 1259 1757 excessus
1275 1709 1302 1756 et
1317 1701 1512 1755 veliementior
1537 1700 1580 1754 ira
1607 1700 1791 1756 daeruouibus
1804 1699 1850 1753 de·

997 1792 1137 1847 vovebant
1163 1790 1247 1845 lilios.
1279 1791 1370 1861 (Aua.)
1398 1792 1434 1845 Et
1463 1791 1569 1844 initiati
1591 1794 1671 1853 sunt,
1695 1795 1849 1859 antequam

997 1881 1112 1945 diceret,
1129 1885 1195 1946 etc,
1220 1894 1304 1948 usque
1317 1879 1356 1935 ad
1368 1879 1449 1947 cujus
1471 1878 1565 1949 major
1586 1878 1725 1933 interitus
1736 1878 1848 1933 iuturus

998 1975 1068 2031 erat,
1084 1968 1223 2023 liberavit.

1033 2059 1112 2112 Vens.
1126 2059 1169 2112 30.
1187 2087 1220 2096 —
1234 2059 1270 2111 Et
1294 2057 1369 2110 stetit
1386 2055 1510 2110 Pbiuees.
1526 2055 1626 2126 (Cass.)
1650 2053 1753 2111 Solida
1772 2070 1849 2109 men·

997 2151 1036 2212 te,
1052 2151 1118 2214 etc,
1134 2161 1217 2216 usque
1232 2144 1270 2199 ad
1283 2143 1352 2216 quia
1365 2143 1413 2215 qui
1430 2144 1502 2198 bone
1522 2144 1591 2215 agit,
1609 2147 1682 2198 orat.
1785 2144 1789 2148 ’

1034 2234 1118 2287 Vens.
1133 2234 1176 2287 31.
1192 2260 1227 2272 -
1255 2235 1290 2287 Et
1314 2237 1481 2302 reputatum,
1504 2237 1558 2286 etc.
1586 2232 1681 2301 (Aac.)
1699 2232 1788 2296 Deus,
1804 2230 1850 2302 qni

998 2322 1077 2376 novit
1090 2326 1198 2392 quanta
1207 2321 1347 2374 charitate
1362 2320 1461 2391 populi
1471 2320 1501 2374 id
1519 2319 1627 2374 iactum
1642 2319 1693 2386 sil,
1709 2318 1850 2390 reputavit

998 2410 1053 2464 hoc
1071 2409 1210 2464 sacerdoti
1239 2424 1290 2462 suo
1306 2409 1336 2461 in
1357 2408 1509 2479 justitiam,
1527 2423 1587 2461 non
1609 2406 1708 2461 solum
1724 2406 1849 2478 quandiu

998 2497 1146 2570 generatio
1162 2501 1215 2564 est,
1228 2497 1275 2551 sed
1293 2496 1426 2567 usquein
1441 2500 1590 2550 aeternum.

16 2661 27 2669 ἡ
96 2582 386 2648 bientesinvidendo,
407 2585 519 2654 lloysen
543 2583 572 2637 iu
595 2583 703 2649 castris,
726 2587 755 2636 et
768 2585 863 2635 Aaron
879 2599 944 2637 san·
1034 2588 1112 2641 Vens.
1136 2588 1179 2641 32.
1207 2614 1242 2624 -
1268 2587 1304 2639 Et
1329 2586 1518 2650 intrauerunt,
1544 2587 1597 2637 etc.
1627 2581 1732 2651 (Cass.)
1749 2580 1850 2647 Quinta

96 2674 174 2725 ctum
190 2671 399 2725 Dominithcec
414 2670 535 2724 irritatio
550 2672 604 2726 luit
617 2687 668 2742 pro
684 2668 852 2736 sacerdotio,
868 2672 944 2741 quod
998 2673 1138 2746 pars,ubi
1163 2671 1270 2744 egilde
1299 2688 1373 2744 aqua
1393 2670 1639 2736 contradictionis,
1657 2677 1688 2725 et
1703 2672 1738 2725 de
1753 2671 1851 2725 immo

98 2757 220 2812 babebat
235 2762 340 2825 Aaron,
355 2766 384 2815 et
401 2761 454 2817 lilii
469 2762 539 2832 ejus.
999 2763 1106 2817 latione
1126 2761 1264 2829 liliormn,
1285 2761 1361 2815 ande
1379 2760 1578 2814 vehementius
1600 2759 1694 2812 iratus
1709 2764 1754 2814 est
1769 2759 1849 2825 Deus,

133 2846 272 2902 Veneti.
290 2876 324 2889 -
348 2850 506 2919 Apertaest
525 2853 607 2903 terra.
637 2849 701 2916 (lo.)
719 2850 792 2904 Laus
815 2849 875 2916 Dei,
893 2848 943 2921 qui
999 2855 1141 2906 ettamen
1171 2855 1269 2921 postea
1282 2849 1426 2903 misertus.
1456 2848 1596 2913 Quasiita
1620 2847 1851 2902 irritaveruntin

97 2950 164 2990 suos
173 2935 327 2991 vindicavit
341 2939 464 3009 qualitas
478 2955 569 3010 poenae
594 2937 667 2992 lacta
694 2937 801 2993 indicat
816 2956 823 3006 ;
839 2944 945 2993 eterra
960 2923 981 2979 C
1000 2938 1250 2994 adinventionibus
1279 2937 1347 3006 suis,
1364 2937 1436 2991 sicut
1459 2952 1545 3007 supra
1572 2936 1681 2991 dictum
1699 2943 1745 2990 est
1761 2951 1851 3002 ;nnne

97 3029 244 3090 vorantur,
261 3025 312 3096 qui
326 3032 440 3081 terrena
456 3031 622 3097 sapuerunt.
999 3028 1105 3082 iterum
1121 3027 1316 3080 irritaverunt.

135 3111 217 3168 Vens.
238 3115 278 3168 18.
299 3145 334 3154 -
359 3116 392 3169 ln
414 3114 650 3186 autequando.)
679 3115 748 3170 Core
778 3119 946 3187 namqoeet
1034 3117 1273 3171 versib-Et
1291 3113 1421 3168 distinxit
1439 3112 1566 3168 inlabiis
1580 3114 1724 3180 suis,etc.
1745 3110 1851 3182 (Cass.)

98 3199 214 3254 ducenti
230 3201 439 3273 quinquaginta
453 3218 517 3256 com
530 3218 574 3262 oo,
591 3201 718 3254 volentes
733 3202 837 3256 habere
852 3218 945 3255 sacer·
1000 3207 1057 3260 Hoc
1081 3205 1261 3269 miraculum,
1277 3207 1341 3268 etc,
1367 3201 1503 3271 usquead
1523 3217 1579 3255 non
1602 3199 1702 3255 tenuit
1718 3199 1850 3255 fiduciam

98 3287 210 3342 dotium
233 3291 338 3352 Aaron,
363 3294 535 3361 acceperunt
555 3289 712 3354 thuribula,
740 3293 773 3343 ut
797 3291 946 3345 adolerent
999 3294 1113 3367 qualem
1138 3291 1247 3346 debuit.
1270 3288 1363 3361 (Auo.)
1390 3292 1423 3344 Et
1446 3290 1586 3344 distincti.
1607 3288 1849 3356 Quasi,hocnou

98 3375 258 3440 incensum,
275 3376 397 3447 ideoque
412 3376 509 3431 divino
524 3376 591 3447 igne
606 3377 769 3447 consumpti
786 3383 862 3432 sunt.
879 3380 945 3433 Pee-
999 3387 1096 3455 posset
1111 3383 1185 3435 Deus
1199 3380 1301 3443 lacere,
1330 3381 1394 3446 etc„
1416 3393 1500 3448 usquc
1527 3378 1565 3432 ad
1583 3393 1642 3431 nou
1668 3377 1850 3432 tamenalie·

98 3469 210 3518 catores.
221 3463 311 3533 (Aac.)
328 3466 389 3518 Non
405 3465 444 3518 ait
458 3470 619 3536 peccantes,
640 3464 714 3535 quod
731 3471 774 3519 est
790 3465 856 3520 boni
873 3483 879 3519 :
897 3466 945 3519 sed
1000 3476 1084 3526 natus
1099 3474 1167 3524 esta
1182 3484 1271 3538 regno
1286 3467 1386 3538 gratier
1403 3466 1461 3520 Dei.

96 3557 250 3621 peccatores
262 3552 344 3607 ualde
358 3552 474 3624 iniquos
499 3557 528 3607 et
551 3552 685 3623 gravibus
712 3553 831 3608 sarcinis
846 3570 946 3625 pecca·
1034 3559 1116 3613 Vnus.
1151 3560 1193 3612 35.
1223 3586 1257 3595 -
1290 3557 1399 3610 Gentes.
1423 3555 1538 3626 Septem
1561 3552 1625 3607 illos
1652 3553 1790 3624 populos,
1799 3553 1851 3625 qui

99 3644 194 3694 lotum
212 3645 353 3695 oneratos.
999 3651 1105 3702 terram
1121 3644 1319 3717 promissionis
1333 3643 1526 3714 possidebant.

135 3728 214 3782 Vnus.
233 3732 277 3784 te.
298 3731 383 3785 -Et
398 3732 531 3797 fecerunt.
552 3728 655 3800 (Cass.)
670 3730 835 3785 Absentiam
859 3729 946 3802 Moysi
1037 3737 1117 3788 Vens.
1151 3736 1194 3788 36.
1222 3761 1257 3771 -
1284 3734 1316 3786 El
1340 3732 1445 3797 sactum
1472 3734 1512 3783 est
1539 3730 1596 3784 illis
1625 3730 1655 3782 in
1680 3728 1848 3784 scandalum.

101 3832 159 3871 non
185 3818 351 3886 tolerantes,
377 3819 445 3873 dum
471 3819 531 3888 ipse
558 3819 589 3874 in
621 3820 724 3873 vertice
748 3820 853 3874 montis
869 3819 946 3874 Sinai
1001 3823 1102 3892 (Cass.)
1125 3822 1211 3875 Terra
1233 3819 1431 3891 promissionis
1455 3818 1521 3872 data
1545 3816 1574 3869 in
1589 3815 1759 3887 praemium,
1775 3831 1850 3869 versa

100 3912 271 3972 moraretur,
287 3908 466 3979 utacciperet
475 3909 580 3979 legem,
597 3908 726 3963 lecerunt
744 3908 878 3964 vitulum.
892 3910 946 3963 llo-
1001 3916 1044 3965 est
1056 3907 1255 3963 excedentibus
1271 3907 1301 3961 in
1317 3908 1442 3971 ruinam,
1468 3905 1535 3977 quie
1551 3904 1685 3975 gentium
1696 3903 1848 3957 conformi·

99 3996 154 4049 reb.
171 3996 377 4067 Interpretatur
404 3998 542 4061 caluaria,
554 3995 603 4050 ubi
619 3995 764 4050 crucifixio
779 3997 862 4061 lacta,
879 4003 945 4058 etc,
1002 4003 1058 4053 tate
1074 3999 1155 4051 tactae
1170 4002 1237 4050 sunt
1252 3996 1420 4049 idololatra.

100 4084 231 4154 usquead
246 4084 299 4138 hoe
316 4084 496 4154 impatientia
524 4085 631 4139 levium
658 4084 735 4151 fecit,
761 4084 833 4139 sicut
850 4083 947 4139 omnia
1036 4087 1116 4141 Vens.
1151 4090 1194 4141 37.
1220 4114 1255 4126 -
1278 4086 1313 4139 El
1339 4083 1553 4137 immolaverunt.
1587 4080 1682 4151 (Ano.)
1714 4081 1782 4135 llaec
1803 4077 1851 4132 etsi

101 4173 175 4227 mala
191 4189 223 4227 ex
239 4178 446 4228 adnascuntur.
960 4196 982 4250 D
1001 4175 1051 4230 illa
1063 4190 1120 4228 non
1136 4176 1232 4228 narret
1244 4171 1374 4239 historia,
1396 4177 1492 4224 tamen
1517 4169 1563 4223 hic
1576 4168 1722 4239 propheta
1738 4167 1851 4222 mentiri

137 4261 217 4316 Vens.
246 4263 289 4315 20.
317 4292 352 4302 -
377 4261 615 4316 insimilitudine.
645 4262 737 4331 (duaa.)
768 4263 829 4316 Non
864 4261 948 4316 aitin
1002 4279 1061 4317 non
1079 4267 1181 4334 potest.
1204 4261 1299 4331 (Cass.)
1327 4258 1355 4313 si
1382 4273 1440 4310 non
1468 4257 1498 4310 in
1525 4256 1630 4326 prima,
1661 4255 1691 4308 in
1723 4253 1849 4326 sequenti

100 4348 329 4415 similitudinem,
348 4350 396 4404 sed
412 4349 653 4404 insimilitudine.
681 4352 712 4404 Et
739 4350 857 4405 ostiolis
875 4352 949 4404 locu-

101 4437 152 4501 tio,
167 4443 199 4491 ut
212 4454 307 4507 sopra,
319 4443 344 4492 et
358 4438 533 4493 erediderunt
548 4440 578 4492 tn
591 4438 681 4494 uerbis
693 4440 761 4508 ejus.

137 4526 218 4580 Vens.
232 4527 276 4580 et.
294 4556 325 4567 -
343 4526 625 4595 oblitteratores.)
651 4527 750 4597 lingna
764 4527 867 4581 oblivio
882 4527 949 4599 qui-

101 4612 165 4668 dem
180 4614 209 4667 in
226 4614 372 4683 memoria,
389 4614 412 4668 si
427 4631 485 4668 non
501 4615 642 4669 liberatio.

138 4704 296 4758 Terribilia.
329 4703 400 4768 Quia
429 4704 605 4758 adversarios
629 4702 800 4770 alilirernnt,
828 4704 946 4768 abistis,

102 4806 188 4861 quem
204 4792 306 4846 timere
321 4792 469 4858 deberent,
486 4796 723 4847 monstraverunt.

138 4880 219 4932 Vens.
235 4882 279 4934 23.
309 4909 344 4919 -
368 4880 494 4935 stetisset
514 4883 544 4934 in
568 4883 760 4948 confractione.
791 4881 883 4951 (Auo.)
901 4881 948 4935 Di·

103 4984 187 5021 aens:
205 4970 298 5025 Sinon
312 4969 429 5024 dimittis
443 4969 508 5032 illis,
524 4968 581 5023 dele
594 4986 635 5024 ene
646 4970 678 5023 de
691 4970 759 5024 libro
775 4975 829 5024 tuo.
850 4970 949 5034 Quan-

102 5061 164 5110 tum
179 5058 254 5112 valet
267 5057 432 5112 intercessio
447 5059 633 5112 sanctorum?
659 5059 779 5114 Securus
793 5059 899 5128 lloyses
914 5058 949 5111 de

100 5144 212 5213 justitia
228 5145 288 5213 liei,
300 5162 358 5217 qua
370 5162 436 5200 eum
456 5146 550 5201 delere
566 5163 623 5201 non
650 5152 755 5218 posset,
784 5145 950 5216 impetravit

104 5233 330 5289 misericordiam
341 5234 377 5289 iis
394 5235 444 5306 qui
457 5237 533 5305 juste
547 5236 683 5306 perirent.

141 5323 175 5376 Ut
188 5328 320 5378 averteret
332 5327 414 5379 iram.
443 5326 482 5378 De
502 5340 576 5396 aque
603 5323 835 5379 contradictionis
850 5327 877 5377 et
892 5323 949 5377 im·

103 5409 258 5464 molatione
275 5409 410 5478 liliorum,
443 5413 517 5466 unde
546 5412 745 5467 vehementius
760 5413 848 5466 iratus
864 5413 949 5480 Deus,

105 5501 133 5552 el
158 5500 256 5554 tamen
288 5504 387 5569 postea
414 5501 555 5554 misertus.
587 5503 621 5556 Et
642 5516 693 5569 pro
720 5502 814 5556 nihilo.
844 5501 949 5565 Quarta

1003 4357 1086 4406 aetate
1103 4351 1208 4404 lactum
1223 4353 1265 4402 est
1280 4347 1355 4419 qnod
1371 4351 1468 4400 narrat
1484 4344 1581 4399 David.

965 4463 968 4470 ·
1038 4440 1117 4494 Vens.
1136 4441 1178 4493 38.
1196 4467 1230 4478 -
1248 4440 1280 4491 Et
1293 4437 1461 4502 intersectas.
1487 4433 1583 4502 (Aac.)
1597 4430 1719 4503 Tropina
1736 4429 1848 4495 locutio,

1003 4527 1154 4582 continens
1177 4540 1230 4595 pro
1254 4527 1401 4589 contento,
1427 4521 1455 4576 id
1482 4525 1523 4574 est
1537 4519 1688 4586 bomines;
1704 4519 1765 4590 ipsi
1778 4519 1848 4574 enim

1003 4614 1214 4671 interficiebant
1226 4613 1336 4667 animas
1359 4627 1424 4665 suas
1446 4608 1621 4664 immolando
1637 4608 1728 4676 tilios,
1745 4615 1774 4662 et
1788 4623 1848 4663 con·

1002 4704 1133 4761 taminati
1148 4707 1215 4755 sunt
1228 4701 1258 4755 in
1270 4700 1414 4771 operibns.

1038 4791 1117 4844 Vens.
1142 4793 1185 4845 39.
1204 4820 1234 4830 -·
1264 4787 1507 4844 Adlnventionibus
1527 4787 1593 4840 suis.
1614 4785 1679 4856 (lo.)
1695 4786 1760 4841 Non
1777 4783 1847 4857 quod

1002 4877 1089 4949 primi
1103 4876 1289 4941 invenissent,
1305 4876 1354 4929 sed
1369 4874 1438 4945 quia
1466 4873 1537 4927 alios
1552 4871 1656 4926 imitati
1675 4879 1756 4929 sunt.
1774 4871 1847 4938 Quod

1003 4967 1033 5021 in
1062 4966 1157 5020 Graeco
1184 4965 1319 5036 apertius,
1351 4968 1379 5015 et
1404 4962 1448 5016 his
1476 4966 1504 5014 et
1527 4976 1634 5032 snpra;
1654 4963 1736 5016 unde
1760 4957 1848 5014 etalii

1002 5054 1179 5109 transierunt
1197 5053 1303 5119 studia,
1319 5052 1362 5104 vel
1380 5049 1553 5114 affectiones,
1584 5048 1626 5101 vel
1645 5049 1813 5120 voluptates.

1040 5144 1120 5197 Vnus.
1137 5143 1180 5196 40.
1197 5171 1232 5182 -
1243 5141 1424 5195 Abominatur
1443 5142 1491 5193 est.
1508 5138 1607 5207 (cass.)
1635 5138 1725 5192 idest
1741 5148 1848 5191 aversus

1004 5235 1047 5285 est
1058 5230 1092 5284 ab
1109 5230 1167 5284 eis:
1180 5229 1256 5301 quod
1270 5229 1358 5283 averti
1375 5230 1418 5281 est
1433 5232 1591 5280 extremum
1610 5226 1747 5281 omnium
1762 5225 1847 5281 toalo-

1004 5334 1078 5386 rum,
1092 5319 1167 5373 unde
1184 5317 1268 5372 ruina
1283 5317 1423 5388 sequitur,
1439 5320 1464 5370 et
1478 5314 1606 5371 tradidit.

1038 5409 1126 5462 Vrur.
1142 5409 1190 5463 41.
1209 5437 1244 5448 —
1269 5410 1303 5462 Et
1320 5405 1438 5460 tradidit
1459 5419 1511 5470 eos,
1537 5408 1592 5459 etc.
1619 5403 1681 5474 (le.)
1715 5403 1782 5458 Ecce
1804 5399 1849 5473 qui

1004 5497 1202 5570 gloriabantur
1216 5495 1246 5549 in
1261 5494 1355 5562 idolis,
1380 5491 1535 5565 opprobrio
1560 5491 1707 5547 servitutis
1724 5493 1848 5555 subsunt,
