3892 6106
55 183 108 236 857
625 177 758 235 GLOSSA
775 178 979 236 ottutuauts.
999 210 1034 221 -
1054 181 1119 236 itu.
1142 180 1261 238 Psattt.
1386 176 1393 189 '
1758 184 1812 240 858

55 304 161 360 solium
180 319 288 371 meum,
304 308 333 360 st
354 317 405 358 sro
433 302 536 358 similis
561 302 707 359 altissimo
732 304 798 373 (iso.
832 312 902 374 xiv).
923 304 1059 370 Ascitun
1075 320 1141 360 cnm
1156 304 1357 377 illecujussst
1382 318 1502 372 nomen,
1529 306 1668 361 noscitur.
1699 307 1811 363 Nomen

57 395 184 450 «Pisces
209 393 297 448 mnris
330 392 379 464 qui
405 391 608 463 perambulant
631 391 747 446 semitas
776 394 907 458 maris»
962 400 1005 449 est
1024 395 1066 450 illi
1082 395 1230 460 Dominus,
1247 394 1325 465 quod
1339 394 1428 454 novit.
1447 394 1497 465 qni
1511 394 1635 450 libenter
1661 396 1688 450 ci
1713 397 1811 461 servit,

55 483 173 538 curiosi.
203 482 345 549 lloectria,
369 481 499 552 voluptas
532 480 635 547 carnis,
653 481 796 552 superbis,
813 482 907 536 curio-
963 485 1016 545 vel,
1031 484 1144 555 quiest,
1162 488 1190 539 et
1205 484 1269 539 ideo
1285 500 1369 539 nano
1384 489 1480 556 speret
1493 485 1523 540 in
1538 485 1720 552 transitoriis,
1736 486 1810 541 nihil

54 573 137 640 sitas,
154 569 909 640 includuntomnisvitiaque!suntcoucopiseentia
963 573 1136 627 habentibus
1148 578 1261 645 praeter,
1280 573 1343 641 luit,
1359 579 1386 628 ot
1403 574 1467 628 erit.
1489 573 1561 628 Nam
1590 574 1669 645 quod
1697 573 1728 629 in
1755 574 1813 629 illis

54 660 163 722 carnis,
191 659 311 714 ambitio
338 657 437 724 seculi,
481 657 510 712 id
539 662 582 712 est
603 658 748 728 superbis,
771 657 907 729 concupi·
963 661 1091 716 futurum
1109 668 1161 728 est,
1174 677 1240 716 cum
1257 663 1376 730 venerit,
1393 663 1426 717 tlt
1446 662 1541 716 statim
1556 662 1745 733 praeteritum,
1762 678 1812 718 ex·

53 750 343 813 scientiaooutorum,
357 763 410 816 per
418 747 517 802 oculos
530 746 680 801 curiositas
693 746 817 801 manime
833 762 908 818 pras·
962 753 1108 822 spectetur
1122 766 1188 805 cunr
1203 749 1372 823 cupiditate,
1383 750 1525 806 amittitur
1547 766 1611 806 cum
1630 750 1736 818 dolore,
1752 766 1813 806 non

55 839 144 893 salet.
962 844 1077 895 tonatur
1090 855 1155 895 cum
1170 839 1352 896 certitudine.
1372 841 1535 906 «Quoniam
1550 856 1609 895 non
1627 839 1778 912 reliquisti.
1798 860 1809 888 ι

370 906 528 962 PSALMUS
549 907 593 961 lx·
965 928 1073 984 Fideles
1087 934 1222 999 provocat
1235 930 1268 983 ad
1281 929 1396 984 laudem
1424 930 1577 1000 Propheta,
1594 927 1749 1001 respiciens
1763 927 1812 984 bs·

95 1015 176 1070 Vens.
195 1018 220 1069 l.
236 1045 269 1054 —
283 1036 294 1063 ι
308 1015 340 1068 lu
354 1014 443 1068 linem
456 1030 508 1085 pro
524 1012 642 1067 occultis
657 1012 733 1068 tiliis.
752 1033 766 1065 s
781 1013 836 1068 Neo
855 1014 909 1068 ad·
962 1017 1064 1073 nellcis
1093 1017 1242 1088 presentis
1256 1017 1394 1090 temporis
1408 1021 1437 1072 et
1451 1017 1550 1073 futuri.
1915 1013 1917 1017 ’

53 1103 136 1160 ditur
169 1104 261 1174 cujus,
289 1118 340 1173 per
366 1101 565 1157 excellentiam
588 1107 632 1156 est
658 1101 823 1172 unigenitus
848 1102 907 1157 liri.
999 1105 1711 1178 lueth-«Sion.»ltdidlSpeculatimqute
1725 1105 1811 1161 modo

57 1192 226 1248 «Occultis.
255 1211 270 1244 ι
296 1191 368 1256 Quia
396 1191 452 1246 elia
475 1191 537 1262 ejus
561 1195 629 1245 sunt
657 1189 818 1258 manifesta,
842 1196 907 1258 stc,
963 1196 1066 1266 agitur,
1084 1201 1117 1251 ut
1132 1195 1333 1266 perveniamus
1347 1195 1382 1250 ad
1397 1195 1474 1265 pacis
1488 1195 1639 1263 visionem,
1656 1194 1684 1249 ld
1699 1198 1751 1262 est,
1776 1195 1811 1250 ds

53 1280 191 1349 usquead
204 1283 233 1334 st
246 1280 281 1335 de
296 1295 389 1347 poenu,
406 1295 465 1350 qua
475 1278 585 1348 judicat
612 1279 772 1351 purgando,
790 1294 909 1334 conssr-
963 1283 1032 1339 Sion
1046 1284 1077 1337 in
1091 1283 1265 1339 Jerusalem:
1283 1283 1420 1355 qualibet
1443 1287 1540 1338 autem
1563 1282 1691 1337 studiosa
1714 1297 1812 1352 specu-

55 1369 157 1436 tendo,
180 1368 357 1422 excaecando.
964 1372 1032 1426 latio
1056 1372 1089 1425 ht
1116 1373 1145 1425 in
1168 1387 1306 1435 errorem,
1333 1371 1389 1425 nisi
1411 1372 1550 1426 Dominus
1576 1371 1606 1425 in
1632 1386 1665 1425 ea
1688 1370 1808 1426 habitet.

94 1458 176 1511 Vsus.
201 1460 226 1511 2.
256 1487 291 1496 -
316 1479 327 1506 ι
358 1455 523 1511 Conlitebor
546 1455 610 1522 tibi,
641 1456 773 1523 Domine,
802 1456 908 1512 intuto
966 1460 1102 1515 «Studia.
1123 1460 1310 1529 ·(llisn.)ld
1325 1465 1377 1528 est,
1391 1459 1526 1515 mandata
1542 1460 1604 1532 ejus
1627 1459 1732 1532 quihus
1751 1465 1812 1515 stu·

57 1569 70 1595 ι
88 1547 173 1601 corde
187 1561 262 1612 meo,
279 1552 332 1600 etc.
348 1564 362 1597 s
380 1546 523 1615 Propheta
538 1545 621 1600 laetus
637 1545 744 1615 psallit,
759 1546 828 1616 qnia
848 1547 908 1601 cul·
924 1589 945 1645 B
963 1549 1088 1605 dandum
1103 1554 1154 1603 ast.

54 1639 125 1691 tura
139 1633 247 1690 diaboli
270 1634 393 1689 adventu
413 1633 517 1689 Christi
540 1633 698 1689 destruitur
713 1650 720 1689 :
736 1639 765 1689 et
778 1635 908 1691 Christus
1002 1638 1081 1692 Vsus.
1112 1641 1154 1694 13.
1175 1667 1212 1679 -
1229 1660 1240 1687 ι
1257 1637 1399 1702 Quoniam
1423 1637 1597 1710 requirens.
1617 1636 1738 1707 »(Ιὸἱά.)
1758 1637 1812 1693 Sed

54 1728 171 1794 regnat,
184 1723 304 1795 judicat,
320 1722 446 1793 adjuvat.
964 1724 1045 1796 quusi
1062 1724 1169 1793 dicant,
1185 1725 1235 1798 qui
1251 1725 1331 1781 missi
1344 1729 1411 1780 sunt
1424 1725 1627 1798 evangelizare,
1646 1741 1732 1780 nemo
1751 1740 1809 1780 crs-

93 1814 177 1867 Vsns.
193 1814 219 1867 4.
243 1842 278 1852 -
303 1830 317 1864 s
342 1813 373 1867 ln
395 1811 589 1865 convertendo
618 1810 769 1865 inimicum
799 1827 907 1878 meum,
963 1813 1006 1868 dit
1021 1813 1113 1882 nohis,
1128 1819 1155 1868 et
1171 1813 1338 1879 occidimur,
1350 1814 1496 1886 respondit
1512 1829 1518 1868 :
1536 1829 1594 1869 non
1620 1813 1682 1867 sine
1704 1813 1810 1880 iruoto,

56 1904 125 1966 eto,
145 1924 159 1951 ι
177 1923 188 1950 ι
205 1900 351 1970 peribunt,
369 1905 447 1954 etc.»
470 1901 563 1968 (Auo.)
579 1898 651 1963 Quia
677 1898 746 1953 drrrn
762 1899 907 1954 diabolum
964 1901 1032 1973 quia
1048 1924 1058 1950 ι
1076 1901 1224 1972 requirens
1235 1902 1343 1957 ultione
1358 1903 1527 1972 sanguinem
1542 1917 1678 1969 eorum,»
1695 1902 1726 1956 in
1739 1901 1814 1972 judi·

53 1987 224 2043 convertisti
240 1992 328 2050 retro,
345 1986 474 2042 membro
490 1985 686 2055 infirmantur,
703 1991 735 2040 ut
750 1987 790 2041 nil
806 2003 908 2041 nocere
963 1989 1017 2054 cio,
1042 1989 1091 2044 nbi
1105 1989 1199 2060 gloria
1213 1990 1317 2057 occiso,
1332 2006 1417 2060 poena
1443 1991 1562 2045 occisori
1585 1990 1656 2045 erit:
1675 2013 1686 2040 ι
1715 2007 1813 2045 recor·

53 2076 222 2148 possint,et
243 2080 409 2141 nonerunt,
438 2076 493 2142 vel,
520 2074 705 2129 destruentur
729 2091 763 2129 ex
787 2079 848 2130 toto
874 2075 909 2130 ah
967 2076 1214 2143 ‹datusest,stc.
1235 2076 1430 2148 s(lbid.)non
1452 2083 1517 2147 post
1543 2076 1729 2138 oblivioncm,
1763 2076 1814 2132 sed

52 2165 278 2237 impugnatione
293 2169 353 2228 tua,
368 2180 433 2218 cum
456 2163 641 2228 dices,«lte,
656 2163 800 2219 maledicti
816 2164 907 2231 (uoti.
963 2166 1160 2238 postlongum
1188 2169 1311 2236 tempus,
1341 2165 1499 2219 secundum
1523 2166 1656 2220 allectum
1683 2165 1814 2220 intirmo-

51 2253 232 2324 xxv),»vel,
249 2252 387 2324 peribunt
407 2267 472 2306 cnm
501 2251 594 2305 aulert
623 2251 698 2306 Deus
724 2252 760 2305 ab
788 2251 829 2306 eis
852 2252 908 2307 ini·
964 2270 1039 2323 rum,
1058 2254 1109 2327 qui
1126 2253 1374 2326 oblitumputant,
1391 2254 1533 2325 quianon
1559 2258 1617 2309 tam
1638 2255 1694 2309 cito
1721 2255 1754 2310 iit
1781 2260 1815 2310 ut

51 2342 211 2414 quitatem.
962 2343 1083 2399 solunt:
1097 2342 1203 2415 quihus
1216 2342 1303 2398 etiam
1316 2343 1399 2409 adde,
1424 2342 1483 2396 imo
1507 2358 1565 2397 non
1590 2345 1633 2397 est
1648 2341 1753 2397 oblitus
1779 2347 1812 2399 nt

93 2432 174 2486 vass.
201 2434 227 2485 5.
258 2451 311 2479 -·
330 2428 432 2485 Fecisti
452 2428 593 2499 judicium
617 2444 713 2482 meum
739 2432 766 2483 et
793 2445 908 2486 censam
962 2431 1088 2504 putatis:
1104 2433 1134 2486 et
1161 2431 1185 2486 si
1211 2431 1268 2488 diri
1286 2452 1297 2480 ι
1313 2432 1488 2497 recordatus,
1511 2432 1593 2486 ·hoc
1614 2435 1713 2485 contra
1740 2446 1810 2504 que·

56 2542 68 2569 a
89 2534 192 2574 ineam.
208 2541 219 2568 s
238 2518 331 2590 (ibid.)
347 2518 419 2584 Quia
430 2516 502 2572 milii
517 2516 677 2571 servierunt
691 2517 725 2571 ad
743 2517 906 2586 utilitatem,
963 2525 1069 2586 rentes,
1086 2519 1137 2592 qui
1152 2536 1204 2590 pro
1224 2520 1361 2575 dilatione
1376 2525 1478 2591 putant
1491 2520 1623 2575 oblitum.

55 2606 129 2678 quia
146 2627 157 2655 ι
174 2606 283 2661 sedisti.
302 2628 313 2655 »
330 2627 341 2656 ι
356 2606 478 2661 iudicas.
495 2625 509 2658 s
526 2606 637 2675 (Bran.)
658 2606 750 2668 Pater,
775 2610 808 2660 ut
830 2606 907 2662 Chri·
999 2610 1079 2664 Vsus.
1098 2609 1143 2664 ll.
1161 2638 1197 2650 -
1214 2631 1225 2660 ι
1245 2608 1387 2664 hliserere.
1404 2631 1415 2658 s
1432 2608 1542 2680 (Cass.)
1558 2609 1589 2663 ln
1619 2623 1670 2662 sua
1689 2624 1813 2679 persona

57 2703 121 2749 stus
150 2695 291 2750 moriatur
315 2710 368 2765 pro
402 2710 508 2766 genere
531 2694 693 2751 hominum.
721 2694 818 2766 (Auo.)
846 2696 905 2757 Vel,
963 2697 1033 2754 dicit
1048 2697 1126 2768 quod
1141 2696 1339 2769 unusquisque
1354 2697 1435 2768 petit.
1454 2717 1468 2747 u
1486 2697 1561 2752 Vide.
1581 2719 1592 2746 ι
1610 2695 1705 2765 libid.)
1723 2698 1812 2767 hspe-

57 2783 189 2838 christus
210 2783 240 2837 in
265 2784 322 2838 llne
347 2782 497 2855 judicabit,
508 2783 555 2838 cui
572 2784 655 2838 Pater
669 2799 754 2838 omne
765 2782 907 2854 judicium
963 2792 1026 2841 ctus
1041 2785 1102 2851 Dei,
1114 2785 1254 2840 auxilium
1270 2790 1322 2854 est,
1339 2785 1389 2856 qui
1408 2800 1475 2839 cum
1499 2784 1542 2850 ut,
1558 2791 1588 2840 et
1616 2786 1663 2840 lux
1679 2785 1812 2840 tenebras

56 2872 147 2927 dedit.
922 2873 943 2928 C
961 2873 1057 2946 fugat:
1074 2873 1110 2927 de
1122 2872 1258 2943 superbia
1273 2872 1383 2927 inimici
1406 2873 1565 2927 estimatur
1589 2873 1736 2927 humilitas
1759 2889 1813 2943 pa-

95 2962 177 3014 vens.
193 2963 219 3014 6.
236 2989 270 2999 -
289 2981 299 3008 ‹
317 2961 348 3015 ln
365 2960 500 3014 soeculum
516 2967 544 3014 ot
558 2960 588 3014 in
610 2960 758 3014 srecrrlum.
777 2982 787 3008 ι
814 2960 908 3032 (thid.)
964 2960 1071 3026 tienlis,
1089 2959 1157 3031 quia
1173 2964 1284 3016 tantum
1300 2961 1330 3015 hi
1340 2961 1539 3024 humiliantur,
1555 2964 1695 3032 quantum
1707 2960 1749 3016 illi
1764 2976 1813 3015 ex·

57 3050 201 3106 Saeculum
217 3052 259 3103 est
274 3049 328 3104 hoc
347 3065 471 3120 praesens
501 3049 579 3120 qood
602 3048 744 3103 volvitur:
769 3048 908 3103 saeculnm
963 3050 1114 3104 tolluntur.

58 3138 156 3193 saeculi
169 3143 320 3204 eternum,
337 3138 419 3208 cujus
432 3137 502 3192 illud
528 3137 623 3207 imago
650 3141 701 3190 est.
728 3136 788 3201 Vel,
815 3135 909 3190 deter·
999 3137 1300 3202 Vars.15.-‹0ui
1324 3138 1431 3192 exaltas
1453 3153 1499 3192 me
1520 3136 1556 3193 de
1580 3135 1672 3208 portis
1700 3135 1810 3201 mortis,

58 3226 181 3282 minatio
195 3231 248 3293 est,
259 3243 295 3281 ue
309 3226 365 3281 hoc
379 3242 505 3296 proesens
520 3226 673 3295 acciperes.
964 3231 1017 3281 etc.
1037 3248 1048 3275 ι
1065 3225 1159 3299 (Auo.)
1172 3226 1201 3281 ld
1217 3230 1260 3282 est
1272 3226 1307 3282 ab
1322 3226 1458 3282 omnibus
1472 3225 1690 3297 cupiditatibus,
1707 3225 1812 3296 quibus

96 3318 178 3370 Vens.
196 3320 222 3369 7.
243 3346 278 3354 -
304 3317 469 3370 «Frameae.
500 3314 609 3386 (Cissi
635 3315 728 3368 Virtus
754 3312 864 3368 diaboli
878 3312 908 3368 in
963 3314 1021 3369 itur
1035 3315 1071 3370 ad
1086 3319 1209 3370 mortem
1226 3332 1232 3370 :
1251 3331 1327 3370 mors
1352 3315 1413 3386 jam
1428 3319 1472 3370 sst
1499 3314 1562 3387 ipsa
1581 3314 1680 3370 letitie
1698 3313 1729 3368 in
1744 3329 1813 3385 par-

59 3404 118 3459 line
134 3404 231 3459 saeculi
245 3404 417 3459 destruetur.
449 3426 460 3453 ι
493 3401 634 3459 Civitates.
665 3424 675 3450 r
705 3401 809 3471 Populi
834 3401 907 3472 ejus.
962 3403 1084 3459 fruendo
1098 3403 1219 3474 cupitis;
1236 3404 1518 3477 undshpostolus:‹
1536 3403 1637 3470 Vidua,
1653 3418 1718 3475 quoe
1743 3401 1814 3457 vivit

61 3491 163 3548 «Cum
178 3492 284 3554 sonitu,
302 3514 313 3540 ι
329 3492 357 3546 id
373 3499 426 3559 est,
441 3492 566 3546 clamore
593 3490 731 3558 maximo,
747 3493 778 3545 ut
797 3489 829 3545 lit
843 3506 909 3544 cum
966 3513 977 3541 ι
994 3491 1160 3559 indeliciis,
1185 3497 1358 3548 mortuaest
1377 3492 1403 3562 (l
1415 3493 1484 3548 Tim.
1505 3493 1545 3562 vl.
1562 3512 1576 3545 1
1595 3512 1609 3544 o
1625 3491 1719 3546 Portis
1746 3489 1813 3546 filias

59 3596 105 3636 ras
119 3597 266 3653 prosperos
280 3580 360 3651 gravi
378 3603 389 3629 ι
407 3580 464 3634 lino
484 3598 498 3632 1
515 3579 697 3633 clauduntur.
713 3577 767 3633 Sed
782 3583 909 3633 econtra
965 3598 979 3632 s
994 3580 1072 3635 Sion.
1094 3602 1104 3629 s
1122 3579 1195 3636 Sunt
1207 3580 1304 3635 omnia
1316 3580 1424 3651 optimu
1444 3581 1549 3646 studia,
1569 3584 1641 3646 etc.,
1669 3594 1755 3648 usque
1776 3579 1815 3633 od

59 3670 200 3726 Dominus
219 3673 378 3739 permanet.
398 3691 408 3717 ι
440 3668 548 3734 Finem,
573 3668 668 3738 (Aaou
694 3685 708 3718 s
732 3671 774 3722 est
796 3666 909 3738 gladius
963 3683 1028 3738 quse
1044 3667 1206 3723 necoonlns
1220 3666 1301 3733 vidit,
1317 3682 1369 3721 nec
1383 3664 1706 3734 aurisaudivit.(tlsss.)
1721 3667 1813 3721 Portae

56 3775 147 3832 quem
164 3758 286 3813 vibrabit
300 3759 329 3812 iu
351 3759 477 3812 secundo
501 3757 624 3811 adventu
650 3761 748 3826 operte
765 3755 907 3826 judicans,
963 3760 1063 3810 contra
1078 3760 1185 3825 portas,
1202 3755 1269 3825 quia
1285 3755 1329 3809 hae
1344 3754 1455 3821 mortis,
1479 3754 1536 3808 illie
1564 3754 1639 3808 vitea.
1666 3775 1677 3803 ι
1701 3753 1811 3807 Sion.»

56 3847 385 3918 etqnimodooccnltc,
401 3862 492 3918 nsque
517 3845 655 3916 adquam
679 3844 789 3915 aliquid
813 3843 909 3899 valent
963 3843 1060 3916 (lusu.)
1078 3843 1182 3899 Omnes
1210 3842 1346 3898 Ecclesiae
1374 3841 1477 3897 mundi
1494 3841 1655 3913 generavit,
1675 3841 1743 3913 quio
1771 3841 1812 3896 ihi

56 3935 151 3991 hostis
164 3936 289 3998 frameae,
308 3937 357 3990 sed
372 3941 440 3990 trrrrc
463 3933 577 4005 penitus
603 3933 744 3988 deficient.
762 3954 773 3981 ι
792 3933 906 3986 Eorum.
963 3937 1047 3987 natus
1060 3937 1103 3988 est
1114 3931 1243 3988 Christus
1258 3931 1334 3985 unde
1348 3930 1418 3986 fides
1433 3929 1559 4000 inooepit.

56 4026 170 4096 (Cass.)
194 4024 354 4086 Pluraliter,
382 4039 449 4079 oum
474 4039 561 4093 supra
585 4022 695 4077 inimici
724 4020 909 4093 singulariter
1000 4022 1078 4076 Vans.
1097 4020 1422 4076 to.-·ursoltabo.·
1452 4017 1544 4091 (Aua.)
1570 4019 1721 4090 hucusque
1750 4018 1810 4072 ctu·

56 4114 140 4181 dixit,
155 4112 302 4185 quiscum
318 4112 414 4184 plures
429 4115 496 4167 sunt
510 4110 666 4178 demones,
682 4110 750 4182 quis
765 4115 862 4164 tamen
877 4109 907 4164 in
963 4125 1036 4176 mor,
1053 4109 1120 4165 inde
1133 4109 1203 4165 dicit
1229 4108 1352 4165 Ecclesia
1375 4125 1440 4180 quse
1455 4107 1604 4180 allligitnr,
1620 4107 1766 4162 exsultabo
1780 4107 1811 4161 in

57 4201 379 4267 malitiasimilessunt,
397 4200 594 4272 quasiunum.
628 4221 639 4248 «
670 4199 739 4255 Cum
770 4199 904 4253 sonitu.»
962 4196 1809 4270 iesu.(ciss.)Spesnimsalvaest«inlaqueo.»(isid.)

58 4290 155 4361 (Ano.)
172 4290 205 4344 ld
218 4295 270 4358 est,
288 4295 317 4344 et
328 4288 464 4361 strepitus
492 4293 522 4343 et
535 4287 676 4343 tumultus
691 4287 847 4358 impietatis
861 4303 908 4358 pe·
962 4288 1092 4358 laqueus
1132 4288 1267 4353 occultos,
1308 4287 1407 4342 dolosa
1434 4285 1589 4357 cogitatio:
1620 4287 1682 4352 Pes,
1707 4285 1811 4340 animae

56 4379 106 4434 riit
121 4396 132 4433 1
147 4378 202 4441 vel,
222 4393 287 4432 oum
303 4377 435 4449 impietas
454 4376 601 4442 evertitur,
616 4374 753 4446 strepitus
781 4375 823 4442 flt,
839 4375 908 4446 quia
961 4393 1052 4444 amor,
1066 4375 1127 4448 qni,
1143 4376 1167 4431 si
1184 4391 1288 4446 pravus
1303 4379 1355 4442 est,
1369 4375 1475 4430 dicitur
1486 4374 1637 4446 cupiditas,
1666 4372 1690 4428 si
1705 4379 1811 4441 rectus,
1840 4368 1843 4376 '

57 4483 118 4524 non
132 4466 402 4521 renitadsummam
415 4480 523 4535 pacem,
540 4464 593 4518 nisi
602 4463 653 4534 qui
667 4479 772 4534 magno
785 4464 908 4534 strepitu
961 4465 1093 4521 charitas.
1116 4465 1153 4520 Eo
1167 4464 1245 4520 enirn
1262 4468 1393 4519 movetur
1406 4463 1503 4518 snima
1531 4462 1614 4536 quasi
1642 4461 1679 4517 nd
1704 4461 1810 4529 locum,

56 4573 123 4613 cum
136 4556 214 4611 vitiis
229 4554 377 4627 pugnavit.
396 4554 686 4609 «Thronumsuum.»
704 4553 817 4623 (Cass.)
831 4553 908 4609 iudi·
960 4567 1056 4625 quose
1071 4553 1235 4623 pervenisse
1248 4568 1300 4623 per
1314 4568 1443 4608 amorem
1459 4552 1582 4607 laetatur.
1601 4552 1658 4606 «Iu
1676 4552 1780 4623 laqueo
1796 4569 1810 4601 s

56 4646 175 4701 ciariom
191 4648 371 4716 potestatem,
387 4642 482 4714 quiin
507 4642 668 4697 humilitate
683 4640 825 4711 judicatus
853 4645 905 4708 est,
960 4658 1040 4713 ergo,
1052 4640 1082 4696 id
1092 4645 1146 4711 est,
1160 4641 1343 4698 fraudulento
1358 4641 1493 4697 oonsilio:
1509 4656 1572 4713 pes,
1594 4640 1622 4695 id
1647 4644 1699 4707 est,
1729 4653 1812 4694 umor

57 4735 87 4789 in
104 4734 256 4806 majestate
264 4731 414 4804 judicabit.
960 4730 1011 4803 qui
1026 4745 1077 4801 per
1105 4730 1235 4787 iraudem
1250 4730 1379 4802 persenit
1405 4730 1440 4785 ad
1459 4745 1562 4785 vanam
1578 4727 1716 4807 letitiam,
1732 4742 1810 4781 com-

91 4825 287 4879 1811110.-
307 4843 318 4871 ι
337 4822 369 4876 Et
397 4820 495 4876 lactus.
516 4840 527 4868 ι
545 4819 690 4885 Quantum
706 4824 757 4886 est,
774 4833 839 4873 esim
856 4818 907 4889 qui
960 4820 1118 4890 prehensus
1143 4824 1196 4887 est,
1222 4818 1353 4892 quiailln
1377 4818 1527 4874 delectatio
1555 4817 1654 4888 alligat
1690 4832 1749 4883 eos,
1779 4818 1812 4870 ut

55 4912 283 4985 judexest,esse
309 4909 452 4980 refugium
468 4907 674 4980 pauperi-qui
702 4907 776 4962 nihil
803 4907 906 4961 mnndi
959 4908 1027 4964 inds
1052 4910 1224 4980 obrumpere
1251 4924 1392 4976 sororem,
1411 4912 1439 4962 et
1462 4908 1497 4963 ad
1525 4907 1606 4962 utilia
1621 4909 1732 4960 vertere
1751 4919 1810 4959 non

55 5001 149 5072 cupit.
170 5001 231 5055 «ln
245 4997 517 5071 opportunitatibus.
536 5019 546 5046 ι
564 4996 657 5068 (Auo.)
682 4997 744 5052 Non
768 5000 905 5067 opportu·
959 4997 1094 5053 audeant.
1109 4997 1138 5053 Si
1153 4998 1231 5052 eninr
1246 5001 1396 5062 conentur,
1415 4997 1499 5051 dolor
1514 5000 1558 5051 est
1585 4994 1725 5060 deserere,
1744 5008 1809 5064 qnes

54 5090 123 5146 nius
136 5091 225 5145 homo
241 5105 258 5142 a
272 5088 376 5143 saecnlo
392 5087 539 5155 avertitur,
556 5085 612 5141 nisi
627 5084 671 5140 his
698 5084 904 5157 voluptatibus,
960 5087 1111 5152 delectant,
1127 5091 1156 5141 et
1168 5085 1216 5140 ills
1232 5084 1315 5139 dolor
1329 5084 1398 5139 sinit
1415 5083 1578 5140 obscedere.

56 5179 172 5234 labores
188 5183 217 5232 et
226 5177 340 5232 dolores
350 5176 535 5231 misceantur.
995 5176 1085 5231 Vnus.
1108 5179 1151 5230 lt.
1167 5204 1202 5215 -
1217 5175 1408 5242 cognoscetur.
1423 5171 1528 5244 (Cass.)
1541 5171 1589 5226 Vel
1601 5169 1748 5226 defuturo
1759 5168 1809 5241 ju·

92 5269 175 5323 Vsus.
192 5271 234 5322 ll.
250 5295 286 5311 -
316 5265 474 5337 ·Sperent.
506 5285 517 5314 ι
548 5263 641 5336 (huo.)
665 5263 735 5319 Cnm
770 5263 907 5320 desinont
959 5264 1044 5331 dicio,
1056 5268 1123 5328 stc,
1143 5277 1227 5331 usque
1253 5261 1336 5316 adut
1351 5260 1467 5332 quidam
1482 5261 1553 5315 falso
1573 5264 1687 5331 putant.

54 5357 212 5430 sperarein
227 5354 428 5411 rehussoeculi.
448 5356 599 5408 Aversosn
631 5352 747 5418 seculo,
774 5367 904 5423 qraeren-
994 5353 1083 5408 Vsns.
1112 5353 1152 5406 ts.
1177 5380 1213 5393 -
1231 5350 1429 5406 connotantur
1453 5353 1616 5420 peccatores.
1634 5349 1726 5418 (huo.)
1757 5345 1809 5402 ilic

53 5453 97 5502 tes
112 5446 164 5501 nbi
178 5446 269 5514 ligant
280 5459 371 5515 spem,
386 5443 491 5514 excipit
503 5441 629 5512 cognitio
641 5440 776 5496 miluinis.
794 5441 904 5496 Nomen
960 5446 1003 5495 est
1013 5440 1156 5495 canticum
1188 5438 1395 5509 diapsalmatis,
1417 5437 1499 5510 qnasi
1515 5439 1625 5494 occulta
1649 5437 1747 5493 letitia
1761 5455 1810 5492 se-
