<?xml version="1.0" encoding="UTF-8"?>
<!DOCTYPE html PUBLIC "-//W3C//DTD XHTML 1.0 Transitional//EN"
    "http://www.w3.org/TR/xhtml1/DTD/xhtml1-transitional.dtd">
<html xmlns="http://www.w3.org/1999/xhtml" xml:lang="en" lang="en">
 <head>
  <title>
</title>
<meta http-equiv="Content-Type" content="text/html;charset=utf-8" />
  <meta name='ocr-system' content='tesseract 3.04.00' />
  <meta name='ocr-capabilities' content='ocr_page ocr_carea ocr_par ocr_line ocrx_word'/>
</head>
<body>
  <div class='ocr_page' id='page_1' title='image "./patrologiaecurs04migngoog_0396.png"; bbox 0 0 3892 6106; ppageno 0'>
   <div class='ocr_carea' id='block_1_1' title="bbox 653 255 1234 316">
    <p class='ocr_par' dir='ltr' id='par_1_1' title="bbox 653 255 1234 316">
     <span class='ocr_line' id='line_1_1' title="bbox 653 255 1234 316; baseline 0.005 -5"><span class='ocrx_word' id='word_1_1' title='bbox 653 255 782 314; x_wconf 77' lang='lat' dir='ltr'><strong>GLOSSA</strong></span> <span class='ocrx_word' id='word_1_2' title='bbox 800 256 1002 315; x_wconf 79' lang='lat' dir='ltr'><strong>ouhlueitil.</strong></span> <span class='ocrx_word' id='word_1_3' title='bbox 1021 289 1056 299; x_wconf 94' lang='lat'><em>-</em></span> <span class='ocrx_word' id='word_1_4' title='bbox 1077 258 1143 316; x_wconf 84' lang='lat' dir='ltr'><strong>Liu.</strong></span> <span class='ocrx_word' id='word_1_5' title='bbox 1163 258 1234 316; x_wconf 81' lang='lat' dir='ltr'><strong>tou.</strong></span> 
     </span>
    </p>
   </div>
   <div class='ocr_carea' id='block_1_2' title="bbox 928 379 1820 461">
    <p class='ocr_par' dir='ltr' id='par_1_2' title="bbox 928 379 1820 461">
     <span class='ocr_line' id='line_1_2' title="bbox 928 379 1820 461; baseline 0.012 -27"><span class='ocrx_word' id='word_1_6' title='bbox 928 380 1070 448; x_wconf 82' lang='lat' dir='ltr'><strong>Asancti,</strong></span> <span class='ocrx_word' id='word_1_7' title='bbox 1098 384 1164 450; x_wconf 84' lang='lat' dir='ltr'><strong>etc,</strong></span> <span class='ocrx_word' id='word_1_8' title='bbox 1190 395 1276 450; x_wconf 83' lang='lat' dir='ltr'><strong>usque</strong></span> <span class='ocrx_word' id='word_1_9' title='bbox 1306 379 1345 435; x_wconf 87' lang='lat' dir='ltr'><strong>ad</strong></span> <span class='ocrx_word' id='word_1_10' title='bbox 1369 381 1472 438; x_wconf 92' lang='lat' dir='ltr'><strong>melius</strong></span> <span class='ocrx_word' id='word_1_11' title='bbox 1501 382 1659 441; x_wconf 86' lang='lat' dir='ltr'><strong>deficiendo</strong></span> <span class='ocrx_word' id='word_1_12' title='bbox 1689 403 1820 461; x_wconf 81' lang='lat' dir='ltr'><strong>compre-</strong></span> 
     </span>
    </p>
   </div>
   <div class='ocr_carea' id='block_1_3' title="bbox 417 421 603 478">
    <p class='ocr_par' dir='ltr' id='par_1_3' title="bbox 417 421 603 478">
     <span class='ocr_line' id='line_1_3' title="bbox 417 421 603 478; baseline -0.011 0"><span class='ocrx_word' id='word_1_13' title='bbox 417 421 529 478; x_wconf 74' lang='lat' dir='ltr'><strong>claui</strong></span> <span class='ocrx_word' id='word_1_14' title='bbox 560 421 603 476; x_wconf 88' lang='lat' dir='ltr'><strong>lii.</strong></span> 
     </span>
    </p>
   </div>
   <div class='ocr_carea' id='block_1_4' title="bbox 57 585 915 1630">
    <p class='ocr_par' dir='ltr' id='par_1_4' title="bbox 57 585 915 1547">
     <span class='ocr_line' id='line_1_4' title="bbox 94 585 914 657; baseline 0.006 -19"><span class='ocrx_word' id='word_1_15' title='bbox 94 587 176 640; x_wconf 81' lang='lat' dir='ltr'><strong>Vens.</strong></span> <span class='ocrx_word' id='word_1_16' title='bbox 196 590 219 640; x_wconf 86' lang='lat' dir='ltr'><strong>l.</strong></span> <span class='ocrx_word' id='word_1_17' title='bbox 250 617 284 627; x_wconf 91' lang='lat'><em>-</em></span> <span class='ocrx_word' id='word_1_18' title='bbox 302 607 317 636; x_wconf 76' lang='lat' dir='ltr'><strong>n</strong></span> <span class='ocrx_word' id='word_1_19' title='bbox 340 587 373 641; x_wconf 82' lang='lat' dir='ltr'><strong>Et</strong></span> <span class='ocrx_word' id='word_1_20' title='bbox 400 587 576 657; x_wconf 89' lang='lat' dir='ltr'><strong>respondens</strong></span> <span class='ocrx_word' id='word_1_21' title='bbox 589 585 640 642; x_wconf 87' lang='lat' dir='ltr'><strong>Job</strong></span> <span class='ocrx_word' id='word_1_22' title='bbox 667 587 717 642; x_wconf 88' lang='lat' dir='ltr'><strong>ait.</strong></span> <span class='ocrx_word' id='word_1_23' title='bbox 735 606 750 640; x_wconf 76' lang='lat' dir='ltr'><strong>a</strong></span> <span class='ocrx_word' id='word_1_24' title='bbox 767 588 861 656; x_wconf 82' lang='lat' dir='ltr'><strong>(Gara.</strong></span> <span class='ocrx_word' id='word_1_25' title='bbox 884 590 914 643; x_wconf 83' lang='lat' dir='ltr'><strong>ia</strong></span> 
     </span>
     <span class='ocr_line' id='line_1_5' title="bbox 59 673 914 748; baseline 0.005 -20"><span class='ocrx_word' id='word_1_26' title='bbox 59 673 144 743; x_wconf 77' lang='lat' dir='ltr'><strong>Iob.)</strong></span> <span class='ocrx_word' id='word_1_27' title='bbox 159 675 297 740; x_wconf 85' lang='lat' dir='ltr'><strong>Perversi,</strong></span> <span class='ocrx_word' id='word_1_28' title='bbox 315 675 418 746; x_wconf 88' lang='lat' dir='ltr'><strong>quibus</strong></span> <span class='ocrx_word' id='word_1_29' title='bbox 434 675 687 748; x_wconf 89' lang='lat' dir='ltr'><strong>loquenspersona</strong></span> <span class='ocrx_word' id='word_1_30' title='bbox 700 676 840 748; x_wconf 88' lang='lat' dir='ltr'><strong>displicet,</strong></span> <span class='ocrx_word' id='word_1_31' title='bbox 852 693 914 732; x_wconf 91' lang='lat' dir='ltr'><strong>om·</strong></span> 
     </span>
     <span class='ocr_line' id='line_1_6' title="bbox 57 763 914 837; baseline 0.001 -18"><span class='ocrx_word' id='word_1_32' title='bbox 57 764 111 819; x_wconf 87' lang='lat' dir='ltr'><strong>nia</strong></span> <span class='ocrx_word' id='word_1_33' title='bbox 128 781 192 836; x_wconf 86' lang='lat' dir='ltr'><strong>quae</strong></span> <span class='ocrx_word' id='word_1_34' title='bbox 211 765 287 828; x_wconf 80' lang='lat' dir='ltr'><strong>dicit,</strong></span> <span class='ocrx_word' id='word_1_35' title='bbox 313 786 323 813; x_wconf 74' lang='grc' dir='ltr'><strong>ι</strong></span> <span class='ocrx_word' id='word_1_36' title='bbox 341 781 430 837; x_wconf 89' lang='lat' dir='ltr'><strong>prava</strong></span> <span class='ocrx_word' id='word_1_37' title='bbox 445 780 495 819; x_wconf 93' lang='lat' dir='ltr'><strong>seu</strong></span> <span class='ocrx_word' id='word_1_38' title='bbox 507 769 582 820; x_wconf 90' lang='lat' dir='ltr'><strong>recta</strong></span> <span class='ocrx_word' id='word_1_39' title='bbox 598 766 777 836; x_wconf 87' lang='lat' dir='ltr'><strong>inpugnant;</strong></span> <span class='ocrx_word' id='word_1_40' title='bbox 793 765 842 820; x_wconf 90' lang='lat' dir='ltr'><strong>sed</strong></span> <span class='ocrx_word' id='word_1_41' title='bbox 861 763 914 820; x_wconf 82' lang='lat' dir='ltr'><strong>tob</strong></span> 
     </span>
     <span class='ocr_line' id='line_1_7' title="bbox 58 853 915 926; baseline 0.001 -18"><span class='ocrx_word' id='word_1_42' title='bbox 58 854 109 908; x_wconf 93' lang='lat' dir='ltr'><strong>cui</strong></span> <span class='ocrx_word' id='word_1_43' title='bbox 121 870 178 908; x_wconf 94' lang='lat' dir='ltr'><strong>non</strong></span> <span class='ocrx_word' id='word_1_44' title='bbox 194 853 326 926; x_wconf 90' lang='lat' dir='ltr'><strong>displicet</strong></span> <span class='ocrx_word' id='word_1_45' title='bbox 335 870 468 925; x_wconf 89' lang='lat' dir='ltr'><strong>persona,</strong></span> <span class='ocrx_word' id='word_1_46' title='bbox 485 853 534 909; x_wconf 88' lang='lat' dir='ltr'><strong>sed</strong></span> <span class='ocrx_word' id='word_1_47' title='bbox 554 854 648 925; x_wconf 90' lang='lat' dir='ltr'><strong>culpa,</strong></span> <span class='ocrx_word' id='word_1_48' title='bbox 664 853 765 909; x_wconf 82' lang='lat' dir='ltr'><strong>ridens</strong></span> <span class='ocrx_word' id='word_1_49' title='bbox 796 854 915 910; x_wconf 79' lang='lat' dir='ltr'><strong>baldath</strong></span> 
     </span>
     <span class='ocr_line' id='line_1_8' title="bbox 59 942 914 1015; baseline 0.002 -19"><span class='ocrx_word' id='word_1_50' title='bbox 59 946 139 997; x_wconf 85' lang='lat' dir='ltr'><strong>recta</strong></span> <span class='ocrx_word' id='word_1_51' title='bbox 154 942 275 998; x_wconf 78' lang='lat' dir='ltr'>dixisse:</span> <span class='ocrx_word' id='word_1_52' title='bbox 293 963 306 995; x_wconf 83' lang='lat' dir='ltr'><strong>e</strong></span> <span class='ocrx_word' id='word_1_53' title='bbox 328 942 546 1015; x_wconf 88' lang='lat' dir='ltr'><strong>Nunquidliens</strong></span> <span class='ocrx_word' id='word_1_54' title='bbox 558 943 723 1014; x_wconf 88' lang='lat' dir='ltr'><strong>supplantat</strong></span> <span class='ocrx_word' id='word_1_55' title='bbox 734 942 914 1014; x_wconf 74' lang='lat' dir='ltr'><strong>judicium:</strong></span> 
     </span>
     <span class='ocr_line' id='line_1_9' title="bbox 61 1031 913 1104; baseline 0.001 -19"><span class='ocrx_word' id='word_1_56' title='bbox 61 1035 91 1085; x_wconf 93' lang='lat' dir='ltr'><strong>et</strong></span> <span class='ocrx_word' id='word_1_57' title='bbox 106 1047 174 1087; x_wconf 83' lang='lat' dir='ltr'><strong>vera</strong></span> <span class='ocrx_word' id='word_1_58' title='bbox 188 1036 287 1086; x_wconf 89' lang='lat' dir='ltr'><strong>contra</strong></span> <span class='ocrx_word' id='word_1_59' title='bbox 307 1031 469 1104; x_wconf 75' lang='lat' dir='ltr'>hypocritas</span> <span class='ocrx_word' id='word_1_60' title='bbox 494 1032 658 1103; x_wconf 90' lang='lat' dir='ltr'><strong>protulisse,</strong></span> <span class='ocrx_word' id='word_1_61' title='bbox 683 1031 780 1087; x_wconf 88' lang='lat' dir='ltr'><strong>audita</strong></span> <span class='ocrx_word' id='word_1_62' title='bbox 801 1032 913 1102; x_wconf 88' lang='lat' dir='ltr'><strong>probat.</strong></span> 
     </span>
     <span class='ocr_line' id='line_1_10' title="bbox 59 1120 914 1193; baseline 0 -19"><span class='ocrx_word' id='word_1_63' title='bbox 59 1121 133 1174; x_wconf 84' lang='lat' dir='ltr'><strong>Vere</strong></span> <span class='ocrx_word' id='word_1_64' title='bbox 149 1120 207 1175; x_wconf 90' lang='lat' dir='ltr'><strong>scio</strong></span> <span class='ocrx_word' id='word_1_65' title='bbox 221 1121 298 1193; x_wconf 89' lang='lat' dir='ltr'><strong>qood</strong></span> <span class='ocrx_word' id='word_1_66' title='bbox 311 1121 398 1175; x_wconf 88' lang='lat' dir='ltr'><strong>horno</strong></span> <span class='ocrx_word' id='word_1_67' title='bbox 412 1121 529 1175; x_wconf 91' lang='lat' dir='ltr'><strong>humilis</strong></span> <span class='ocrx_word' id='word_1_68' title='bbox 543 1126 571 1175; x_wconf 92' lang='lat' dir='ltr'><strong>et</strong></span> <span class='ocrx_word' id='word_1_69' title='bbox 586 1121 644 1176; x_wconf 85' lang='lat' dir='ltr'><strong>Deo</strong></span> <span class='ocrx_word' id='word_1_70' title='bbox 668 1120 833 1192; x_wconf 89' lang='lat' dir='ltr'><strong>suppositus</strong></span> <span class='ocrx_word' id='word_1_71' title='bbox 853 1120 914 1191; x_wconf 84' lang='lat' dir='ltr'><strong>jus·</strong></span> 
     </span>
     <span class='ocr_line' id='line_1_11' title="bbox 59 1207 914 1281; baseline 0.001 -18"><span class='ocrx_word' id='word_1_72' title='bbox 59 1208 156 1264; x_wconf 89' lang='lat' dir='ltr'><strong>titiam</strong></span> <span class='ocrx_word' id='word_1_73' title='bbox 176 1208 288 1280; x_wconf 89' lang='lat' dir='ltr'><strong>accipit,</strong></span> <span class='ocrx_word' id='word_1_74' title='bbox 326 1209 497 1281; x_wconf 89' lang='lat' dir='ltr'><strong>compositus</strong></span> <span class='ocrx_word' id='word_1_75' title='bbox 524 1208 628 1281; x_wconf 86' lang='lat' dir='ltr'><strong>perdit,</strong></span> <span class='ocrx_word' id='word_1_76' title='bbox 660 1209 728 1281; x_wconf 90' lang='lat' dir='ltr'><strong>quia</strong></span> <span class='ocrx_word' id='word_1_77' title='bbox 761 1209 811 1281; x_wconf 88' lang='lat' dir='ltr'><strong>qni</strong></span> <span class='ocrx_word' id='word_1_78' title='bbox 835 1224 864 1263; x_wconf 91' lang='lat' dir='ltr'><strong>se</strong></span> <span class='ocrx_word' id='word_1_79' title='bbox 888 1207 914 1264; x_wconf 92' lang='lat' dir='ltr'><strong>ei</strong></span> 
     </span>
     <span class='ocr_line' id='line_1_12' title="bbox 59 1297 913 1373; baseline 0.002 -22"><span class='ocrx_word' id='word_1_80' title='bbox 59 1301 218 1367; x_wconf 83' lang='lat' dir='ltr'><strong>comparat,</strong></span> <span class='ocrx_word' id='word_1_81' title='bbox 244 1298 392 1373; x_wconf 66' lang='lat' dir='ltr'><strong>qoodltei</strong></span> <span class='ocrx_word' id='word_1_82' title='bbox 413 1303 455 1353; x_wconf 88' lang='lat' dir='ltr'><strong>est</strong></span> <span class='ocrx_word' id='word_1_83' title='bbox 477 1298 530 1352; x_wconf 90' lang='lat' dir='ltr'><strong>sibi</strong></span> <span class='ocrx_word' id='word_1_84' title='bbox 555 1313 702 1370; x_wconf 76' lang='lat' dir='ltr'>arrogans,</span> <span class='ocrx_word' id='word_1_85' title='bbox 727 1297 814 1353; x_wconf 91' lang='lat' dir='ltr'><strong>homo</strong></span> <span class='ocrx_word' id='word_1_86' title='bbox 837 1297 913 1370; x_wconf 89' lang='lat' dir='ltr'><strong>quod</strong></span> 
     </span>
     <span class='ocr_line' id='line_1_13' title="bbox 59 1386 914 1459; baseline 0.001 -19"><span class='ocrx_word' id='word_1_87' title='bbox 59 1386 180 1457; x_wconf 88' lang='lat' dir='ltr'><strong>accepit,</strong></span> <span class='ocrx_word' id='word_1_88' title='bbox 197 1403 227 1441; x_wconf 89' lang='lat' dir='ltr'><strong>se</strong></span> <span class='ocrx_word' id='word_1_89' title='bbox 244 1387 343 1459; x_wconf 84' lang='lat' dir='ltr'><strong>privat.</strong></span> <span class='ocrx_word' id='word_1_90' title='bbox 356 1387 409 1443; x_wconf 89' lang='lat' dir='ltr'><strong>Sed</strong></span> <span class='ocrx_word' id='word_1_91' title='bbox 426 1392 454 1442; x_wconf 91' lang='lat' dir='ltr'><strong>et</strong></span> <span class='ocrx_word' id='word_1_92' title='bbox 468 1403 553 1442; x_wconf 91' lang='lat' dir='ltr'><strong>omne</strong></span> <span class='ocrx_word' id='word_1_93' title='bbox 572 1387 707 1442; x_wconf 90' lang='lat' dir='ltr'><strong>meritum</strong></span> <span class='ocrx_word' id='word_1_94' title='bbox 732 1392 836 1442; x_wconf 82' lang='lat' dir='ltr'><strong>nostrae</strong></span> <span class='ocrx_word' id='word_1_95' title='bbox 858 1386 914 1441; x_wconf 87' lang='lat' dir='ltr'><strong>vir·</strong></span> 
     </span>
     <span class='ocr_line' id='line_1_14' title="bbox 59 1474 676 1547; baseline 0.003 -19"><span class='ocrx_word' id='word_1_96' title='bbox 59 1475 133 1528; x_wconf 89' lang='lat' dir='ltr'><strong>tutis</strong></span> <span class='ocrx_word' id='word_1_97' title='bbox 147 1474 183 1543; x_wconf 93' lang='lat' dir='ltr'><strong>(si</strong></span> <span class='ocrx_word' id='word_1_98' title='bbox 199 1474 323 1530; x_wconf 87' lang='lat' dir='ltr'><strong>districte</strong></span> <span class='ocrx_word' id='word_1_99' title='bbox 335 1475 491 1547; x_wconf 77' lang='lat' dir='ltr'><strong>judicetur)</strong></span> <span class='ocrx_word' id='word_1_100' title='bbox 508 1475 607 1530; x_wconf 90' lang='lat' dir='ltr'><strong>vitium</strong></span> <span class='ocrx_word' id='word_1_101' title='bbox 624 1480 676 1530; x_wconf 91' lang='lat' dir='ltr'><strong>esi.</strong></span> 
     </span>
    </p>

    <p class='ocr_par' dir='ltr' id='par_1_5' title="bbox 97 1563 913 1630">
     <span class='ocr_line' id='line_1_15' title="bbox 97 1563 913 1630; baseline 0.002 -13"><span class='ocrx_word' id='word_1_102' title='bbox 97 1564 179 1618; x_wconf 82' lang='lat' dir='ltr'><strong>Vnae.</strong></span> <span class='ocrx_word' id='word_1_103' title='bbox 211 1566 236 1618; x_wconf 82' lang='lat'><strong>3.</strong></span> <span class='ocrx_word' id='word_1_104' title='bbox 261 1585 324 1612; x_wconf 79' lang='grc' dir='ltr'><strong>-ι</strong></span> <span class='ocrx_word' id='word_1_105' title='bbox 355 1563 384 1618; x_wconf 88' lang='lat' dir='ltr'><strong>Si</strong></span> <span class='ocrx_word' id='word_1_106' title='bbox 407 1564 528 1619; x_wconf 88' lang='lat' dir='ltr'><strong>voluerit</strong></span> <span class='ocrx_word' id='word_1_107' title='bbox 559 1563 732 1620; x_wconf 78' lang='lat' dir='ltr'>contendere</span> <span class='ocrx_word' id='word_1_108' title='bbox 756 1580 913 1630; x_wconf 82' lang='lat' dir='ltr'><strong>cumeo,·</strong></span> 
     </span>
    </p>
   </div>
   <div class='ocr_carea' id='block_1_5' title="bbox 61 1650 950 1724">
    <p class='ocr_par' dir='ltr' id='par_1_6' title="bbox 61 1650 950 1724">
     <span class='ocr_line' id='line_1_16' title="bbox 61 1650 950 1724; baseline 0.008 -19"><span class='ocrx_word' id='word_1_109' title='bbox 61 1650 162 1720; x_wconf 78' lang='lat' dir='ltr'><strong>(idid.)</strong></span> <span class='ocrx_word' id='word_1_110' title='bbox 190 1651 224 1707; x_wconf 88' lang='lat' dir='ltr'><strong>de</strong></span> <span class='ocrx_word' id='word_1_111' title='bbox 253 1652 312 1707; x_wconf 89' lang='lat' dir='ltr'><strong>suis</strong></span> <span class='ocrx_word' id='word_1_112' title='bbox 342 1652 452 1707; x_wconf 90' lang='lat' dir='ltr'><strong>meritis</strong></span> <span class='ocrx_word' id='word_1_113' title='bbox 493 1653 705 1724; x_wconf 78' lang='lat' dir='ltr'><strong>praesumendo,</strong></span> <span class='ocrx_word' id='word_1_114' title='bbox 735 1657 764 1708; x_wconf 92' lang='lat' dir='ltr'><strong>et</strong></span> <span class='ocrx_word' id='word_1_115' title='bbox 791 1653 950 1724; x_wconf 89' lang='lat' dir='ltr'><strong>gloriamB</strong></span> 
     </span>
    </p>
   </div>
   <div class='ocr_carea' id='block_1_6' title="bbox 52 1739 916 4472">
    <p class='ocr_par' dir='ltr' id='par_1_7' title="bbox 60 1739 731 1812">
     <span class='ocr_line' id='line_1_17' title="bbox 60 1739 731 1812; baseline 0.001 -18"><span class='ocrx_word' id='word_1_116' title='bbox 60 1755 121 1794; x_wconf 79' lang='lat' dir='ltr'><strong>suae</strong></span> <span class='ocrx_word' id='word_1_117' title='bbox 135 1739 257 1807; x_wconf 76' lang='lat' dir='ltr'><strong>virtutis,</strong></span> <span class='ocrx_word' id='word_1_118' title='bbox 271 1756 330 1795; x_wconf 92' lang='lat' dir='ltr'><strong>non</strong></span> <span class='ocrx_word' id='word_1_119' title='bbox 345 1742 413 1807; x_wconf 86' lang='lat' dir='ltr'><strong>lieo,</strong></span> <span class='ocrx_word' id='word_1_120' title='bbox 430 1741 477 1795; x_wconf 92' lang='lat' dir='ltr'><strong>sed</strong></span> <span class='ocrx_word' id='word_1_121' title='bbox 493 1740 546 1795; x_wconf 90' lang='lat' dir='ltr'><strong>sibi</strong></span> <span class='ocrx_word' id='word_1_122' title='bbox 560 1741 731 1812; x_wconf 85' lang='lat' dir='ltr'><strong>arrogando.</strong></span> 
     </span>
    </p>

    <p class='ocr_par' dir='ltr' id='par_1_8' title="bbox 57 1828 914 2079">
     <span class='ocr_line' id='line_1_18' title="bbox 98 1828 914 1900; baseline 0 -17"><span class='ocrx_word' id='word_1_123' title='bbox 98 1850 113 1876; x_wconf 91' lang='lat'>«</span> <span class='ocrx_word' id='word_1_124' title='bbox 127 1828 189 1884; x_wconf 85' lang='lat' dir='ltr'><strong>Non</strong></span> <span class='ocrx_word' id='word_1_125' title='bbox 215 1829 323 1900; x_wconf 91' lang='lat' dir='ltr'><strong>poterit</strong></span> <span class='ocrx_word' id='word_1_126' title='bbox 342 1829 368 1883; x_wconf 93' lang='lat' dir='ltr'><strong>ei</strong></span> <span class='ocrx_word' id='word_1_127' title='bbox 398 1829 572 1899; x_wconf 90' lang='lat' dir='ltr'><strong>respondere</strong></span> <span class='ocrx_word' id='word_1_128' title='bbox 602 1844 693 1883; x_wconf 91' lang='lat' dir='ltr'><strong>unum</strong></span> <span class='ocrx_word' id='word_1_129' title='bbox 719 1845 772 1900; x_wconf 92' lang='lat' dir='ltr'><strong>pro</strong></span> <span class='ocrx_word' id='word_1_130' title='bbox 792 1830 914 1886; x_wconf 70' lang='lat' dir='ltr'><strong>milies</strong></span> 
     </span>
     <span class='ocr_line' id='line_1_19' title="bbox 58 1917 914 1989; baseline 0.004 -17"><span class='ocrx_word' id='word_1_131' title='bbox 58 1917 154 1987; x_wconf 82' lang='lat' dir='ltr'><strong>(ibid.)</strong></span> <span class='ocrx_word' id='word_1_132' title='bbox 171 1917 202 1973; x_wconf 93' lang='lat' dir='ltr'><strong>ld</strong></span> <span class='ocrx_word' id='word_1_133' title='bbox 218 1922 333 1973; x_wconf 91' lang='lat' dir='ltr'><strong>estnon</strong></span> <span class='ocrx_word' id='word_1_134' title='bbox 348 1917 456 1989; x_wconf 88' lang='lat' dir='ltr'><strong>poterit</strong></span> <span class='ocrx_word' id='word_1_135' title='bbox 471 1934 511 1984; x_wconf 93' lang='lat' dir='ltr'><strong>se,</strong></span> <span class='ocrx_word' id='word_1_136' title='bbox 524 1922 590 1980; x_wconf 83' lang='lat' dir='ltr'><strong>etc..</strong></span> <span class='ocrx_word' id='word_1_137' title='bbox 607 1917 742 1988; x_wconf 80' lang='lat' dir='ltr'><strong>usquead</strong></span> <span class='ocrx_word' id='word_1_138' title='bbox 756 1934 791 1975; x_wconf 87' lang='lat' dir='ltr'><strong>ne</strong></span> <span class='ocrx_word' id='word_1_139' title='bbox 817 1923 914 1975; x_wconf 84' lang='lat' dir='ltr'><strong>sutem</strong></span> 
     </span>
     <span class='ocr_line' id='line_1_20' title="bbox 57 2006 812 2079; baseline 0.003 -19"><span class='ocrx_word' id='word_1_140' title='bbox 57 2006 226 2071; x_wconf 89' lang='lat' dir='ltr'><strong>contendat,</strong></span> <span class='ocrx_word' id='word_1_141' title='bbox 243 2006 391 2061; x_wconf 87' lang='lat' dir='ltr'><strong>infirmum</strong></span> <span class='ocrx_word' id='word_1_142' title='bbox 406 2012 513 2062; x_wconf 89' lang='lat' dir='ltr'><strong>terreat</strong></span> <span class='ocrx_word' id='word_1_143' title='bbox 526 2006 585 2061; x_wconf 87' lang='lat' dir='ltr'><strong>risa</strong></span> <span class='ocrx_word' id='word_1_144' title='bbox 600 2008 662 2077; x_wconf 87' lang='lat' dir='ltr'><strong>ejus</strong></span> <span class='ocrx_word' id='word_1_145' title='bbox 675 2007 812 2079; x_wconf 87' lang='lat' dir='ltr'><strong>potentia.</strong></span> 
     </span>
    </p>

    <p class='ocr_par' dir='ltr' id='par_1_9' title="bbox 57 2094 915 2611">
     <span class='ocr_line' id='line_1_21' title="bbox 94 2094 911 2167; baseline 0 -21"><span class='ocrx_word' id='word_1_146' title='bbox 94 2094 178 2150; x_wconf 86' lang='lat' dir='ltr'><strong>Vaas.</strong></span> <span class='ocrx_word' id='word_1_147' title='bbox 202 2095 228 2149; x_wconf 77' lang='lat' dir='ltr'><strong>l.</strong></span> <span class='ocrx_word' id='word_1_148' title='bbox 253 2125 288 2134; x_wconf 93' lang='lat'><em>-</em></span> <span class='ocrx_word' id='word_1_149' title='bbox 309 2118 318 2146; x_wconf 82' lang='grc' dir='ltr'>ι</span> <span class='ocrx_word' id='word_1_150' title='bbox 343 2095 412 2161; x_wconf 85' lang='lat' dir='ltr'><strong>Quis</strong></span> <span class='ocrx_word' id='word_1_151' title='bbox 432 2095 537 2150; x_wconf 78' lang='lat' dir='ltr'><strong>restitit</strong></span> <span class='ocrx_word' id='word_1_152' title='bbox 557 2096 584 2151; x_wconf 93' lang='lat' dir='ltr'><strong>ei</strong></span> <span class='ocrx_word' id='word_1_153' title='bbox 603 2100 632 2151; x_wconf 92' lang='lat' dir='ltr'><strong>et</strong></span> <span class='ocrx_word' id='word_1_154' title='bbox 655 2112 754 2167; x_wconf 91' lang='lat' dir='ltr'><strong>pacem</strong></span> <span class='ocrx_word' id='word_1_155' title='bbox 785 2095 911 2152; x_wconf 77' lang='lat' dir='ltr'><strong>habuit»</strong></span> 
     </span>
     <span class='ocr_line' id='line_1_22' title="bbox 57 2182 915 2251; baseline 0.003 -13"><span class='ocrx_word' id='word_1_156' title='bbox 57 2182 127 2247; x_wconf 85' lang='lat' dir='ltr'><strong>Quis</strong></span> <span class='ocrx_word' id='word_1_157' title='bbox 156 2188 234 2239; x_wconf 86' lang='lat' dir='ltr'><strong>creat</strong></span> <span class='ocrx_word' id='word_1_158' title='bbox 261 2188 294 2238; x_wconf 91' lang='lat' dir='ltr'><strong>nt</strong></span> <span class='ocrx_word' id='word_1_159' title='bbox 320 2183 375 2239; x_wconf 90' lang='lat' dir='ltr'><strong>sibi</strong></span> <span class='ocrx_word' id='word_1_160' title='bbox 405 2189 499 2239; x_wconf 85' lang='lat' dir='ltr'><strong>ereata</strong></span> <span class='ocrx_word' id='word_1_161' title='bbox 529 2185 710 2251; x_wconf 84' lang='lat' dir='ltr'><strong>conveniant,</strong></span> <span class='ocrx_word' id='word_1_162' title='bbox 744 2185 858 2241; x_wconf 89' lang='lat' dir='ltr'><strong>ordinat</strong></span> <span class='ocrx_word' id='word_1_163' title='bbox 885 2184 915 2241; x_wconf 93' lang='lat' dir='ltr'><strong>in</strong></span> 
     </span>
     <span class='ocr_line' id='line_1_23' title="bbox 59 2271 915 2346; baseline 0.005 -20"><span class='ocrx_word' id='word_1_164' title='bbox 59 2287 118 2343; x_wconf 88' lang='lat' dir='ltr'><strong>quo</strong></span> <span class='ocrx_word' id='word_1_165' title='bbox 133 2271 171 2326; x_wconf 88' lang='lat' dir='ltr'><strong>sit</strong></span> <span class='ocrx_word' id='word_1_166' title='bbox 196 2272 236 2327; x_wconf 88' lang='lat' dir='ltr'><strong>eis</strong></span> <span class='ocrx_word' id='word_1_167' title='bbox 251 2288 315 2344; x_wconf 87' lang='lat' dir='ltr'><strong>par,</strong></span> <span class='ocrx_word' id='word_1_168' title='bbox 340 2276 369 2327; x_wconf 88' lang='lat' dir='ltr'><strong>at</strong></span> <span class='ocrx_word' id='word_1_169' title='bbox 390 2273 440 2345; x_wconf 90' lang='lat' dir='ltr'><strong>qui</strong></span> <span class='ocrx_word' id='word_1_170' title='bbox 462 2274 524 2344; x_wconf 84' lang='lat' dir='ltr'><strong>ejus</strong></span> <span class='ocrx_word' id='word_1_171' title='bbox 548 2273 729 2345; x_wconf 80' lang='lat' dir='ltr'><strong>dispositioni</strong></span> <span class='ocrx_word' id='word_1_172' title='bbox 754 2290 915 2346; x_wconf 86' lang='lat' dir='ltr'><strong>repugnare</strong></span> 
     </span>
     <span class='ocr_line' id='line_1_24' title="bbox 58 2361 914 2435; baseline 0.002 -20"><span class='ocrx_word' id='word_1_173' title='bbox 58 2365 191 2426; x_wconf 91' lang='lat' dir='ltr'><strong>conatur,</strong></span> <span class='ocrx_word' id='word_1_174' title='bbox 206 2376 307 2431; x_wconf 90' lang='lat' dir='ltr'><strong>pacem</strong></span> <span class='ocrx_word' id='word_1_175' title='bbox 321 2361 425 2432; x_wconf 81' lang='lat' dir='ltr'><strong>perdit,</strong></span> <span class='ocrx_word' id='word_1_176' title='bbox 444 2366 475 2415; x_wconf 91' lang='lat' dir='ltr'><strong>ut</strong></span> <span class='ocrx_word' id='word_1_177' title='bbox 488 2361 617 2433; x_wconf 78' lang='lat' dir='ltr'><strong>angelus,</strong></span> <span class='ocrx_word' id='word_1_178' title='bbox 640 2362 701 2434; x_wconf 90' lang='lat' dir='ltr'><strong>qui,</strong></span> <span class='ocrx_word' id='word_1_179' title='bbox 727 2379 778 2417; x_wconf 90' lang='lat' dir='ltr'><strong>sua</strong></span> <span class='ocrx_word' id='word_1_180' title='bbox 800 2362 914 2435; x_wconf 87' lang='lat' dir='ltr'><strong>inquie-</strong></span> 
     </span>
     <span class='ocr_line' id='line_1_25' title="bbox 58 2448 915 2523; baseline 0.002 -19"><span class='ocrx_word' id='word_1_181' title='bbox 58 2448 162 2504; x_wconf 87' lang='lat' dir='ltr'><strong>tudine</strong></span> <span class='ocrx_word' id='word_1_182' title='bbox 177 2448 278 2518; x_wconf 88' lang='lat' dir='ltr'><strong>elatus,</strong></span> <span class='ocrx_word' id='word_1_183' title='bbox 294 2451 381 2505; x_wconf 90' lang='lat' dir='ltr'><strong>homo</strong></span> <span class='ocrx_word' id='word_1_184' title='bbox 391 2449 442 2522; x_wconf 88' lang='lat' dir='ltr'><strong>qai</strong></span> <span class='ocrx_word' id='word_1_185' title='bbox 458 2451 551 2505; x_wconf 89' lang='lat' dir='ltr'><strong>carnis</strong></span> <span class='ocrx_word' id='word_1_186' title='bbox 566 2452 828 2518; x_wconf 84' lang='lat' dir='ltr'><strong>molestiavexatur,</strong></span> <span class='ocrx_word' id='word_1_187' title='bbox 847 2452 915 2523; x_wconf 90' lang='lat' dir='ltr'><strong>quia</strong></span> 
     </span>
     <span class='ocr_line' id='line_1_26' title="bbox 59 2536 833 2611; baseline 0.004 -20"><span class='ocrx_word' id='word_1_188' title='bbox 59 2536 207 2593; x_wconf 91' lang='lat' dir='ltr'><strong>conditori</strong></span> <span class='ocrx_word' id='word_1_189' title='bbox 221 2538 338 2593; x_wconf 79' lang='lat' dir='ltr'><strong>subesse</strong></span> <span class='ocrx_word' id='word_1_190' title='bbox 353 2539 456 2606; x_wconf 89' lang='lat' dir='ltr'><strong>noluit,</strong></span> <span class='ocrx_word' id='word_1_191' title='bbox 472 2554 572 2610; x_wconf 86' lang='lat' dir='ltr'><strong>pacem</strong></span> <span class='ocrx_word' id='word_1_192' title='bbox 588 2545 710 2611; x_wconf 87' lang='lat' dir='ltr'><strong>uterque</strong></span> <span class='ocrx_word' id='word_1_193' title='bbox 727 2538 833 2595; x_wconf 89' lang='lat' dir='ltr'><strong>amisit.</strong></span> 
     </span>
    </p>

    <p class='ocr_par' dir='ltr' id='par_1_10' title="bbox 54 2627 916 3214">
     <span class='ocr_line' id='line_1_27' title="bbox 96 2627 914 2700; baseline 0.005 -20"><span class='ocrx_word' id='word_1_194' title='bbox 96 2627 180 2682; x_wconf 81' lang='lat' dir='ltr'><strong>Vens.</strong></span> <span class='ocrx_word' id='word_1_195' title='bbox 199 2629 224 2681; x_wconf 83' lang='lat'><strong>5.</strong></span> <span class='ocrx_word' id='word_1_196' title='bbox 239 2656 276 2668; x_wconf 98' lang='lat'>—</span> <span class='ocrx_word' id='word_1_197' title='bbox 297 2627 373 2693; x_wconf 71' lang='lat' dir='ltr'><strong>noui</strong></span> <span class='ocrx_word' id='word_1_198' title='bbox 390 2629 537 2683; x_wconf 80' lang='lat' dir='ltr'><strong>transtulit</strong></span> <span class='ocrx_word' id='word_1_199' title='bbox 564 2633 690 2696; x_wconf 91' lang='lat' dir='ltr'><strong>montes,</strong></span> <span class='ocrx_word' id='word_1_200' title='bbox 708 2651 719 2678; x_wconf 81' lang='grc' dir='ltr'>ι</span> <span class='ocrx_word' id='word_1_201' title='bbox 747 2633 800 2685; x_wconf 91' lang='lat' dir='ltr'><strong>etc.</strong></span> <span class='ocrx_word' id='word_1_202' title='bbox 817 2628 914 2700; x_wconf 80' lang='lat' dir='ltr'><strong>(Ibtd.)</strong></span> 
     </span>
     <span class='ocr_line' id='line_1_28' title="bbox 63 2715 916 2790; baseline 0.005 -22"><span class='ocrx_word' id='word_1_203' title='bbox 63 2715 147 2769; x_wconf 87' lang='lat' dir='ltr'><strong>Dicta</strong></span> <span class='ocrx_word' id='word_1_204' title='bbox 172 2716 344 2786; x_wconf 80' lang='lat' dir='ltr'><strong>generaliter</strong></span> <span class='ocrx_word' id='word_1_205' title='bbox 371 2716 538 2773; x_wconf 82' lang='lat' dir='ltr'><strong>contusione</strong></span> <span class='ocrx_word' id='word_1_206' title='bbox 564 2716 716 2789; x_wconf 77' lang='lat' dir='ltr'><strong>superbia,</strong></span> <span class='ocrx_word' id='word_1_207' title='bbox 743 2733 808 2790; x_wconf 82' lang='lat' dir='ltr'><strong>quae</strong></span> <span class='ocrx_word' id='word_1_208' title='bbox 830 2733 916 2789; x_wconf 75' lang='lat' dir='ltr'><strong>prena</strong></span> 
     </span>
     <span class='ocr_line' id='line_1_29' title="bbox 67 2802 916 2860; baseline 0.005 -6"><span class='ocrx_word' id='word_1_209' title='bbox 67 2807 182 2856; x_wconf 86' lang='lat' dir='ltr'><strong>maneat</strong></span> <span class='ocrx_word' id='word_1_210' title='bbox 195 2802 284 2857; x_wconf 88' lang='lat' dir='ltr'><strong>elatos</strong></span> <span class='ocrx_word' id='word_1_211' title='bbox 299 2803 328 2857; x_wconf 95' lang='lat' dir='ltr'><strong>in</strong></span> <span class='ocrx_word' id='word_1_212' title='bbox 351 2803 467 2858; x_wconf 90' lang='lat' dir='ltr'><strong>interita</strong></span> <span class='ocrx_word' id='word_1_213' title='bbox 483 2805 571 2859; x_wconf 82' lang='lat' dir='ltr'><strong>isreel</strong></span> <span class='ocrx_word' id='word_1_214' title='bbox 595 2804 727 2860; x_wconf 87' lang='lat' dir='ltr'><strong>ostendit.</strong></span> <span class='ocrx_word' id='word_1_215' title='bbox 759 2805 916 2860; x_wconf 80' lang='lat' dir='ltr'><strong>Transtulit</strong></span> 
     </span>
     <span class='ocr_line' id='line_1_30' title="bbox 63 2892 913 2965; baseline 0.006 -21"><span class='ocrx_word' id='word_1_216' title='bbox 63 2895 186 2958; x_wconf 88' lang='lat' dir='ltr'><strong>montes,</strong></span> <span class='ocrx_word' id='word_1_217' title='bbox 215 2895 327 2947; x_wconf 90' lang='lat' dir='ltr'><strong>sanctos</strong></span> <span class='ocrx_word' id='word_1_218' title='bbox 349 2892 583 2963; x_wconf 83' lang='lat' dir='ltr'><strong>praedicatoresa</strong></span> <span class='ocrx_word' id='word_1_219' title='bbox 608 2893 713 2949; x_wconf 74' lang='lat' dir='ltr'><strong>ludaeis</strong></span> <span class='ocrx_word' id='word_1_220' title='bbox 746 2893 781 2949; x_wconf 84' lang='lat' dir='ltr'><strong>sd</strong></span> <span class='ocrx_word' id='word_1_221' title='bbox 804 2898 913 2965; x_wconf 86' lang='lat' dir='ltr'><strong>gentes,</strong></span> 
     </span>
     <span class='ocr_line' id='line_1_31' title="bbox 59 2979 916 3059; baseline 0.005 -26"><span class='ocrx_word' id='word_1_222' title='bbox 59 2979 140 3051; x_wconf 91' lang='lat' dir='ltr'><strong>quod</strong></span> <span class='ocrx_word' id='word_1_223' title='bbox 155 2980 320 3035; x_wconf 87' lang='lat' dir='ltr'><strong>nescierunt</strong></span> <span class='ocrx_word' id='word_1_224' title='bbox 332 2980 434 3059; x_wconf 77' lang='lat' dir='ltr'><strong>iudaei,</strong></span> <span class='ocrx_word' id='word_1_225' title='bbox 446 2981 506 3053; x_wconf 82' lang='lat' dir='ltr'><strong>qui,</strong></span> <span class='ocrx_word' id='word_1_226' title='bbox 514 2981 544 3036; x_wconf 95' lang='lat' dir='ltr'><strong>in</strong></span> <span class='ocrx_word' id='word_1_227' title='bbox 559 2982 612 3037; x_wconf 88' lang='lat' dir='ltr'><strong>boc</strong></span> <span class='ocrx_word' id='word_1_228' title='bbox 629 2982 758 3038; x_wconf 83' lang='lat' dir='ltr'><strong>subversi</strong></span> <span class='ocrx_word' id='word_1_229' title='bbox 772 2987 848 3052; x_wconf 89' lang='lat' dir='ltr'><strong>sunt,</strong></span> <span class='ocrx_word' id='word_1_230' title='bbox 865 2999 916 3054; x_wconf 89' lang='lat' dir='ltr'><strong>pu-</strong></span> 
     </span>
     <span class='ocr_line' id='line_1_32' title="bbox 56 3066 914 3141; baseline 0.006 -20"><span class='ocrx_word' id='word_1_231' title='bbox 56 3070 154 3122; x_wconf 90' lang='lat' dir='ltr'><strong>tantes</strong></span> <span class='ocrx_word' id='word_1_232' title='bbox 170 3066 225 3122; x_wconf 92' lang='lat' dir='ltr'><strong>sibi</strong></span> <span class='ocrx_word' id='word_1_233' title='bbox 239 3068 377 3139; x_wconf 92' lang='lat' dir='ltr'><strong>gaudium</strong></span> <span class='ocrx_word' id='word_1_234' title='bbox 389 3069 466 3141; x_wconf 89' lang='lat' dir='ltr'><strong>quod</strong></span> <span class='ocrx_word' id='word_1_235' title='bbox 483 3070 582 3125; x_wconf 90' lang='lat' dir='ltr'><strong>lumen</strong></span> <span class='ocrx_word' id='word_1_236' title='bbox 596 3070 795 3141; x_wconf 88' lang='lat' dir='ltr'><strong>perdiderunt.</strong></span> <span class='ocrx_word' id='word_1_237' title='bbox 812 3071 914 3126; x_wconf 90' lang='lat' dir='ltr'><strong>Trans·</strong></span> 
     </span>
     <span class='ocr_line' id='line_1_33' title="bbox 54 3155 583 3214; baseline 0.006 -3"><span class='ocrx_word' id='word_1_238' title='bbox 54 3155 123 3211; x_wconf 88' lang='lat' dir='ltr'><strong>latis</strong></span> <span class='ocrx_word' id='word_1_239' title='bbox 145 3157 291 3213; x_wconf 89' lang='lat' dir='ltr'><strong>montibus</strong></span> <span class='ocrx_word' id='word_1_240' title='bbox 305 3163 469 3213; x_wconf 85' lang='lat' dir='ltr'><strong>commovet</strong></span> <span class='ocrx_word' id='word_1_241' title='bbox 483 3163 583 3214; x_wconf 90' lang='lat' dir='ltr'><strong>terras.</strong></span> 
     </span>
    </p>

    <p class='ocr_par' dir='ltr' id='par_1_11' title="bbox 53 3246 916 3408">
     <span class='ocr_line' id='line_1_34' title="bbox 94 3246 916 3315; baseline 0.007 -16"><span class='ocrx_word' id='word_1_242' title='bbox 94 3246 216 3301; x_wconf 75' lang='lat' dir='ltr'><strong>Vaasb</strong></span> <span class='ocrx_word' id='word_1_243' title='bbox 246 3267 306 3295; x_wconf 83' lang='lat'><strong>-·</strong></span> <span class='ocrx_word' id='word_1_244' title='bbox 338 3247 502 3303; x_wconf 77' lang='lat' dir='ltr'><strong>commovet</strong></span> <span class='ocrx_word' id='word_1_245' title='bbox 528 3251 636 3304; x_wconf 89' lang='lat' dir='ltr'><strong>terram</strong></span> <span class='ocrx_word' id='word_1_246' title='bbox 665 3248 701 3304; x_wconf 92' lang='lat' dir='ltr'><strong>de</strong></span> <span class='ocrx_word' id='word_1_247' title='bbox 728 3249 800 3306; x_wconf 89' lang='lat' dir='ltr'><strong>loco.</strong></span> <span class='ocrx_word' id='word_1_248' title='bbox 819 3249 916 3315; x_wconf 66' lang='lat' dir='ltr'><strong>sonia</strong></span> 
     </span>
     <span class='ocr_line' id='line_1_35' title="bbox 53 3333 774 3408; baseline 0.004 -17"><span class='ocrx_word' id='word_1_249' title='bbox 53 3334 212 3391; x_wconf 84' lang='lat' dir='ltr'><strong>Judaeosde</strong></span> <span class='ocrx_word' id='word_1_250' title='bbox 222 3333 328 3391; x_wconf 87' lang='lat' dir='ltr'><strong>tinibus</strong></span> <span class='ocrx_word' id='word_1_251' title='bbox 341 3336 400 3391; x_wconf 89' lang='lat' dir='ltr'><strong>suis</strong></span> <span class='ocrx_word' id='word_1_252' title='bbox 411 3352 464 3408; x_wconf 90' lang='lat' dir='ltr'><strong>per</strong></span> <span class='ocrx_word' id='word_1_253' title='bbox 477 3337 620 3393; x_wconf 83' lang='lat' dir='ltr'><strong>Romanos</strong></span> <span class='ocrx_word' id='word_1_254' title='bbox 645 3339 774 3395; x_wconf 85' lang='lat' dir='ltr'><strong>extraxit.</strong></span> 
     </span>
    </p>

    <p class='ocr_par' dir='ltr' id='par_1_12' title="bbox 55 3424 915 3748">
     <span class='ocr_line' id='line_1_36' title="bbox 95 3424 915 3501; baseline 0.012 -26"><span class='ocrx_word' id='word_1_255' title='bbox 95 3424 316 3480; x_wconf 75' lang='lat' dir='ltr'><strong>«Columnae»</strong></span> <span class='ocrx_word' id='word_1_256' title='bbox 345 3425 521 3494; x_wconf 84' lang='lat' dir='ltr'><strong>Sacerdotes,</strong></span> <span class='ocrx_word' id='word_1_257' title='bbox 550 3425 705 3499; x_wconf 83' lang='lat' dir='ltr'><strong>principes,</strong></span> <span class='ocrx_word' id='word_1_258' title='bbox 729 3427 801 3501; x_wconf 88' lang='lat' dir='ltr'><strong>legis</strong></span> <span class='ocrx_word' id='word_1_259' title='bbox 815 3429 915 3484; x_wconf 90' lang='lat' dir='ltr'><strong>docto·</strong></span> 
     </span>
     <span class='ocr_line' id='line_1_37' title="bbox 55 3513 914 3589; baseline 0.002 -20"><span class='ocrx_word' id='word_1_260' title='bbox 55 3529 113 3569; x_wconf 85' lang='lat' dir='ltr'><strong>res.</strong></span> <span class='ocrx_word' id='word_1_261' title='bbox 126 3513 263 3568; x_wconf 86' lang='lat' dir='ltr'><strong>Concussi</strong></span> <span class='ocrx_word' id='word_1_262' title='bbox 278 3518 353 3582; x_wconf 90' lang='lat' dir='ltr'><strong>sunt,</strong></span> <span class='ocrx_word' id='word_1_263' title='bbox 369 3514 438 3587; x_wconf 83' lang='lat' dir='ltr'><strong>quia</strong></span> <span class='ocrx_word' id='word_1_264' title='bbox 452 3531 504 3570; x_wconf 92' lang='lat' dir='ltr'><strong>nec</strong></span> <span class='ocrx_word' id='word_1_265' title='bbox 518 3514 573 3586; x_wconf 88' lang='lat' dir='ltr'><strong>ipsi</strong></span> <span class='ocrx_word' id='word_1_266' title='bbox 596 3514 652 3570; x_wconf 89' lang='lat' dir='ltr'><strong>sibi</strong></span> <span class='ocrx_word' id='word_1_267' title='bbox 673 3516 767 3572; x_wconf 86' lang='lat' dir='ltr'><strong>rivere</strong></span> <span class='ocrx_word' id='word_1_268' title='bbox 782 3516 914 3589; x_wconf 89' lang='lat' dir='ltr'><strong>permissi</strong></span> 
     </span>
     <span class='ocr_line' id='line_1_38' title="bbox 55 3602 913 3676; baseline 0.003 -19"><span class='ocrx_word' id='word_1_269' title='bbox 55 3606 136 3670; x_wconf 85' lang='lat' dir='ltr'><strong>sunt,</strong></span> <span class='ocrx_word' id='word_1_270' title='bbox 153 3602 230 3658; x_wconf 90' lang='lat' dir='ltr'><strong>unde</strong></span> <span class='ocrx_word' id='word_1_271' title='bbox 245 3604 387 3674; x_wconf 84' lang='lat' dir='ltr'><strong>apostolos</strong></span> <span class='ocrx_word' id='word_1_272' title='bbox 404 3604 587 3676; x_wconf 80' lang='lat' dir='ltr'><strong>expulerunt,</strong></span> <span class='ocrx_word' id='word_1_273' title='bbox 604 3608 745 3676; x_wconf 81' lang='lat' dir='ltr'><strong>praeterea</strong></span> <span class='ocrx_word' id='word_1_274' title='bbox 760 3605 791 3660; x_wconf 92' lang='lat' dir='ltr'><strong>in</strong></span> <span class='ocrx_word' id='word_1_275' title='bbox 806 3605 913 3660; x_wconf 90' lang='lat' dir='ltr'><strong>erroris</strong></span> 
     </span>
     <span class='ocr_line' id='line_1_39' title="bbox 55 3691 446 3748; baseline 0 -1"><span class='ocrx_word' id='word_1_276' title='bbox 55 3692 103 3748; x_wconf 87' lang='lat' dir='ltr'><strong>sui</strong></span> <span class='ocrx_word' id='word_1_277' title='bbox 118 3691 247 3747; x_wconf 84' lang='lat' dir='ltr'><strong>tenebris</strong></span> <span class='ocrx_word' id='word_1_278' title='bbox 261 3692 365 3747; x_wconf 90' lang='lat' dir='ltr'><strong>deserti</strong></span> <span class='ocrx_word' id='word_1_279' title='bbox 378 3698 446 3747; x_wconf 89' lang='lat' dir='ltr'><strong>sunt</strong></span> 
     </span>
    </p>

    <p class='ocr_par' dir='ltr' id='par_1_13' title="bbox 53 3780 914 4015">
     <span class='ocr_line' id='line_1_40' title="bbox 91 3780 914 3854; baseline 0.002 -18"><span class='ocrx_word' id='word_1_280' title='bbox 91 3781 178 3836; x_wconf 82' lang='lat' dir='ltr'><strong>Vens.</strong></span> <span class='ocrx_word' id='word_1_281' title='bbox 192 3785 219 3836; x_wconf 83' lang='lat'><strong>7.</strong></span> <span class='ocrx_word' id='word_1_282' title='bbox 246 3799 306 3833; x_wconf 80' lang='lat' dir='ltr'><strong>-e</strong></span> <span class='ocrx_word' id='word_1_283' title='bbox 326 3780 381 3847; x_wconf 85' lang='lat' dir='ltr'><strong>Qui</strong></span> <span class='ocrx_word' id='word_1_284' title='bbox 404 3780 535 3853; x_wconf 71' lang='lat' dir='ltr'><strong>precipit</strong></span> <span class='ocrx_word' id='word_1_285' title='bbox 559 3780 625 3837; x_wconf 90' lang='lat' dir='ltr'><strong>soli.</strong></span> <span class='ocrx_word' id='word_1_286' title='bbox 652 3802 664 3831; x_wconf 77' lang='grc' dir='ltr'>ι</span> <span class='ocrx_word' id='word_1_287' title='bbox 690 3780 785 3854; x_wconf 79' lang='lat' dir='ltr'><strong>(ibid.)</strong></span> <span class='ocrx_word' id='word_1_288' title='bbox 800 3781 846 3838; x_wconf 89' lang='lat' dir='ltr'><strong>Sol</strong></span> <span class='ocrx_word' id='word_1_289' title='bbox 861 3798 914 3854; x_wconf 91' lang='lat' dir='ltr'><strong>per</strong></span> 
     </span>
     <span class='ocr_line' id='line_1_41' title="bbox 53 3869 911 3942; baseline 0 -15"><span class='ocrx_word' id='word_1_290' title='bbox 53 3870 137 3927; x_wconf 89' lang='lat' dir='ltr'><strong>diem</strong></span> <span class='ocrx_word' id='word_1_291' title='bbox 151 3870 237 3938; x_wconf 90' lang='lat' dir='ltr'><strong>lucet,</strong></span> <span class='ocrx_word' id='word_1_292' title='bbox 253 3874 324 3937; x_wconf 77' lang='lat' dir='ltr'><strong>etc,</strong></span> <span class='ocrx_word' id='word_1_293' title='bbox 339 3870 477 3941; x_wconf 81' lang='lat' dir='ltr'><strong>usquead</strong></span> <span class='ocrx_word' id='word_1_294' title='bbox 491 3869 522 3925; x_wconf 94' lang='lat' dir='ltr'><strong>in</strong></span> <span class='ocrx_word' id='word_1_295' title='bbox 537 3886 637 3925; x_wconf 90' lang='lat' dir='ltr'><strong>omnes</strong></span> <span class='ocrx_word' id='word_1_296' title='bbox 650 3873 751 3942; x_wconf 86' lang='lat' dir='ltr'><strong>gentes</strong></span> <span class='ocrx_word' id='word_1_297' title='bbox 766 3869 911 3928; x_wconf 89' lang='lat' dir='ltr'><strong>dilatatur.</strong></span> 
     </span>
     <span class='ocr_line' id='line_1_42' title="bbox 56 3959 163 4015; baseline -0.019 0"><span class='ocrx_word' id='word_1_298' title='bbox 56 3959 163 4015; x_wconf 88' lang='lat' dir='ltr'><strong>Unde:</strong></span> 
     </span>
    </p>

    <p class='ocr_par' dir='ltr' id='par_1_14' title="bbox 52 4045 912 4210">
     <span class='ocr_line' id='line_1_43' title="bbox 91 4045 912 4119; baseline 0.001 -17"><span class='ocrx_word' id='word_1_299' title='bbox 91 4047 178 4102; x_wconf 78' lang='lat' dir='ltr'><strong>Vnae.</strong></span> <span class='ocrx_word' id='word_1_300' title='bbox 200 4048 227 4102; x_wconf 87' lang='lat'><strong>8.</strong></span> <span class='ocrx_word' id='word_1_301' title='bbox 255 4067 319 4096; x_wconf 79' lang='grc' dir='ltr'><strong>-ι</strong></span> <span class='ocrx_word' id='word_1_302' title='bbox 344 4045 398 4111; x_wconf 81' lang='lat' dir='ltr'><strong>Qui</strong></span> <span class='ocrx_word' id='word_1_303' title='bbox 423 4045 551 4101; x_wconf 88' lang='lat' dir='ltr'><strong>extendit</strong></span> <span class='ocrx_word' id='word_1_304' title='bbox 570 4046 665 4102; x_wconf 84' lang='lat' dir='ltr'><strong>coelos.</strong></span> <span class='ocrx_word' id='word_1_305' title='bbox 686 4046 788 4119; x_wconf 83' lang='lat' dir='ltr'><strong>(ibid.)</strong></span> <span class='ocrx_word' id='word_1_306' title='bbox 813 4046 912 4116; x_wconf 89' lang='lat' dir='ltr'><strong>idest,</strong></span> 
     </span>
     <span class='ocr_line' id='line_1_44' title="bbox 52 4133 849 4210; baseline -0.001 -17"><span class='ocrx_word' id='word_1_307' title='bbox 52 4134 204 4210; x_wconf 85' lang='lat' dir='ltr'><strong>apostolos</strong></span> <span class='ocrx_word' id='word_1_308' title='bbox 218 4135 351 4191; x_wconf 83' lang='lat' dir='ltr'><strong>atudaeis</strong></span> <span class='ocrx_word' id='word_1_309' title='bbox 364 4133 479 4206; x_wconf 83' lang='lat' dir='ltr'><strong>lagatos</strong></span> <span class='ocrx_word' id='word_1_310' title='bbox 494 4134 601 4207; x_wconf 87' lang='lat' dir='ltr'><strong>ubique</strong></span> <span class='ocrx_word' id='word_1_311' title='bbox 614 4135 682 4191; x_wconf 84' lang='lat' dir='ltr'><strong>facit</strong></span> <span class='ocrx_word' id='word_1_312' title='bbox 702 4135 849 4192; x_wconf 88' lang='lat' dir='ltr'><strong>honorari.</strong></span> 
     </span>
    </p>

    <p class='ocr_par' dir='ltr' id='par_1_15' title="bbox 53 4222 913 4368">
     <span class='ocr_line' id='line_1_45' title="bbox 93 4222 913 4296; baseline 0.005 -20"><span class='ocrx_word' id='word_1_313' title='bbox 93 4244 110 4276; x_wconf 76' lang='lat' dir='ltr'><strong>e</strong></span> <span class='ocrx_word' id='word_1_314' title='bbox 121 4223 214 4280; x_wconf 87' lang='lat' dir='ltr'><strong>Solus.</strong></span> <span class='ocrx_word' id='word_1_315' title='bbox 232 4243 247 4274; x_wconf 71' lang='lat' dir='ltr'><strong>a</strong></span> <span class='ocrx_word' id='word_1_316' title='bbox 262 4222 316 4288; x_wconf 85' lang='lat' dir='ltr'><strong>Qui</strong></span> <span class='ocrx_word' id='word_1_317' title='bbox 331 4223 402 4279; x_wconf 93' lang='lat' dir='ltr'><strong>mire</strong></span> <span class='ocrx_word' id='word_1_318' title='bbox 415 4225 470 4279; x_wconf 92' lang='lat' dir='ltr'><strong>hoc</strong></span> <span class='ocrx_word' id='word_1_319' title='bbox 491 4223 674 4296; x_wconf 75' lang='lat' dir='ltr'><strong>dispensarit,</strong></span> <span class='ocrx_word' id='word_1_320' title='bbox 704 4229 732 4280; x_wconf 91' lang='lat' dir='ltr'><strong>et</strong></span> <span class='ocrx_word' id='word_1_321' title='bbox 747 4241 814 4280; x_wconf 89' lang='lat' dir='ltr'><strong>cnm</strong></span> <span class='ocrx_word' id='word_1_322' title='bbox 836 4239 913 4280; x_wconf 85' lang='lat' dir='ltr'><strong>ama.</strong></span> 
     </span>
     <span class='ocr_line' id='line_1_46' title="bbox 53 4310 694 4368; baseline -0.002 0"><span class='ocrx_word' id='word_1_323' title='bbox 53 4312 157 4368; x_wconf 89' lang='lat' dir='ltr'><strong>ritudo</strong></span> <span class='ocrx_word' id='word_1_324' title='bbox 171 4310 273 4366; x_wconf 92' lang='lat' dir='ltr'><strong>mundi</strong></span> <span class='ocrx_word' id='word_1_325' title='bbox 288 4311 318 4366; x_wconf 92' lang='lat' dir='ltr'><strong>in</strong></span> <span class='ocrx_word' id='word_1_326' title='bbox 328 4327 397 4367; x_wconf 93' lang='lat' dir='ltr'><strong>nece</strong></span> <span class='ocrx_word' id='word_1_327' title='bbox 413 4313 557 4367; x_wconf 91' lang='lat' dir='ltr'><strong>bonorum</strong></span> <span class='ocrx_word' id='word_1_328' title='bbox 572 4313 694 4368; x_wconf 75' lang='lat' dir='ltr'><strong>saeviret.</strong></span> 
     </span>
    </p>

    <p class='ocr_par' dir='ltr' id='par_1_16' title="bbox 96 4399 915 4472">
     <span class='ocr_line' id='line_1_47' title="bbox 96 4399 915 4472; baseline 0.009 -21"><span class='ocrx_word' id='word_1_329' title='bbox 96 4401 257 4457; x_wconf 78' lang='lat' dir='ltr'><strong>‹Graditur</strong></span> <span class='ocrx_word' id='word_1_330' title='bbox 282 4416 368 4472; x_wconf 90' lang='lat' dir='ltr'><strong>super</strong></span> <span class='ocrx_word' id='word_1_331' title='bbox 388 4399 533 4468; x_wconf 66' lang='lat' dir='ltr'><strong>fluctus»</strong></span> <span class='ocrx_word' id='word_1_332' title='bbox 553 4401 648 4471; x_wconf 87' lang='lat' dir='ltr'><strong>idest,</strong></span> <span class='ocrx_word' id='word_1_333' title='bbox 668 4403 757 4457; x_wconf 89' lang='lat' dir='ltr'><strong>calcat</strong></span> <span class='ocrx_word' id='word_1_334' title='bbox 780 4401 850 4458; x_wconf 92' lang='lat' dir='ltr'><strong>dum</strong></span> <span class='ocrx_word' id='word_1_335' title='bbox 865 4402 915 4458; x_wconf 93' lang='lat' dir='ltr'><strong>mi·</strong></span> 
     </span>
    </p>
   </div>
   <div class='ocr_carea' id='block_1_7' title="bbox 1766 271 1820 326">
    <p class='ocr_par' dir='ltr' id='par_1_17' title="bbox 1766 271 1820 326">
     <span class='ocr_line' id='line_1_48' title="bbox 1766 271 1820 326; baseline 0.037 -2"><span class='ocrx_word' id='word_1_336' title='bbox 1766 271 1820 326; x_wconf 79' lang='lat'><strong>782</strong></span> 
     </span>
    </p>
   </div>
   <div class='ocr_carea' id='block_1_8' title="bbox 966 468 1888 2933">
    <p class='ocr_par' dir='ltr' id='par_1_18' title="bbox 970 468 1210 537">
     <span class='ocr_line' id='line_1_49' title="bbox 970 468 1210 537; baseline 0.008 -15"><span class='ocrx_word' id='word_1_337' title='bbox 970 468 1080 537; x_wconf 90' lang='lat' dir='ltr'><strong>hendit,</strong></span> <span class='ocrx_word' id='word_1_338' title='bbox 1096 469 1210 524; x_wconf 88' lang='lat' dir='ltr'><strong>dicens:</strong></span> 
     </span>
    </p>

    <p class='ocr_par' dir='ltr' id='par_1_19' title="bbox 968 557 1888 806">
     <span class='ocr_line' id='line_1_50' title="bbox 1005 557 1888 634; baseline 0.011 -24"><span class='ocrx_word' id='word_1_339' title='bbox 1005 558 1087 611; x_wconf 83' lang='lat' dir='ltr'><strong>Vens.</strong></span> <span class='ocrx_word' id='word_1_340' title='bbox 1105 559 1146 612; x_wconf 82' lang='lat' dir='ltr'><strong>ro.</strong></span> <span class='ocrx_word' id='word_1_341' title='bbox 1167 576 1235 609; x_wconf 78' lang='lat' dir='ltr'><strong>-a</strong></span> <span class='ocrx_word' id='word_1_342' title='bbox 1263 557 1318 622; x_wconf 85' lang='lat' dir='ltr'><strong>Qui</strong></span> <span class='ocrx_word' id='word_1_343' title='bbox 1341 558 1408 613; x_wconf 88' lang='lat' dir='ltr'><strong>iacit</strong></span> <span class='ocrx_word' id='word_1_344' title='bbox 1433 559 1515 615; x_wconf 93' lang='lat' dir='ltr'><strong>mihi.</strong></span> <span class='ocrx_word' id='word_1_345' title='bbox 1542 579 1557 613; x_wconf 75' lang='lat' dir='ltr'><strong>a</strong></span> <span class='ocrx_word' id='word_1_346' title='bbox 1587 560 1686 618; x_wconf 89' lang='lat' dir='ltr'><strong>llelius</strong></span> <span class='ocrx_word' id='word_1_347' title='bbox 1714 564 1822 634; x_wconf 87' lang='lat' dir='ltr'><strong>explet,</strong></span> <span class='ocrx_word' id='word_1_348' title='bbox 1880 616 1888 630; x_wconf 87' lang='grc'><em>,</em></span> 
     </span>
     <span class='ocr_line' id='line_1_51' title="bbox 969 644 1822 725; baseline 0.013 -27"><span class='ocrx_word' id='word_1_349' title='bbox 969 644 1062 716; x_wconf 90' lang='lat' dir='ltr'><strong>quise</strong></span> <span class='ocrx_word' id='word_1_350' title='bbox 1077 660 1136 700; x_wconf 95' lang='lat' dir='ltr'><strong>non</strong></span> <span class='ocrx_word' id='word_1_351' title='bbox 1152 661 1233 717; x_wconf 90' lang='lat' dir='ltr'><strong>posse</strong></span> <span class='ocrx_word' id='word_1_352' title='bbox 1244 646 1359 718; x_wconf 88' lang='lat' dir='ltr'><strong>explere</strong></span> <span class='ocrx_word' id='word_1_353' title='bbox 1373 647 1487 717; x_wconf 83' lang='lat' dir='ltr'><strong>latetur,</strong></span> <span class='ocrx_word' id='word_1_354' title='bbox 1508 654 1537 704; x_wconf 90' lang='lat' dir='ltr'><strong>ot</strong></span> <span class='ocrx_word' id='word_1_355' title='bbox 1550 649 1700 707; x_wconf 78' lang='lat' dir='ltr'><strong>facundius</strong></span> <span class='ocrx_word' id='word_1_356' title='bbox 1725 651 1822 725; x_wconf 88' lang='lat' dir='ltr'><strong>loqui·</strong></span> 
     </span>
     <span class='ocr_line' id='line_1_52' title="bbox 968 734 1422 806; baseline 0.009 -18"><span class='ocrx_word' id='word_1_357' title='bbox 968 737 1016 789; x_wconf 88' lang='lat' dir='ltr'><strong>tur</strong></span> <span class='ocrx_word' id='word_1_358' title='bbox 1031 734 1081 806; x_wconf 87' lang='lat' dir='ltr'><strong>qui</strong></span> <span class='ocrx_word' id='word_1_359' title='bbox 1098 735 1324 806; x_wconf 88' lang='lat' dir='ltr'><strong>obstupescendo</strong></span> <span class='ocrx_word' id='word_1_360' title='bbox 1336 742 1422 792; x_wconf 88' lang='lat' dir='ltr'><strong>tacet.</strong></span> 
     </span>
    </p>

    <p class='ocr_par' dir='ltr' id='par_1_20' title="bbox 1007 823 1299 894">
     <span class='ocr_line' id='line_1_53' title="bbox 1007 823 1299 894; baseline 0.027 -22"><span class='ocrx_word' id='word_1_361' title='bbox 1007 843 1019 872; x_wconf 78' lang='grc' dir='ltr'>ι</span> <span class='ocrx_word' id='word_1_362' title='bbox 1037 823 1168 894; x_wconf 71' lang='lat' dir='ltr'><strong>biegnae</strong></span> <span class='ocrx_word' id='word_1_363' title='bbox 1184 824 1299 880; x_wconf 82' lang='lat' dir='ltr'><strong>virtute.</strong></span> 
     </span>
    </p>

    <p class='ocr_par' dir='ltr' id='par_1_21' title="bbox 1006 912 1550 984">
     <span class='ocr_line' id='line_1_54' title="bbox 1006 912 1550 984; baseline 0.013 -21"><span class='ocrx_word' id='word_1_364' title='bbox 1006 931 1020 963; x_wconf 77' lang='lat' dir='ltr'><strong>e</strong></span> <span class='ocrx_word' id='word_1_365' title='bbox 1037 912 1069 967; x_wconf 85' lang='lat' dir='ltr'><strong>Et</strong></span> <span class='ocrx_word' id='word_1_366' title='bbox 1083 912 1384 984; x_wconf 85' lang='lat' dir='ltr'><strong>incomprehensibilia</strong></span> <span class='ocrx_word' id='word_1_367' title='bbox 1399 933 1414 966; x_wconf 76' lang='lat' dir='ltr'><strong>a</strong></span> <span class='ocrx_word' id='word_1_368' title='bbox 1429 914 1550 970; x_wconf 88' lang='lat' dir='ltr'><strong>ratione.</strong></span> 
     </span>
    </p>

    <p class='ocr_par' dir='ltr' id='par_1_22' title="bbox 970 1000 1821 1251">
     <span class='ocr_line' id='line_1_55' title="bbox 1007 1000 1821 1078; baseline 0.014 -25"><span class='ocrx_word' id='word_1_369' title='bbox 1007 1000 1070 1055; x_wconf 76' lang='lat' dir='ltr'><strong>«Et</strong></span> <span class='ocrx_word' id='word_1_370' title='bbox 1092 1001 1235 1057; x_wconf 90' lang='lat' dir='ltr'><strong>mirabilia</strong></span> <span class='ocrx_word' id='word_1_371' title='bbox 1259 1018 1383 1073; x_wconf 90' lang='lat' dir='ltr'><strong>quorum</strong></span> <span class='ocrx_word' id='word_1_372' title='bbox 1411 1019 1470 1058; x_wconf 91' lang='lat' dir='ltr'><strong>non</strong></span> <span class='ocrx_word' id='word_1_373' title='bbox 1483 1023 1498 1054; x_wconf 71' lang='lat' dir='ltr'><strong>a</strong></span> <span class='ocrx_word' id='word_1_374' title='bbox 1526 1004 1748 1078; x_wconf 88' lang='lat' dir='ltr'><strong>multiplicitate.</strong></span> <span class='ocrx_word' id='word_1_375' title='bbox 1765 1008 1821 1064; x_wconf 88' lang='lat' dir='ltr'><strong>Sed</strong></span> 
     </span>
     <span class='ocr_line' id='line_1_56' title="bbox 970 1089 1821 1168; baseline 0.011 -25"><span class='ocrx_word' id='word_1_376' title='bbox 970 1089 1040 1160; x_wconf 89' lang='lat' dir='ltr'><strong>quid</strong></span> <span class='ocrx_word' id='word_1_377' title='bbox 1052 1089 1265 1162; x_wconf 71' lang='lat' dir='ltr'><strong>miremurque</strong></span> <span class='ocrx_word' id='word_1_378' title='bbox 1286 1096 1365 1146; x_wconf 88' lang='lat' dir='ltr'><strong>extra</strong></span> <span class='ocrx_word' id='word_1_379' title='bbox 1385 1107 1436 1146; x_wconf 95' lang='lat' dir='ltr'><strong>nos</strong></span> <span class='ocrx_word' id='word_1_380' title='bbox 1458 1097 1536 1160; x_wconf 90' lang='lat' dir='ltr'><strong>sunt,</strong></span> <span class='ocrx_word' id='word_1_381' title='bbox 1552 1099 1653 1150; x_wconf 90' lang='lat' dir='ltr'><strong>eumet</strong></span> <span class='ocrx_word' id='word_1_382' title='bbox 1666 1096 1720 1150; x_wconf 93' lang='lat' dir='ltr'><strong>hoc</strong></span> <span class='ocrx_word' id='word_1_383' title='bbox 1743 1096 1821 1168; x_wconf 89' lang='lat' dir='ltr'><strong>quod</strong></span> 
     </span>
     <span class='ocr_line' id='line_1_57' title="bbox 970 1179 1717 1251; baseline 0.011 -17"><span class='ocrx_word' id='word_1_384' title='bbox 970 1193 1039 1249; x_wconf 84' lang='lat' dir='ltr'><strong>erga</strong></span> <span class='ocrx_word' id='word_1_385' title='bbox 1053 1195 1105 1234; x_wconf 91' lang='lat' dir='ltr'><strong>nos</strong></span> <span class='ocrx_word' id='word_1_386' title='bbox 1118 1179 1223 1251; x_wconf 89' lang='lat' dir='ltr'><strong>agitur,</strong></span> <span class='ocrx_word' id='word_1_387' title='bbox 1237 1180 1432 1248; x_wconf 76' lang='lat' dir='ltr'><strong>ignoramus?</strong></span> <span class='ocrx_word' id='word_1_388' title='bbox 1447 1181 1476 1237; x_wconf 91' lang='lat' dir='ltr'><strong>Si</strong></span> <span class='ocrx_word' id='word_1_389' title='bbox 1493 1183 1602 1239; x_wconf 86' lang='lat' dir='ltr'><strong>venerit</strong></span> <span class='ocrx_word' id='word_1_390' title='bbox 1614 1184 1717 1242; x_wconf 87' lang='lat' dir='ltr'><strong>adme.</strong></span> 
     </span>
    </p>

    <p class='ocr_par' dir='ltr' id='par_1_23' title="bbox 969 1267 1822 1505">
     <span class='ocr_line' id='line_1_58' title="bbox 1005 1267 1821 1344; baseline 0.015 -24"><span class='ocrx_word' id='word_1_391' title='bbox 1005 1267 1084 1322; x_wconf 83' lang='lat' dir='ltr'><strong>Vane.</strong></span> <span class='ocrx_word' id='word_1_392' title='bbox 1098 1270 1141 1323; x_wconf 88' lang='lat' dir='ltr'><strong>li.</strong></span> <span class='ocrx_word' id='word_1_393' title='bbox 1158 1299 1191 1309; x_wconf 95' lang='lat'><em>-</em></span> <span class='ocrx_word' id='word_1_394' title='bbox 1208 1288 1222 1320; x_wconf 78' lang='lat' dir='ltr'><strong>e</strong></span> <span class='ocrx_word' id='word_1_395' title='bbox 1237 1268 1265 1325; x_wconf 91' lang='lat' dir='ltr'><strong>Si</strong></span> <span class='ocrx_word' id='word_1_396' title='bbox 1273 1269 1383 1325; x_wconf 86' lang='lat' dir='ltr'><strong>venerit</strong></span> <span class='ocrx_word' id='word_1_397' title='bbox 1394 1270 1431 1325; x_wconf 88' lang='lat' dir='ltr'><strong>ad</strong></span> <span class='ocrx_word' id='word_1_398' title='bbox 1444 1286 1499 1325; x_wconf 88' lang='lat' dir='ltr'><strong>me.</strong></span> <span class='ocrx_word' id='word_1_399' title='bbox 1514 1291 1528 1323; x_wconf 76' lang='lat' dir='ltr'><strong>a</strong></span> <span class='ocrx_word' id='word_1_400' title='bbox 1543 1272 1636 1344; x_wconf 75' lang='lat' dir='ltr'><strong>(itia.)</strong></span> <span class='ocrx_word' id='word_1_401' title='bbox 1652 1274 1744 1341; x_wconf 88' lang='lat' dir='ltr'><strong>Venit,</strong></span> <span class='ocrx_word' id='word_1_402' title='bbox 1754 1291 1821 1332; x_wconf 91' lang='lat' dir='ltr'><strong>cum</strong></span> 
     </span>
     <span class='ocr_line' id='line_1_59' title="bbox 969 1356 1822 1428; baseline 0.009 -16"><span class='ocrx_word' id='word_1_403' title='bbox 969 1356 1044 1412; x_wconf 81' lang='lat' dir='ltr'><strong>dona</strong></span> <span class='ocrx_word' id='word_1_404' title='bbox 1059 1357 1116 1421; x_wconf 91' lang='lat' dir='ltr'><strong>dat,</strong></span> <span class='ocrx_word' id='word_1_405' title='bbox 1146 1363 1210 1427; x_wconf 77' lang='lat' dir='ltr'><strong>etc,</strong></span> <span class='ocrx_word' id='word_1_406' title='bbox 1227 1374 1311 1428; x_wconf 85' lang='lat' dir='ltr'><strong>usque</strong></span> <span class='ocrx_word' id='word_1_407' title='bbox 1338 1359 1525 1416; x_wconf 84' lang='lat' dir='ltr'><strong>odettamen</strong></span> <span class='ocrx_word' id='word_1_408' title='bbox 1549 1361 1589 1416; x_wconf 91' lang='lat' dir='ltr'><strong>sic</strong></span> <span class='ocrx_word' id='word_1_409' title='bbox 1614 1379 1705 1419; x_wconf 78' lang='lat' dir='ltr'><strong>cacus</strong></span> <span class='ocrx_word' id='word_1_410' title='bbox 1734 1367 1822 1420; x_wconf 92' lang='lat' dir='ltr'><strong>homo</strong></span> 
     </span>
     <span class='ocr_line' id='line_1_60' title="bbox 970 1444 1477 1505; baseline 0.012 -7"><span class='ocrx_word' id='word_1_411' title='bbox 970 1444 1112 1500; x_wconf 87' lang='lat' dir='ltr'><strong>rationem</strong></span> <span class='ocrx_word' id='word_1_412' title='bbox 1126 1446 1224 1501; x_wconf 89' lang='lat' dir='ltr'><strong>reddet</strong></span> <span class='ocrx_word' id='word_1_413' title='bbox 1236 1447 1271 1502; x_wconf 94' lang='lat' dir='ltr'><strong>de</strong></span> <span class='ocrx_word' id='word_1_414' title='bbox 1282 1448 1393 1502; x_wconf 88' lang='lat' dir='ltr'><strong>actibus</strong></span> <span class='ocrx_word' id='word_1_415' title='bbox 1408 1450 1477 1505; x_wconf 85' lang='lat' dir='ltr'><strong>lieo.</strong></span> 
     </span>
    </p>

    <p class='ocr_par' dir='ltr' id='par_1_24' title="bbox 966 1534 1822 1768">
     <span class='ocr_line' id='line_1_61' title="bbox 1006 1534 1822 1613; baseline 0.015 -26"><span class='ocrx_word' id='word_1_416' title='bbox 1006 1534 1084 1588; x_wconf 85' lang='lat' dir='ltr'><strong>Vane.</strong></span> <span class='ocrx_word' id='word_1_417' title='bbox 1099 1537 1140 1589; x_wconf 76' lang='lat' dir='ltr'><strong>ii.</strong></span> <span class='ocrx_word' id='word_1_418' title='bbox 1158 1565 1190 1576; x_wconf 91' lang='lat'><em>-</em></span> <span class='ocrx_word' id='word_1_419' title='bbox 1208 1553 1222 1587; x_wconf 78' lang='lat' dir='ltr'><strong>c</strong></span> <span class='ocrx_word' id='word_1_420' title='bbox 1251 1536 1279 1590; x_wconf 91' lang='lat' dir='ltr'><strong>Si</strong></span> <span class='ocrx_word' id='word_1_421' title='bbox 1299 1543 1418 1608; x_wconf 88' lang='lat' dir='ltr'><strong>repente</strong></span> <span class='ocrx_word' id='word_1_422' title='bbox 1446 1540 1528 1594; x_wconf 87' lang='lat' dir='ltr'><strong>inter.</strong></span> <span class='ocrx_word' id='word_1_423' title='bbox 1545 1559 1560 1592; x_wconf 71' lang='lat' dir='ltr'><strong>a</strong></span> <span class='ocrx_word' id='word_1_424' title='bbox 1577 1540 1675 1611; x_wconf 75' lang='lat' dir='ltr'><strong>(ibid.)</strong></span> <span class='ocrx_word' id='word_1_425' title='bbox 1693 1543 1822 1613; x_wconf 86' lang='lat' dir='ltr'><strong>Repente</strong></span> 
     </span>
     <span class='ocr_line' id='line_1_62' title="bbox 970 1620 1821 1701; baseline 0.013 -27"><span class='ocrx_word' id='word_1_426' title='bbox 970 1620 1137 1693; x_wconf 89' lang='lat' dir='ltr'><strong>interrogat,</strong></span> <span class='ocrx_word' id='word_1_427' title='bbox 1153 1638 1218 1677; x_wconf 91' lang='lat' dir='ltr'><strong>cum</strong></span> <span class='ocrx_word' id='word_1_428' title='bbox 1236 1623 1407 1695; x_wconf 89' lang='lat' dir='ltr'><strong>inopinatos,</strong></span> <span class='ocrx_word' id='word_1_429' title='bbox 1424 1631 1585 1696; x_wconf 83' lang='lat' dir='ltr'><strong>etc.,usqae</strong></span> <span class='ocrx_word' id='word_1_430' title='bbox 1596 1626 1643 1694; x_wconf 84' lang='lat' dir='ltr'><strong>ad,</strong></span> <span class='ocrx_word' id='word_1_431' title='bbox 1666 1631 1744 1700; x_wconf 89' lang='lat' dir='ltr'><strong>quod</strong></span> <span class='ocrx_word' id='word_1_432' title='bbox 1758 1631 1821 1701; x_wconf 82' lang='lat' dir='ltr'><strong>pla·</strong></span> 
     </span>
     <span class='ocr_line' id='line_1_63' title="bbox 966 1710 1455 1768; baseline 0.004 -2"><span class='ocrx_word' id='word_1_433' title='bbox 966 1710 1035 1766; x_wconf 91' lang='lat' dir='ltr'><strong>nius</strong></span> <span class='ocrx_word' id='word_1_434' title='bbox 1052 1711 1212 1767; x_wconf 90' lang='lat' dir='ltr'><strong>ostenditur</strong></span> <span class='ocrx_word' id='word_1_435' title='bbox 1225 1712 1294 1767; x_wconf 92' lang='lat' dir='ltr'><strong>dum</strong></span> <span class='ocrx_word' id='word_1_436' title='bbox 1304 1711 1455 1768; x_wconf 89' lang='lat' dir='ltr'><strong>subditur:</strong></span> 
     </span>
    </p>

    <p class='ocr_par' dir='ltr' id='par_1_25' title="bbox 969 1797 1823 2048">
     <span class='ocr_line' id='line_1_64' title="bbox 1005 1797 1821 1871; baseline 0.02 -23"><span class='ocrx_word' id='word_1_437' title='bbox 1005 1797 1102 1863; x_wconf 74' lang='lat' dir='ltr'><strong>«Quis</strong></span> <span class='ocrx_word' id='word_1_438' title='bbox 1133 1799 1228 1854; x_wconf 86' lang='lat' dir='ltr'><strong>dicere</strong></span> <span class='ocrx_word' id='word_1_439' title='bbox 1256 1804 1359 1871; x_wconf 87' lang='lat' dir='ltr'><strong>potest,</strong></span> <span class='ocrx_word' id='word_1_440' title='bbox 1388 1817 1440 1856; x_wconf 92' lang='lat' dir='ltr'><strong>cur</strong></span> <span class='ocrx_word' id='word_1_441' title='bbox 1463 1801 1504 1857; x_wconf 85' lang='lat' dir='ltr'><strong>ita</strong></span> <span class='ocrx_word' id='word_1_442' title='bbox 1535 1803 1644 1860; x_wconf 77' lang='lat' dir='ltr'><strong>taciti·</strong></span> <span class='ocrx_word' id='word_1_443' title='bbox 1664 1807 1747 1862; x_wconf 75' lang='lat' dir='ltr'><strong>laete</strong></span> <span class='ocrx_word' id='word_1_444' title='bbox 1771 1808 1821 1864; x_wconf 82' lang='lat' dir='ltr'><strong>liei</strong></span> 
     </span>
     <span class='ocr_line' id='line_1_65' title="bbox 969 1885 1823 1970; baseline 0.014 -29"><span class='ocrx_word' id='word_1_445' title='bbox 969 1885 1107 1942; x_wconf 89' lang='lat' dir='ltr'><strong>debemus</strong></span> <span class='ocrx_word' id='word_1_446' title='bbox 1135 1889 1276 1970; x_wconf 76' lang='lat' dir='ltr'><strong>reuereri,</strong></span> <span class='ocrx_word' id='word_1_447' title='bbox 1305 1895 1371 1954; x_wconf 81' lang='lat' dir='ltr'><strong>etc,</strong></span> <span class='ocrx_word' id='word_1_448' title='bbox 1396 1905 1481 1961; x_wconf 81' lang='lat' dir='ltr'><strong>usque</strong></span> <span class='ocrx_word' id='word_1_449' title='bbox 1507 1891 1544 1946; x_wconf 83' lang='lat' dir='ltr'><strong>ad</strong></span> <span class='ocrx_word' id='word_1_450' title='bbox 1572 1909 1658 1964; x_wconf 90' lang='lat' dir='ltr'><strong>quam</strong></span> <span class='ocrx_word' id='word_1_451' title='bbox 1682 1898 1823 1968; x_wconf 87' lang='lat' dir='ltr'><strong>superbus</strong></span> 
     </span>
     <span class='ocr_line' id='line_1_66' title="bbox 969 1975 1563 2048; baseline 0.012 -19"><span class='ocrx_word' id='word_1_452' title='bbox 969 1975 1245 2048; x_wconf 77' lang='lat' dir='ltr'><strong>inexstinguibiliter</strong></span> <span class='ocrx_word' id='word_1_453' title='bbox 1258 1979 1396 2045; x_wconf 88' lang='lat' dir='ltr'><strong>accendit,</strong></span> <span class='ocrx_word' id='word_1_454' title='bbox 1414 1980 1491 2035; x_wconf 90' lang='lat' dir='ltr'><strong>uude</strong></span> <span class='ocrx_word' id='word_1_455' title='bbox 1503 1982 1543 2035; x_wconf 87' lang='lat' dir='ltr'><strong>ait</strong></span> <span class='ocrx_word' id='word_1_456' title='bbox 1556 1997 1563 2036; x_wconf 95' lang='lat'><strong>:</strong></span> 
     </span>
    </p>

    <p class='ocr_par' dir='ltr' id='par_1_26' title="bbox 968 2065 1823 2388">
     <span class='ocr_line' id='line_1_67' title="bbox 1004 2065 1822 2144; baseline 0.013 -27"><span class='ocrx_word' id='word_1_457' title='bbox 1004 2065 1084 2120; x_wconf 83' lang='lat' dir='ltr'><strong>Vnae.</strong></span> <span class='ocrx_word' id='word_1_458' title='bbox 1104 2068 1147 2121; x_wconf 82' lang='lat' dir='ltr'><strong>is.</strong></span> <span class='ocrx_word' id='word_1_459' title='bbox 1162 2096 1197 2105; x_wconf 96' lang='lat'><em>-</em></span> <span class='ocrx_word' id='word_1_460' title='bbox 1214 2085 1227 2117; x_wconf 79' lang='grc' dir='ltr'><strong>α</strong></span> <span class='ocrx_word' id='word_1_461' title='bbox 1244 2067 1318 2121; x_wconf 84' lang='lat' dir='ltr'><strong>licus</strong></span> <span class='ocrx_word' id='word_1_462' title='bbox 1347 2067 1429 2138; x_wconf 89' lang='lat' dir='ltr'><strong>cujas</strong></span> <span class='ocrx_word' id='word_1_463' title='bbox 1443 2068 1494 2123; x_wconf 83' lang='lat' dir='ltr'><strong>irae</strong></span> <span class='ocrx_word' id='word_1_464' title='bbox 1522 2069 1653 2126; x_wconf 89' lang='lat' dir='ltr'><strong>resistere</strong></span> <span class='ocrx_word' id='word_1_465' title='bbox 1667 2087 1753 2127; x_wconf 91' lang='lat' dir='ltr'><strong>nemo</strong></span> <span class='ocrx_word' id='word_1_466' title='bbox 1770 2087 1822 2144; x_wconf 91' lang='lat' dir='ltr'><strong>po·</strong></span> 
     </span>
     <span class='ocr_line' id='line_1_68' title="bbox 968 2154 1823 2232; baseline 0.012 -24"><span class='ocrx_word' id='word_1_467' title='bbox 968 2158 1034 2208; x_wconf 89' lang='lat' dir='ltr'><strong>test.</strong></span> <span class='ocrx_word' id='word_1_468' title='bbox 1054 2177 1065 2204; x_wconf 81' lang='grc' dir='ltr'>ι</span> <span class='ocrx_word' id='word_1_469' title='bbox 1083 2155 1190 2226; x_wconf 84' lang='lat' dir='ltr'><strong>lloyses</strong></span> <span class='ocrx_word' id='word_1_470' title='bbox 1204 2160 1231 2212; x_wconf 91' lang='lat' dir='ltr'><strong>et</strong></span> <span class='ocrx_word' id='word_1_471' title='bbox 1247 2154 1368 2211; x_wconf 86' lang='lat' dir='ltr'><strong>Phineas</strong></span> <span class='ocrx_word' id='word_1_472' title='bbox 1387 2157 1478 2212; x_wconf 88' lang='lat' dir='ltr'><strong>etalii</strong></span> <span class='ocrx_word' id='word_1_473' title='bbox 1493 2160 1591 2223; x_wconf 87' lang='lat' dir='ltr'><strong>sancti,</strong></span> <span class='ocrx_word' id='word_1_474' title='bbox 1608 2165 1672 2228; x_wconf 77' lang='lat' dir='ltr'><strong>etc..</strong></span> <span class='ocrx_word' id='word_1_475' title='bbox 1687 2177 1773 2232; x_wconf 80' lang='lat' dir='ltr'><strong>usqae</strong></span> <span class='ocrx_word' id='word_1_476' title='bbox 1785 2161 1823 2217; x_wconf 85' lang='lat' dir='ltr'><strong>ad</strong></span> 
     </span>
     <span class='ocr_line' id='line_1_69' title="bbox 968 2242 1823 2320; baseline 0.011 -23"><span class='ocrx_word' id='word_1_477' title='bbox 968 2243 1005 2297; x_wconf 85' lang='lat' dir='ltr'><strong>ab</strong></span> <span class='ocrx_word' id='word_1_478' title='bbox 1020 2242 1064 2298; x_wconf 91' lang='lat' dir='ltr'><strong>his</strong></span> <span class='ocrx_word' id='word_1_479' title='bbox 1078 2259 1209 2299; x_wconf 87' lang='lat' dir='ltr'><strong>reversus</strong></span> <span class='ocrx_word' id='word_1_480' title='bbox 1237 2245 1273 2301; x_wconf 86' lang='lat' dir='ltr'><strong>ad</strong></span> <span class='ocrx_word' id='word_1_481' title='bbox 1299 2259 1329 2301; x_wconf 88' lang='lat' dir='ltr'><strong>se</strong></span> <span class='ocrx_word' id='word_1_482' title='bbox 1353 2245 1505 2300; x_wconf 88' lang='lat' dir='ltr'><strong>humiliter</strong></span> <span class='ocrx_word' id='word_1_483' title='bbox 1529 2263 1589 2318; x_wconf 76' lang='lat' dir='ltr'><strong>pria</strong></span> <span class='ocrx_word' id='word_1_484' title='bbox 1618 2254 1757 2320; x_wconf 86' lang='lat' dir='ltr'><strong>potestate</strong></span> <span class='ocrx_word' id='word_1_485' title='bbox 1771 2251 1823 2306; x_wconf 83' lang='lat' dir='ltr'><strong>uei</strong></span> 
     </span>
     <span class='ocr_line' id='line_1_70' title="bbox 968 2331 1569 2388; baseline 0.012 -2"><span class='ocrx_word' id='word_1_486' title='bbox 968 2331 1023 2388; x_wconf 90' lang='lat' dir='ltr'><strong>sibi</strong></span> <span class='ocrx_word' id='word_1_487' title='bbox 1038 2331 1162 2388; x_wconf 87' lang='lat' dir='ltr'><strong>vilescit.</strong></span> <span class='ocrx_word' id='word_1_488' title='bbox 1566 2338 1569 2346; x_wconf 88' lang='lat'>&#39;</span> 
     </span>
    </p>

    <p class='ocr_par' dir='ltr' id='par_1_27' title="bbox 969 2421 1823 2933">
     <span class='ocr_line' id='line_1_71' title="bbox 1005 2421 1822 2498; baseline 0.011 -24"><span class='ocrx_word' id='word_1_489' title='bbox 1005 2421 1085 2475; x_wconf 80' lang='lat' dir='ltr'><strong>Vens.</strong></span> <span class='ocrx_word' id='word_1_490' title='bbox 1102 2422 1144 2476; x_wconf 76' lang='lat'><strong>14.</strong></span> <span class='ocrx_word' id='word_1_491' title='bbox 1161 2442 1222 2472; x_wconf 76' lang='lat' dir='ltr'><strong>-e</strong></span> <span class='ocrx_word' id='word_1_492' title='bbox 1251 2421 1380 2486; x_wconf 85' lang='lat' dir='ltr'><strong>Qirantus</strong></span> <span class='ocrx_word' id='word_1_493' title='bbox 1406 2437 1475 2493; x_wconf 91' lang='lat' dir='ltr'><strong>crgo</strong></span> <span class='ocrx_word' id='word_1_494' title='bbox 1497 2439 1537 2478; x_wconf 87' lang='lat' dir='ltr'><strong>se.</strong></span> <span class='ocrx_word' id='word_1_495' title='bbox 1559 2443 1574 2476; x_wconf 70' lang='grc' dir='ltr'><strong>ι</strong></span> <span class='ocrx_word' id='word_1_496' title='bbox 1599 2425 1691 2497; x_wconf 72' lang='lat' dir='ltr'><strong>(itm.)</strong></span> <span class='ocrx_word' id='word_1_497' title='bbox 1722 2426 1822 2498; x_wconf 89' lang='lat' dir='ltr'><strong>idest,</strong></span> 
     </span>
     <span class='ocr_line' id='line_1_72' title="bbox 969 2509 1822 2586; baseline 0.009 -23"><span class='ocrx_word' id='word_1_498' title='bbox 969 2509 992 2563; x_wconf 92' lang='lat' dir='ltr'><strong>si</strong></span> <span class='ocrx_word' id='word_1_499' title='bbox 1008 2509 1128 2581; x_wconf 88' lang='lat' dir='ltr'><strong>angelus</strong></span> <span class='ocrx_word' id='word_1_500' title='bbox 1142 2510 1220 2564; x_wconf 90' lang='lat' dir='ltr'><strong>hunc</strong></span> <span class='ocrx_word' id='word_1_501' title='bbox 1229 2509 1409 2566; x_wconf 78' lang='lat' dir='ltr'><strong>considerare</strong></span> <span class='ocrx_word' id='word_1_502' title='bbox 1425 2526 1481 2566; x_wconf 91' lang='lat' dir='ltr'><strong>non</strong></span> <span class='ocrx_word' id='word_1_503' title='bbox 1501 2512 1616 2581; x_wconf 80' lang='lat' dir='ltr'><strong>scilicit,</strong></span> <span class='ocrx_word' id='word_1_504' title='bbox 1643 2529 1702 2586; x_wconf 89' lang='lat' dir='ltr'><strong>qua</strong></span> <span class='ocrx_word' id='word_1_505' title='bbox 1724 2521 1822 2572; x_wconf 89' lang='lat' dir='ltr'><strong>mente</strong></span> 
     </span>
     <span class='ocr_line' id='line_1_73' title="bbox 969 2597 1822 2674; baseline 0.008 -21"><span class='ocrx_word' id='word_1_506' title='bbox 969 2597 1005 2653; x_wconf 91' lang='lat' dir='ltr'><strong>de</strong></span> <span class='ocrx_word' id='word_1_507' title='bbox 1020 2599 1082 2669; x_wconf 85' lang='lat' dir='ltr'><strong>ejus</strong></span> <span class='ocrx_word' id='word_1_508' title='bbox 1106 2597 1222 2669; x_wconf 86' lang='lat' dir='ltr'><strong>judiciis</strong></span> <span class='ocrx_word' id='word_1_509' title='bbox 1250 2598 1364 2670; x_wconf 90' lang='lat' dir='ltr'><strong>disputo</strong></span> <span class='ocrx_word' id='word_1_510' title='bbox 1388 2600 1438 2673; x_wconf 88' lang='lat' dir='ltr'><strong>qui</strong></span> <span class='ocrx_word' id='word_1_511' title='bbox 1466 2617 1550 2656; x_wconf 89' lang='lat' dir='ltr'><strong>carne</strong></span> <span class='ocrx_word' id='word_1_512' title='bbox 1574 2604 1822 2674; x_wconf 86' lang='lat' dir='ltr'><strong>premor‘lVerba</strong></span> 
     </span>
     <span class='ocr_line' id='line_1_74' title="bbox 970 2686 1823 2763; baseline 0.011 -24"><span class='ocrx_word' id='word_1_513' title='bbox 970 2687 1109 2740; x_wconf 86' lang='lat' dir='ltr'><strong>nostraad</strong></span> <span class='ocrx_word' id='word_1_514' title='bbox 1127 2686 1216 2740; x_wconf 85' lang='lat' dir='ltr'><strong>Deum</strong></span> <span class='ocrx_word' id='word_1_515' title='bbox 1234 2692 1299 2741; x_wconf 92' lang='lat' dir='ltr'><strong>sunt</strong></span> <span class='ocrx_word' id='word_1_516' title='bbox 1314 2703 1412 2758; x_wconf 87' lang='lat' dir='ltr'><strong>opera,</strong></span> <span class='ocrx_word' id='word_1_517' title='bbox 1429 2688 1478 2744; x_wconf 89' lang='lat' dir='ltr'><strong>sed</strong></span> <span class='ocrx_word' id='word_1_518' title='bbox 1494 2689 1538 2743; x_wconf 92' lang='lat' dir='ltr'><strong>his</strong></span> <span class='ocrx_word' id='word_1_519' title='bbox 1559 2690 1698 2761; x_wconf 90' lang='lat' dir='ltr'><strong>quianon</strong></span> <span class='ocrx_word' id='word_1_520' title='bbox 1727 2696 1823 2763; x_wconf 88' lang='lat' dir='ltr'><strong>potest</strong></span> 
     </span>
     <span class='ocr_line' id='line_1_75' title="bbox 969 2773 1821 2852; baseline 0.011 -24"><span class='ocrx_word' id='word_1_521' title='bbox 969 2774 1056 2829; x_wconf 92' lang='lat' dir='ltr'><strong>homo</strong></span> <span class='ocrx_word' id='word_1_522' title='bbox 1070 2773 1151 2846; x_wconf 87' lang='lat' dir='ltr'><strong>loqui</strong></span> <span class='ocrx_word' id='word_1_523' title='bbox 1165 2790 1230 2830; x_wconf 91' lang='lat' dir='ltr'><strong>cum</strong></span> <span class='ocrx_word' id='word_1_524' title='bbox 1246 2777 1314 2843; x_wconf 85' lang='lat' dir='ltr'><strong>lieo,</strong></span> <span class='ocrx_word' id='word_1_525' title='bbox 1330 2777 1399 2848; x_wconf 88' lang='lat' dir='ltr'><strong>quia</strong></span> <span class='ocrx_word' id='word_1_526' title='bbox 1412 2776 1443 2831; x_wconf 91' lang='lat' dir='ltr'><strong>in</strong></span> <span class='ocrx_word' id='word_1_527' title='bbox 1458 2777 1499 2832; x_wconf 87' lang='lat' dir='ltr'><strong>eis</strong></span> <span class='ocrx_word' id='word_1_528' title='bbox 1512 2779 1588 2849; x_wconf 88' lang='lat' dir='ltr'><strong>apud</strong></span> <span class='ocrx_word' id='word_1_529' title='bbox 1618 2779 1720 2835; x_wconf 90' lang='lat' dir='ltr'><strong>subtile</strong></span> <span class='ocrx_word' id='word_1_530' title='bbox 1739 2781 1821 2852; x_wconf 90' lang='lat' dir='ltr'><strong>judi·</strong></span> 
     </span>
     <span class='ocr_line' id='line_1_76' title="bbox 969 2863 1598 2933; baseline 0.01 -16"><span class='ocrx_word' id='word_1_531' title='bbox 969 2863 1047 2918; x_wconf 88' lang='lat' dir='ltr'><strong>cium</strong></span> <span class='ocrx_word' id='word_1_532' title='bbox 1062 2864 1112 2918; x_wconf 84' lang='lat' dir='ltr'><strong>liei</strong></span> <span class='ocrx_word' id='word_1_533' title='bbox 1128 2863 1207 2919; x_wconf 87' lang='lat' dir='ltr'><strong>nulla</strong></span> <span class='ocrx_word' id='word_1_534' title='bbox 1219 2864 1324 2920; x_wconf 87' lang='lat' dir='ltr'><strong>iiducia</strong></span> <span class='ocrx_word' id='word_1_535' title='bbox 1339 2870 1390 2933; x_wconf 90' lang='lat' dir='ltr'><strong>est,</strong></span> <span class='ocrx_word' id='word_1_536' title='bbox 1406 2867 1484 2921; x_wconf 92' lang='lat' dir='ltr'><strong>unde</strong></span> <span class='ocrx_word' id='word_1_537' title='bbox 1498 2867 1598 2923; x_wconf 88' lang='lat' dir='ltr'><strong>addit:</strong></span> 
     </span>
    </p>
   </div>
   <div class='ocr_carea' id='block_1_9' title="bbox 934 2943 1821 3028">
    <p class='ocr_par' dir='ltr' id='par_1_28' title="bbox 934 2943 1821 3028">
     <span class='ocr_line' id='line_1_77' title="bbox 934 2943 1821 3028; baseline 0.008 -22"><span class='ocrx_word' id='word_1_538' title='bbox 934 2943 955 2999; x_wconf 87' lang='lat' dir='ltr'>C</span> <span class='ocrx_word' id='word_1_539' title='bbox 1006 2953 1086 3008; x_wconf 81' lang='lat' dir='ltr'><strong>Vsus.</strong></span> <span class='ocrx_word' id='word_1_540' title='bbox 1105 2956 1147 3008; x_wconf 79' lang='lat'><strong>¹5.</strong></span> <span class='ocrx_word' id='word_1_541' title='bbox 1164 2982 1197 2995; x_wconf 96' lang='lat'><em>-</em></span> <span class='ocrx_word' id='word_1_542' title='bbox 1212 2974 1226 3004; x_wconf 85' lang='grc'><strong>«</strong></span> <span class='ocrx_word' id='word_1_543' title='bbox 1241 2953 1295 3019; x_wconf 79' lang='lat' dir='ltr'><strong>Oai</strong></span> <span class='ocrx_word' id='word_1_544' title='bbox 1311 2955 1398 3009; x_wconf 90' lang='lat' dir='ltr'><strong>etiam</strong></span> <span class='ocrx_word' id='word_1_545' title='bbox 1411 2955 1434 3008; x_wconf 93' lang='lat' dir='ltr'><strong>si</strong></span> <span class='ocrx_word' id='word_1_546' title='bbox 1449 2954 1586 3023; x_wconf 90' lang='lat' dir='ltr'><strong>habuero,</strong></span> <span class='ocrx_word' id='word_1_547' title='bbox 1616 2961 1688 3020; x_wconf 79' lang='lat' dir='ltr'><strong>etc..</strong></span> <span class='ocrx_word' id='word_1_548' title='bbox 1715 2956 1821 3028; x_wconf 90' lang='lat' dir='ltr'><strong>depre-</strong></span> 
     </span>
    </p>
   </div>
   <div class='ocr_carea' id='block_1_10' title="bbox 967 3040 1866 4079">
    <p class='ocr_par' dir='ltr' id='par_1_29' title="bbox 968 3040 1821 3289">
     <span class='ocr_line' id='line_1_78' title="bbox 969 3040 1820 3118; baseline 0.005 -21"><span class='ocrx_word' id='word_1_549' title='bbox 969 3040 1093 3098; x_wconf 77' lang='lat' dir='ltr'><strong>cabor.»</strong></span> <span class='ocrx_word' id='word_1_550' title='bbox 1126 3043 1211 3099; x_wconf 86' lang='lat' dir='ltr'><strong>Proca</strong></span> <span class='ocrx_word' id='word_1_551' title='bbox 1237 3047 1302 3113; x_wconf 88' lang='lat' dir='ltr'><strong>post</strong></span> <span class='ocrx_word' id='word_1_552' title='bbox 1321 3043 1463 3114; x_wconf 87' lang='lat' dir='ltr'><strong>justitiam</strong></span> <span class='ocrx_word' id='word_1_553' title='bbox 1494 3044 1545 3100; x_wconf 86' lang='lat' dir='ltr'><strong>Dei</strong></span> <span class='ocrx_word' id='word_1_554' title='bbox 1567 3044 1686 3118; x_wconf 88' lang='lat' dir='ltr'><strong>indiget,</strong></span> <span class='ocrx_word' id='word_1_555' title='bbox 1712 3050 1820 3118; x_wconf 81' lang='lat' dir='ltr'><strong>atquae</strong></span> 
     </span>
     <span class='ocr_line' id='line_1_79' title="bbox 968 3130 1821 3207; baseline 0.006 -22"><span class='ocrx_word' id='word_1_556' title='bbox 968 3130 1065 3186; x_wconf 91' lang='lat' dir='ltr'><strong>minus</strong></span> <span class='ocrx_word' id='word_1_557' title='bbox 1089 3146 1121 3184; x_wconf 88' lang='lat' dir='ltr'><strong>ex</strong></span> <span class='ocrx_word' id='word_1_558' title='bbox 1147 3146 1187 3197; x_wconf 92' lang='lat' dir='ltr'><strong>se,</strong></span> <span class='ocrx_word' id='word_1_559' title='bbox 1211 3145 1245 3184; x_wconf 90' lang='lat' dir='ltr'><strong>ex</strong></span> <span class='ocrx_word' id='word_1_560' title='bbox 1268 3130 1376 3203; x_wconf 86' lang='lat' dir='ltr'><strong>pietate</strong></span> <span class='ocrx_word' id='word_1_561' title='bbox 1398 3131 1505 3202; x_wconf 84' lang='lat' dir='ltr'><strong>judicis</strong></span> <span class='ocrx_word' id='word_1_562' title='bbox 1530 3133 1632 3189; x_wconf 88' lang='lat' dir='ltr'><strong>valeat.</strong></span> <span class='ocrx_word' id='word_1_563' title='bbox 1658 3133 1716 3189; x_wconf 78' lang='lat' dir='ltr'><strong>lltsi</strong></span> <span class='ocrx_word' id='word_1_564' title='bbox 1734 3135 1821 3207; x_wconf 89' lang='lat' dir='ltr'><strong>plena</strong></span> 
     </span>
     <span class='ocr_line' id='line_1_80' title="bbox 968 3216 1645 3289; baseline 0.009 -18"><span class='ocrx_word' id='word_1_565' title='bbox 968 3217 1000 3271; x_wconf 94' lang='lat' dir='ltr'><strong>in</strong></span> <span class='ocrx_word' id='word_1_566' title='bbox 1011 3216 1228 3287; x_wconf 84' lang='lat' dir='ltr'><strong>perfectioribus</strong></span> <span class='ocrx_word' id='word_1_567' title='bbox 1238 3217 1275 3273; x_wconf 91' lang='lat' dir='ltr'><strong>sit</strong></span> <span class='ocrx_word' id='word_1_568' title='bbox 1286 3219 1405 3289; x_wconf 88' lang='lat' dir='ltr'><strong>justitia,</strong></span> <span class='ocrx_word' id='word_1_569' title='bbox 1423 3219 1522 3275; x_wconf 85' lang='lat' dir='ltr'><strong>haberi</strong></span> <span class='ocrx_word' id='word_1_570' title='bbox 1536 3220 1571 3276; x_wconf 92' lang='lat' dir='ltr'><strong>de</strong></span> <span class='ocrx_word' id='word_1_571' title='bbox 1587 3221 1645 3277; x_wconf 91' lang='lat' dir='ltr'><strong>ille.</strong></span> 
     </span>
    </p>

    <p class='ocr_par' dir='ltr' id='par_1_30' title="bbox 968 3303 1855 3644">
     <span class='ocr_line' id='line_1_81' title="bbox 1005 3303 1855 3385; baseline 0.012 -27"><span class='ocrx_word' id='word_1_572' title='bbox 1005 3303 1205 3376; x_wconf 74' lang='lat' dir='ltr'><strong>«Quidpiam,</strong></span> <span class='ocrx_word' id='word_1_573' title='bbox 1222 3325 1237 3354; x_wconf 85' lang='lat'>»</span> <span class='ocrx_word' id='word_1_574' title='bbox 1266 3305 1381 3372; x_wconf 90' lang='lat' dir='ltr'><strong>dicitnr,</strong></span> <span class='ocrx_word' id='word_1_575' title='bbox 1411 3307 1479 3378; x_wconf 91' lang='lat' dir='ltr'><strong>quia</strong></span> <span class='ocrx_word' id='word_1_576' title='bbox 1509 3324 1590 3363; x_wconf 83' lang='lat' dir='ltr'><strong>inens</strong></span> <span class='ocrx_word' id='word_1_577' title='bbox 1614 3309 1820 3385; x_wconf 71' lang='lat' dir='ltr'><strong>hominisque</strong></span> <span class='ocrx_word' id='word_1_578' title='bbox 1851 3377 1855 3383; x_wconf 43' lang='grc'><strong><em>,</em></strong></span> 
     </span>
     <span class='ocr_line' id='line_1_82' title="bbox 968 3391 1820 3472; baseline 0.012 -25"><span class='ocrx_word' id='word_1_579' title='bbox 968 3391 1185 3465; x_wconf 90' lang='lat' dir='ltr'><strong>comprehendit</strong></span> <span class='ocrx_word' id='word_1_580' title='bbox 1206 3392 1252 3448; x_wconf 87' lang='lat' dir='ltr'><strong>rix</strong></span> <span class='ocrx_word' id='word_1_581' title='bbox 1277 3395 1400 3467; x_wconf 89' lang='lat' dir='ltr'><strong>peregit,</strong></span> <span class='ocrx_word' id='word_1_582' title='bbox 1422 3400 1451 3452; x_wconf 86' lang='lat' dir='ltr'><strong>et</strong></span> <span class='ocrx_word' id='word_1_583' title='bbox 1465 3412 1567 3468; x_wconf 89' lang='lat' dir='ltr'><strong>parum</strong></span> <span class='ocrx_word' id='word_1_584' title='bbox 1582 3403 1625 3453; x_wconf 90' lang='lat' dir='ltr'><strong>est</strong></span> <span class='ocrx_word' id='word_1_585' title='bbox 1649 3400 1727 3472; x_wconf 89' lang='lat' dir='ltr'><strong>quod</strong></span> <span class='ocrx_word' id='word_1_586' title='bbox 1742 3417 1820 3457; x_wconf 91' lang='lat' dir='ltr'><strong>com·</strong></span> 
     </span>
     <span class='ocr_line' id='line_1_83' title="bbox 968 3472 1820 3560; baseline 0.014 -26"><span class='ocrx_word' id='word_1_587' title='bbox 968 3481 1130 3551; x_wconf 91' lang='lat' dir='ltr'><strong>prehendit.</strong></span> <span class='ocrx_word' id='word_1_588' title='bbox 1152 3472 1256 3539; x_wconf 60' lang='lat' dir='ltr'><strong>&#39;Oratio</strong></span> <span class='ocrx_word' id='word_1_589' title='bbox 1281 3499 1359 3551; x_wconf 86' lang='lat' dir='ltr'><strong>vero,</strong></span> <span class='ocrx_word' id='word_1_590' title='bbox 1382 3484 1450 3556; x_wconf 87' lang='lat' dir='ltr'><strong>quia</strong></span> <span class='ocrx_word' id='word_1_591' title='bbox 1475 3485 1572 3542; x_wconf 91' lang='lat' dir='ltr'><strong>multis</strong></span> <span class='ocrx_word' id='word_1_592' title='bbox 1598 3488 1820 3560; x_wconf 88' lang='lat' dir='ltr'><strong>cogitationibus</strong></span> 
     </span>
     <span class='ocr_line' id='line_1_84' title="bbox 968 3570 1524 3644; baseline 0.007 -20"><span class='ocrx_word' id='word_1_593' title='bbox 968 3571 1107 3642; x_wconf 85' lang='lat' dir='ltr'><strong>quatitur,</strong></span> <span class='ocrx_word' id='word_1_594' title='bbox 1119 3570 1171 3626; x_wconf 89' lang='lat' dir='ltr'><strong>etsi</strong></span> <span class='ocrx_word' id='word_1_595' title='bbox 1186 3570 1312 3638; x_wconf 90' lang='lat' dir='ltr'><strong>auditur,</strong></span> <span class='ocrx_word' id='word_1_596' title='bbox 1324 3574 1425 3644; x_wconf 89' lang='lat' dir='ltr'><strong>repelli</strong></span> <span class='ocrx_word' id='word_1_597' title='bbox 1434 3573 1524 3630; x_wconf 91' lang='lat' dir='ltr'><strong>timet.</strong></span> 
     </span>
    </p>

    <p class='ocr_par' dir='ltr' id='par_1_31' title="bbox 967 3660 1866 4079">
     <span class='ocr_line' id='line_1_85' title="bbox 1000 3660 1820 3723; baseline 0.015 -11"><span class='ocrx_word' id='word_1_598' title='bbox 1000 3660 1081 3714; x_wconf 84' lang='lat' dir='ltr'><strong>Vens.</strong></span> <span class='ocrx_word' id='word_1_599' title='bbox 1112 3662 1154 3714; x_wconf 78' lang='lat' dir='ltr'><strong>to.</strong></span> <span class='ocrx_word' id='word_1_600' title='bbox 1174 3679 1241 3712; x_wconf 80' lang='lat' dir='ltr'><strong>-e</strong></span> <span class='ocrx_word' id='word_1_601' title='bbox 1276 3660 1347 3716; x_wconf 85' lang='lat' dir='ltr'><strong>Cum</strong></span> <span class='ocrx_word' id='word_1_602' title='bbox 1370 3662 1551 3718; x_wconf 84' lang='lat' dir='ltr'><strong>invocantem</strong></span> <span class='ocrx_word' id='word_1_603' title='bbox 1582 3666 1741 3722; x_wconf 85' lang='lat' dir='ltr'><strong>exaudierit</strong></span> <span class='ocrx_word' id='word_1_604' title='bbox 1773 3684 1820 3723; x_wconf 92' lang='lat' dir='ltr'><strong>me</strong></span> 
     </span>
     <span class='ocr_line' id='line_1_86' title="bbox 968 3747 1821 3825; baseline 0.009 -22"><span class='ocrx_word' id='word_1_605' title='bbox 968 3764 1061 3803; x_wconf 71' lang='lat' dir='ltr'><strong>non.»</strong></span> <span class='ocrx_word' id='word_1_606' title='bbox 1079 3747 1171 3820; x_wconf 83' lang='lat' dir='ltr'><strong>(ibid.)</strong></span> <span class='ocrx_word' id='word_1_607' title='bbox 1186 3749 1257 3804; x_wconf 89' lang='lat' dir='ltr'><strong>Cum</strong></span> <span class='ocrx_word' id='word_1_608' title='bbox 1285 3749 1363 3803; x_wconf 90' lang='lat' dir='ltr'><strong>enim</strong></span> <span class='ocrx_word' id='word_1_609' title='bbox 1388 3750 1430 3820; x_wconf 90' lang='lat' dir='ltr'><strong>(ut</strong></span> <span class='ocrx_word' id='word_1_610' title='bbox 1453 3751 1492 3805; x_wconf 88' lang='lat' dir='ltr'><strong>ait</strong></span> <span class='ocrx_word' id='word_1_611' title='bbox 1520 3751 1617 3825; x_wconf 80' lang='lat' dir='ltr'><strong>David)</strong></span> <span class='ocrx_word' id='word_1_612' title='bbox 1634 3752 1760 3810; x_wconf 82' lang='lat' dir='ltr'><strong>«modo</strong></span> <span class='ocrx_word' id='word_1_613' title='bbox 1774 3773 1821 3811; x_wconf 87' lang='lat' dir='ltr'><strong>as·</strong></span> 
     </span>
     <span class='ocr_line' id='line_1_87' title="bbox 967 3836 1820 3910; baseline 0.009 -19"><span class='ocrx_word' id='word_1_614' title='bbox 967 3837 1094 3892; x_wconf 88' lang='lat' dir='ltr'><strong>cendunt</strong></span> <span class='ocrx_word' id='word_1_615' title='bbox 1108 3852 1200 3909; x_wconf 85' lang='lat' dir='ltr'><strong>usque</strong></span> <span class='ocrx_word' id='word_1_616' title='bbox 1214 3836 1249 3891; x_wconf 91' lang='lat' dir='ltr'><strong>ad</strong></span> <span class='ocrx_word' id='word_1_617' title='bbox 1266 3838 1353 3892; x_wconf 89' lang='lat' dir='ltr'><strong>coelos</strong></span> <span class='ocrx_word' id='word_1_618' title='bbox 1381 3836 1465 3908; x_wconf 82' lang='lat' dir='ltr'><strong>(Psoi.</strong></span> <span class='ocrx_word' id='word_1_619' title='bbox 1482 3838 1544 3910; x_wconf 84' lang='lat' dir='ltr'><strong>cvr),</strong></span> <span class='ocrx_word' id='word_1_620' title='bbox 1567 3858 1582 3890; x_wconf 79' lang='lat' dir='ltr'><strong>s</strong></span> <span class='ocrx_word' id='word_1_621' title='bbox 1608 3856 1673 3896; x_wconf 89' lang='lat' dir='ltr'><strong>com</strong></span> <span class='ocrx_word' id='word_1_622' title='bbox 1706 3858 1820 3899; x_wconf 90' lang='lat' dir='ltr'><strong>summa</strong></span> 
     </span>
     <span class='ocr_line' id='line_1_88' title="bbox 968 3923 1821 4002; baseline 0.008 -22"><span class='ocrx_word' id='word_1_623' title='bbox 968 3927 1129 3996; x_wconf 90' lang='lat' dir='ltr'><strong>penetrent,</strong></span> <span class='ocrx_word' id='word_1_624' title='bbox 1145 3923 1231 3979; x_wconf 92' lang='lat' dir='ltr'><strong>modo</strong></span> <span class='ocrx_word' id='word_1_625' title='bbox 1257 3923 1434 3980; x_wconf 85' lang='lat' dir='ltr'><strong>descendunt</strong></span> <span class='ocrx_word' id='word_1_626' title='bbox 1447 3924 1479 3980; x_wconf 92' lang='lat' dir='ltr'><strong>in</strong></span> <span class='ocrx_word' id='word_1_627' title='bbox 1504 3925 1628 3998; x_wconf 84' lang='lat' dir='ltr'><strong>abyssos,</strong></span> <span class='ocrx_word' id='word_1_628' title='bbox 1658 3945 1710 4000; x_wconf 91' lang='lat' dir='ltr'><strong>per</strong></span> <span class='ocrx_word' id='word_1_629' title='bbox 1724 3931 1821 4002; x_wconf 91' lang='lat' dir='ltr'><strong>turpia</strong></span> 
     </span>
     <span class='ocr_line' id='line_1_89' title="bbox 968 4007 1866 4079; baseline 0.009 -10"><span class='ocrx_word' id='word_1_630' title='bbox 968 4017 1148 4079; x_wconf 85' lang='lat' dir='ltr'><strong>testamenta,</strong></span> <span class='ocrx_word' id='word_1_631' title='bbox 1175 4013 1377 4069; x_wconf 91' lang='lat' dir='ltr'><strong>certitudinem</strong></span> <span class='ocrx_word' id='word_1_632' title='bbox 1400 4015 1590 4071; x_wconf 89' lang='lat' dir='ltr'><strong>exauditionis</strong></span> <span class='ocrx_word' id='word_1_633' title='bbox 1613 4033 1671 4074; x_wconf 95' lang='lat' dir='ltr'><strong>non</strong></span> <span class='ocrx_word' id='word_1_634' title='bbox 1699 4019 1818 4078; x_wconf 90' lang='lat' dir='ltr'><strong>habent.</strong></span> <span class='ocrx_word' id='word_1_635' title='bbox 1859 4007 1866 4022; x_wconf 48' lang='lat'>⁸</span> 
     </span>
    </p>
   </div>
   <div class='ocr_carea' id='block_1_11' title="bbox 969 4101 1931 4175">
    <p class='ocr_par' dir='ltr' id='par_1_32' title="bbox 969 4101 1931 4175">
     <span class='ocr_line' id='line_1_90' title="bbox 969 4101 1931 4175; baseline 0.011 -20"><span class='ocrx_word' id='word_1_636' title='bbox 969 4101 1139 4175; x_wconf 79' lang='lat' dir='ltr'><strong>Videquem</strong></span> <span class='ocrx_word' id='word_1_637' title='bbox 1152 4101 1295 4158; x_wconf 89' lang='lat' dir='ltr'><strong>subtiliter</strong></span> <span class='ocrx_word' id='word_1_638' title='bbox 1318 4118 1349 4156; x_wconf 88' lang='lat' dir='ltr'><strong>se</strong></span> <span class='ocrx_word' id='word_1_639' title='bbox 1370 4102 1490 4174; x_wconf 90' lang='lat' dir='ltr'><strong>judicat,</strong></span> <span class='ocrx_word' id='word_1_640' title='bbox 1519 4103 1717 4162; x_wconf 85' lang='lat' dir='ltr'><strong>infirmitatem</strong></span> <span class='ocrx_word' id='word_1_641' title='bbox 1737 4122 1819 4164; x_wconf 88' lang='lat' dir='ltr'><strong>suam</strong></span> <span class='ocrx_word' id='word_1_642' title='bbox 1929 4126 1931 4130; x_wconf 55' lang='lat'><strong><em>⁴</em></strong></span> 
     </span>
    </p>
   </div>
   <div class='ocr_carea' id='block_1_12' title="bbox 968 4195 1819 4445">
    <p class='ocr_par' dir='ltr' id='par_1_33' title="bbox 968 4195 1819 4445">
     <span class='ocr_line' id='line_1_91' title="bbox 969 4195 1819 4352; baseline 0.013 -22"><span class='ocrx_word' id='word_1_643' title='bbox 969 4195 1156 4346; x_wconf 66' lang='lat' dir='ltr'><strong>apelllliautus</strong></span> <span class='ocrx_word' id='word_1_644' title='bbox 1169 4280 1249 4350; x_wconf 89' lang='lat' dir='ltr'><strong>ergo.</strong></span> <span class='ocrx_word' id='word_1_645' title='bbox 1265 4280 1325 4335; x_wconf 77' lang='lat' dir='ltr'><strong>»ln</strong></span> <span class='ocrx_word' id='word_1_646' title='bbox 1343 4279 1453 4352; x_wconf 85' lang='lat' dir='ltr'><strong>justitia</strong></span> <span class='ocrx_word' id='word_1_647' title='bbox 1477 4298 1534 4337; x_wconf 91' lang='lat' dir='ltr'><strong>non</strong></span> <span class='ocrx_word' id='word_1_648' title='bbox 1562 4283 1688 4351; x_wconf 86' lang='lat' dir='ltr'><strong>conlidit,</strong></span> <span class='ocrx_word' id='word_1_649' title='bbox 1717 4285 1766 4341; x_wconf 91' lang='lat' dir='ltr'><strong>sed</strong></span> <span class='ocrx_word' id='word_1_650' title='bbox 1782 4284 1819 4341; x_wconf 85' lang='lat' dir='ltr'><strong>ad</strong></span> 
     </span>
     <span class='ocr_line' id='line_1_92' title="bbox 968 4367 1819 4445; baseline 0.004 -19"><span class='ocrx_word' id='word_1_651' title='bbox 968 4384 1082 4443; x_wconf 87' lang='lat' dir='ltr'><strong>precem</strong></span> <span class='ocrx_word' id='word_1_652' title='bbox 1108 4367 1255 4438; x_wconf 89' lang='lat' dir='ltr'><strong>coniugii:</strong></span> <span class='ocrx_word' id='word_1_653' title='bbox 1280 4368 1330 4441; x_wconf 91' lang='lat' dir='ltr'><strong>qui</strong></span> <span class='ocrx_word' id='word_1_654' title='bbox 1367 4369 1477 4425; x_wconf 88' lang='lat' dir='ltr'><strong>etiamsi</strong></span> <span class='ocrx_word' id='word_1_655' title='bbox 1514 4370 1642 4428; x_wconf 87' lang='lat' dir='ltr'><strong>habuero</strong></span> <span class='ocrx_word' id='word_1_656' title='bbox 1668 4372 1819 4445; x_wconf 89' lang='lat' dir='ltr'><strong>quidpiam</strong></span> 
     </span>
    </p>
   </div>
   <div class='ocr_carea' id='block_1_13' title="bbox 53 4457 1819 4562">
    <p class='ocr_par' dir='ltr' id='par_1_34' title="bbox 53 4457 1819 4562">
     <span class='ocr_line' id='line_1_93' title="bbox 53 4457 1819 4562; baseline 0.005 -16"><span class='ocrx_word' id='word_1_657' title='bbox 53 4490 133 4562; x_wconf 88' lang='lat' dir='ltr'><strong>tigat</strong></span> <span class='ocrx_word' id='word_1_658' title='bbox 145 4489 335 4544; x_wconf 89' lang='lat' dir='ltr'><strong>admiratione</strong></span> <span class='ocrx_word' id='word_1_659' title='bbox 356 4489 516 4561; x_wconf 89' lang='lat' dir='ltr'><strong>signorum.</strong></span> <span class='ocrx_word' id='word_1_660' title='bbox 540 4491 723 4546; x_wconf 79' lang='lat' dir='ltr'><strong>ieremias:·</strong></span> <span class='ocrx_word' id='word_1_661' title='bbox 750 4491 836 4547; x_wconf 86' lang='lat' dir='ltr'><strong>Posui</strong></span> <span class='ocrx_word' id='word_1_662' title='bbox 851 4507 914 4548; x_wconf 89' lang='lat' dir='ltr'><strong>are·</strong></span> <span class='ocrx_word' id='word_1_663' title='bbox 964 4461 1089 4559; x_wconf 47' lang='lat' dir='ltr'><strong>lustum</strong></span> <span class='ocrx_word' id='word_1_664' title='bbox 1105 4458 1140 4513; x_wconf 61' lang='lat'><strong>‘³⁰</strong></span> <span class='ocrx_word' id='word_1_665' title='bbox 1153 4457 1217 4528; x_wconf 41' lang='grc' dir='ltr'><strong>ἕρδ’</strong></span> <span class='ocrx_word' id='word_1_666' title='bbox 1239 4473 1356 4530; x_wconf 69' lang='lat' dir='ltr'>q⁰⁰q⁰⁰</span> <span class='ocrx_word' id='word_1_667' title='bbox 1378 4474 1463 4529; x_wconf 53' lang='lat' dir='ltr'><strong>prem</strong></span> <span class='ocrx_word' id='word_1_668' title='bbox 1487 4459 1607 4531; x_wconf 63' lang='lat' dir='ltr'><strong>p⁸lid⁰⁵</strong></span> <span class='ocrx_word' id='word_1_669' title='bbox 1627 4461 1717 4517; x_wconf 48' lang='lat' dir='ltr'><strong>mu</strong></span> <span class='ocrx_word' id='word_1_670' title='bbox 1748 4463 1819 4519; x_wconf 70' lang='lat' dir='ltr'><strong>cum</strong></span> 
     </span>
    </p>
   </div>
   <div class='ocr_carea' id='block_1_14' title="bbox 55 4577 916 5632">
    <p class='ocr_par' dir='ltr' id='par_1_35' title="bbox 55 4577 913 4830">
     <span class='ocr_line' id='line_1_94' title="bbox 55 4577 913 4651; baseline 0.001 -16"><span class='ocrx_word' id='word_1_671' title='bbox 55 4595 128 4635; x_wconf 90' lang='lat' dir='ltr'><strong>nam</strong></span> <span class='ocrx_word' id='word_1_672' title='bbox 143 4577 300 4634; x_wconf 90' lang='lat' dir='ltr'><strong>terminum</strong></span> <span class='ocrx_word' id='word_1_673' title='bbox 316 4579 389 4633; x_wconf 87' lang='lat' dir='ltr'><strong>mari</strong></span> <span class='ocrx_word' id='word_1_674' title='bbox 413 4580 487 4651; x_wconf 73' lang='lat' dir='ltr'><strong>(der.</strong></span> <span class='ocrx_word' id='word_1_675' title='bbox 505 4581 539 4650; x_wconf 80' lang='lat'><strong>5),</strong></span> <span class='ocrx_word' id='word_1_676' title='bbox 556 4600 570 4629; x_wconf 69' lang='lat' dir='ltr'><strong>e</strong></span> <span class='ocrx_word' id='word_1_677' title='bbox 596 4579 625 4635; x_wconf 93' lang='lat' dir='ltr'><strong>id</strong></span> <span class='ocrx_word' id='word_1_678' title='bbox 649 4583 702 4650; x_wconf 89' lang='lat' dir='ltr'><strong>est,</strong></span> <span class='ocrx_word' id='word_1_679' title='bbox 730 4580 764 4635; x_wconf 90' lang='lat' dir='ltr'><strong>ad</strong></span> <span class='ocrx_word' id='word_1_680' title='bbox 779 4579 913 4651; x_wconf 87' lang='lat' dir='ltr'><strong>irangen-</strong></span> 
     </span>
     <span class='ocr_line' id='line_1_95' title="bbox 56 4667 913 4740; baseline 0 -16"><span class='ocrx_word' id='word_1_681' title='bbox 56 4670 125 4725; x_wconf 87' lang='lat' dir='ltr'><strong>dam</strong></span> <span class='ocrx_word' id='word_1_682' title='bbox 153 4668 276 4739; x_wconf 89' lang='lat' dir='ltr'><strong>gloriam</strong></span> <span class='ocrx_word' id='word_1_683' title='bbox 305 4667 415 4733; x_wconf 89' lang='lat' dir='ltr'><strong>mundi,</strong></span> <span class='ocrx_word' id='word_1_684' title='bbox 441 4668 566 4739; x_wconf 87' lang='lat' dir='ltr'><strong>abjectos</strong></span> <span class='ocrx_word' id='word_1_685' title='bbox 589 4671 618 4723; x_wconf 91' lang='lat' dir='ltr'><strong>et</strong></span> <span class='ocrx_word' id='word_1_686' title='bbox 638 4683 779 4740; x_wconf 89' lang='lat' dir='ltr'><strong>pauperes</strong></span> <span class='ocrx_word' id='word_1_687' title='bbox 808 4668 913 4740; x_wconf 90' lang='lat' dir='ltr'><strong>etegit;</strong></span> 
     </span>
     <span class='ocr_line' id='line_1_96' title="bbox 56 4757 714 4830; baseline 0 -17"><span class='ocrx_word' id='word_1_688' title='bbox 56 4758 129 4813; x_wconf 92' lang='lat' dir='ltr'><strong>dum</strong></span> <span class='ocrx_word' id='word_1_689' title='bbox 144 4760 242 4812; x_wconf 84' lang='lat' dir='ltr'><strong>autem</strong></span> <span class='ocrx_word' id='word_1_690' title='bbox 257 4773 336 4812; x_wconf 88' lang='lat' dir='ltr'><strong>mare</strong></span> <span class='ocrx_word' id='word_1_691' title='bbox 351 4758 440 4825; x_wconf 76' lang='lat' dir='ltr'><strong>sarit,</strong></span> <span class='ocrx_word' id='word_1_692' title='bbox 458 4757 581 4813; x_wconf 83' lang='lat' dir='ltr'><strong>Ecclesia</strong></span> <span class='ocrx_word' id='word_1_693' title='bbox 592 4758 714 4830; x_wconf 90' lang='lat' dir='ltr'><strong>proiicit.</strong></span> 
     </span>
    </p>

    <p class='ocr_par' dir='ltr' id='par_1_36' title="bbox 55 4845 915 5095">
     <span class='ocr_line' id='line_1_97' title="bbox 94 4845 915 4918; baseline 0 -17"><span class='ocrx_word' id='word_1_694' title='bbox 94 4847 178 4901; x_wconf 82' lang='lat' dir='ltr'><strong>Vsus.</strong></span> <span class='ocrx_word' id='word_1_695' title='bbox 195 4848 220 4901; x_wconf 83' lang='grc'><strong>9.</strong></span> <span class='ocrx_word' id='word_1_696' title='bbox 244 4876 279 4885; x_wconf 88' lang='grc'>-</span> <span class='ocrx_word' id='word_1_697' title='bbox 298 4867 310 4897; x_wconf 78' lang='grc' dir='ltr'>ι</span> <span class='ocrx_word' id='word_1_698' title='bbox 334 4846 389 4911; x_wconf 85' lang='lat' dir='ltr'><strong>Qui</strong></span> <span class='ocrx_word' id='word_1_699' title='bbox 407 4846 474 4902; x_wconf 85' lang='lat' dir='ltr'><strong>iacit</strong></span> <span class='ocrx_word' id='word_1_700' title='bbox 496 4850 681 4902; x_wconf 80' lang='lat' dir='ltr'><strong>arcturum·</strong></span> <span class='ocrx_word' id='word_1_701' title='bbox 708 4846 801 4918; x_wconf 84' lang='lat' dir='ltr'><strong>(ibid.)</strong></span> <span class='ocrx_word' id='word_1_702' title='bbox 817 4845 915 4901; x_wconf 91' lang='lat' dir='ltr'><strong>Nomi-</strong></span> 
     </span>
     <span class='ocr_line' id='line_1_98' title="bbox 55 4934 912 5007; baseline -0.002 -15"><span class='ocrx_word' id='word_1_703' title='bbox 55 4935 145 4992; x_wconf 88' lang='lat' dir='ltr'><strong>nibus</strong></span> <span class='ocrx_word' id='word_1_704' title='bbox 169 4934 410 5007; x_wconf 89' lang='lat' dir='ltr'><strong>phiiosopborum</strong></span> <span class='ocrx_word' id='word_1_705' title='bbox 432 4936 534 5003; x_wconf 90' lang='lat' dir='ltr'><strong>utitor,</strong></span> <span class='ocrx_word' id='word_1_706' title='bbox 561 4940 634 5005; x_wconf 91' lang='lat' dir='ltr'><strong>etc.‚</strong></span> <span class='ocrx_word' id='word_1_707' title='bbox 649 4949 734 5005; x_wconf 81' lang='lat' dir='ltr'><strong>usquc</strong></span> <span class='ocrx_word' id='word_1_708' title='bbox 751 4934 790 4990; x_wconf 88' lang='lat' dir='ltr'><strong>od</strong></span> <span class='ocrx_word' id='word_1_709' title='bbox 808 4934 867 4991; x_wconf 93' lang='lat' dir='ltr'><strong>imo</strong></span> <span class='ocrx_word' id='word_1_710' title='bbox 880 4938 912 4990; x_wconf 91' lang='lat' dir='ltr'><strong>nt</strong></span> 
     </span>
     <span class='ocr_line' id='line_1_99' title="bbox 56 5024 496 5095; baseline -0.005 -14"><span class='ocrx_word' id='word_1_711' title='bbox 56 5029 192 5081; x_wconf 88' lang='lat' dir='ltr'><strong>arcturus</strong></span> <span class='ocrx_word' id='word_1_712' title='bbox 206 5028 346 5093; x_wconf 84' lang='lat' dir='ltr'><strong>versatur,</strong></span> <span class='ocrx_word' id='word_1_713' title='bbox 364 5024 496 5095; x_wconf 89' lang='lat' dir='ltr'><strong>erigitur.</strong></span> 
     </span>
    </p>

    <p class='ocr_par' dir='ltr' id='par_1_37' title="bbox 55 5112 914 5274">
     <span class='ocr_line' id='line_1_100' title="bbox 95 5112 914 5185; baseline 0.006 -21"><span class='ocrx_word' id='word_1_714' title='bbox 95 5134 110 5164; x_wconf 76' lang='grc' dir='ltr'>ι</span> <span class='ocrx_word' id='word_1_715' title='bbox 126 5113 244 5169; x_wconf 87' lang='lat' dir='ltr'><strong>Oriona.</strong></span> <span class='ocrx_word' id='word_1_716' title='bbox 263 5135 274 5162; x_wconf 75' lang='grc' dir='ltr'><strong><em>ι</em></strong></span> <span class='ocrx_word' id='word_1_717' title='bbox 293 5112 390 5185; x_wconf 83' lang='lat' dir='ltr'><strong>(ibid.)</strong></span> <span class='ocrx_word' id='word_1_718' title='bbox 405 5113 459 5179; x_wconf 80' lang='lat' dir='ltr'><strong>Oai</strong></span> <span class='ocrx_word' id='word_1_719' title='bbox 474 5112 592 5168; x_wconf 89' lang='lat' dir='ltr'><strong>hiemali</strong></span> <span class='ocrx_word' id='word_1_720' title='bbox 610 5117 741 5185; x_wconf 90' lang='lat' dir='ltr'><strong>tempore</strong></span> <span class='ocrx_word' id='word_1_721' title='bbox 769 5112 914 5181; x_wconf 91' lang='lat' dir='ltr'><strong>oriuntur,</strong></span> 
     </span>
     <span class='ocr_line' id='line_1_101' title="bbox 55 5198 913 5274; baseline -0.005 -14"><span class='ocrx_word' id='word_1_722' title='bbox 55 5207 133 5269; x_wconf 69' lang='lat' dir='ltr'><strong>etc„</strong></span> <span class='ocrx_word' id='word_1_723' title='bbox 151 5217 237 5273; x_wconf 80' lang='lat' dir='ltr'><strong>usqae</strong></span> <span class='ocrx_word' id='word_1_724' title='bbox 250 5202 288 5257; x_wconf 87' lang='lat' dir='ltr'><strong>od</strong></span> <span class='ocrx_word' id='word_1_725' title='bbox 312 5201 362 5259; x_wconf 92' lang='lat' dir='ltr'><strong>sed</strong></span> <span class='ocrx_word' id='word_1_726' title='bbox 378 5201 504 5274; x_wconf 88' lang='lat' dir='ltr'><strong>placidos</strong></span> <span class='ocrx_word' id='word_1_727' title='bbox 518 5201 549 5257; x_wconf 95' lang='lat' dir='ltr'><strong>in</strong></span> <span class='ocrx_word' id='word_1_728' title='bbox 573 5217 674 5257; x_wconf 89' lang='lat' dir='ltr'><strong>eorum</strong></span> <span class='ocrx_word' id='word_1_729' title='bbox 689 5217 786 5257; x_wconf 87' lang='lat' dir='ltr'><strong>necem</strong></span> <span class='ocrx_word' id='word_1_730' title='bbox 811 5198 913 5258; x_wconf 91' lang='lat' dir='ltr'><strong>erexit.</strong></span> 
     </span>
    </p>

    <p class='ocr_par' dir='ltr' id='par_1_38' title="bbox 55 5291 916 5527">
     <span class='ocr_line' id='line_1_102' title="bbox 97 5291 913 5363; baseline 0.002 -20"><span class='ocrx_word' id='word_1_731' title='bbox 97 5291 254 5363; x_wconf 72' lang='lat' dir='ltr'><strong>«Hyadas.</strong></span> <span class='ocrx_word' id='word_1_732' title='bbox 271 5313 282 5342; x_wconf 82' lang='grc' dir='ltr'>ι</span> <span class='ocrx_word' id='word_1_733' title='bbox 302 5291 335 5346; x_wconf 84' lang='grc' dir='ltr'><strong>1η</strong></span> <span class='ocrx_word' id='word_1_734' title='bbox 363 5291 458 5347; x_wconf 83' lang='lat' dir='ltr'><strong>fronte</strong></span> <span class='ocrx_word' id='word_1_735' title='bbox 481 5291 567 5346; x_wconf 86' lang='lat' dir='ltr'><strong>Tauri</strong></span> <span class='ocrx_word' id='word_1_736' title='bbox 596 5291 627 5346; x_wconf 92' lang='lat' dir='ltr'><strong>in</strong></span> <span class='ocrx_word' id='word_1_737' title='bbox 655 5306 721 5346; x_wconf 85' lang='lat' dir='ltr'><strong>vere</strong></span> <span class='ocrx_word' id='word_1_738' title='bbox 746 5295 913 5360; x_wconf 86' lang='lat' dir='ltr'><strong>nascuntur,</strong></span> 
     </span>
     <span class='ocr_line' id='line_1_103' title="bbox 56 5379 916 5452; baseline -0.001 -16"><span class='ocrx_word' id='word_1_739' title='bbox 56 5383 126 5448; x_wconf 78' lang='lat' dir='ltr'><strong>ete..</strong></span> <span class='ocrx_word' id='word_1_740' title='bbox 147 5394 233 5449; x_wconf 80' lang='lat' dir='ltr'><strong>usquc</strong></span> <span class='ocrx_word' id='word_1_741' title='bbox 264 5379 302 5434; x_wconf 87' lang='lat' dir='ltr'><strong>od</strong></span> <span class='ocrx_word' id='word_1_742' title='bbox 328 5395 462 5451; x_wconf 77' lang='lat' dir='ltr'><strong>supernae</strong></span> <span class='ocrx_word' id='word_1_743' title='bbox 486 5379 589 5451; x_wconf 79' lang='lat' dir='ltr'><strong>patriar</strong></span> <span class='ocrx_word' id='word_1_744' title='bbox 617 5379 729 5435; x_wconf 88' lang='lat' dir='ltr'><strong>interna</strong></span> <span class='ocrx_word' id='word_1_745' title='bbox 755 5380 916 5452; x_wconf 83' lang='lat' dir='ltr'><strong>perveniat,</strong></span> 
     </span>
     <span class='ocr_line' id='line_1_104' title="bbox 55 5466 260 5527; baseline -0.02 -1"><span class='ocrx_word' id='word_1_746' title='bbox 55 5468 141 5527; x_wconf 87' lang='lat' dir='ltr'><strong>unde</strong></span> <span class='ocrx_word' id='word_1_747' title='bbox 156 5466 260 5523; x_wconf 85' lang='lat' dir='ltr'><strong>addit:</strong></span> 
     </span>
    </p>

    <p class='ocr_par' dir='ltr' id='par_1_39' title="bbox 94 5556 915 5632">
     <span class='ocr_line' id='line_1_105' title="bbox 94 5556 915 5632; baseline 0.004 -21"><span class='ocrx_word' id='word_1_748' title='bbox 94 5579 110 5611; x_wconf 76' lang='grc' dir='ltr'>ι</span> <span class='ocrx_word' id='word_1_749' title='bbox 138 5558 175 5613; x_wconf 87' lang='lat' dir='ltr'><strong>Et</strong></span> <span class='ocrx_word' id='word_1_750' title='bbox 201 5556 340 5614; x_wconf 83' lang='lat' dir='ltr'><strong>interiora</strong></span> <span class='ocrx_word' id='word_1_751' title='bbox 375 5556 506 5613; x_wconf 78' lang='lat' dir='ltr'><strong>austri.»</strong></span> <span class='ocrx_word' id='word_1_752' title='bbox 538 5560 641 5615; x_wconf 77' lang='lat' dir='ltr'><strong>Auster</strong></span> <span class='ocrx_word' id='word_1_753' title='bbox 673 5558 770 5615; x_wconf 78' lang='lat' dir='ltr'><strong>femor</strong></span> <span class='ocrx_word' id='word_1_754' title='bbox 791 5557 915 5632; x_wconf 89' lang='lat' dir='ltr'><strong>Spiritus</strong></span> 
     </span>
    </p>
   </div>
   <div class='ocr_carea' id='block_1_15' title="bbox 966 4546 1890 5689">
    <p class='ocr_par' dir='ltr' id='par_1_40' title="bbox 967 4546 1819 4709">
     <span class='ocr_line' id='line_1_106' title="bbox 967 4546 1819 4623; baseline 0.006 -21"><span class='ocrx_word' id='word_1_755' title='bbox 967 4550 1159 4602; x_wconf 81' lang='lat' dir='ltr'><strong>invocantem.</strong></span> <span class='ocrx_word' id='word_1_756' title='bbox 1178 4546 1275 4602; x_wconf 83' lang='lat' dir='ltr'><strong>»ideo</strong></span> <span class='ocrx_word' id='word_1_757' title='bbox 1298 4547 1339 4602; x_wconf 87' lang='lat' dir='ltr'><strong>sic</strong></span> <span class='ocrx_word' id='word_1_758' title='bbox 1361 4547 1564 4619; x_wconf 87' lang='lat' dir='ltr'><strong>circumspicit,</strong></span> <span class='ocrx_word' id='word_1_759' title='bbox 1589 4549 1657 4621; x_wconf 90' lang='lat' dir='ltr'><strong>quia</strong></span> <span class='ocrx_word' id='word_1_760' title='bbox 1671 4550 1728 4606; x_wconf 85' lang='lat' dir='ltr'><strong>rim</strong></span> <span class='ocrx_word' id='word_1_761' title='bbox 1739 4551 1819 4623; x_wconf 86' lang='lat' dir='ltr'><strong>judi·</strong></span> 
     </span>
     <span class='ocr_line' id='line_1_107' title="bbox 967 4634 1602 4709; baseline 0.008 -20"><span class='ocrx_word' id='word_1_762' title='bbox 967 4634 1005 4690; x_wconf 90' lang='lat' dir='ltr'><strong>cii</strong></span> <span class='ocrx_word' id='word_1_763' title='bbox 1020 4651 1050 4690; x_wconf 89' lang='lat' dir='ltr'><strong>se</strong></span> <span class='ocrx_word' id='word_1_764' title='bbox 1060 4650 1119 4691; x_wconf 92' lang='lat' dir='ltr'><strong>non</strong></span> <span class='ocrx_word' id='word_1_765' title='bbox 1134 4651 1217 4707; x_wconf 86' lang='lat' dir='ltr'><strong>posse</strong></span> <span class='ocrx_word' id='word_1_766' title='bbox 1232 4636 1306 4692; x_wconf 91' lang='lat' dir='ltr'><strong>ierre</strong></span> <span class='ocrx_word' id='word_1_767' title='bbox 1318 4636 1405 4705; x_wconf 84' lang='lat' dir='ltr'><strong>ridet,</strong></span> <span class='ocrx_word' id='word_1_768' title='bbox 1422 4636 1457 4693; x_wconf 90' lang='lat' dir='ltr'><strong>de</strong></span> <span class='ocrx_word' id='word_1_769' title='bbox 1472 4652 1530 4709; x_wconf 85' lang='lat' dir='ltr'><strong>qno</strong></span> <span class='ocrx_word' id='word_1_770' title='bbox 1543 4638 1602 4694; x_wconf 89' lang='lat' dir='ltr'><strong>ait:</strong></span> 
     </span>
    </p>

    <p class='ocr_par' dir='ltr' id='par_1_41' title="bbox 966 4724 1820 4957">
     <span class='ocr_line' id='line_1_108' title="bbox 1004 4724 1819 4783; baseline 0.006 -6"><span class='ocrx_word' id='word_1_771' title='bbox 1004 4724 1083 4779; x_wconf 81' lang='lat' dir='ltr'><strong>Vens.</strong></span> <span class='ocrx_word' id='word_1_772' title='bbox 1112 4728 1153 4780; x_wconf 77' lang='lat' dir='ltr'><strong>ii.</strong></span> <span class='ocrx_word' id='word_1_773' title='bbox 1182 4748 1245 4774; x_wconf 83' lang='lat'><strong>-·</strong></span> <span class='ocrx_word' id='word_1_774' title='bbox 1276 4728 1307 4781; x_wconf 94' lang='lat' dir='ltr'><strong>in</strong></span> <span class='ocrx_word' id='word_1_775' title='bbox 1333 4725 1447 4782; x_wconf 90' lang='lat' dir='ltr'><strong>turbine</strong></span> <span class='ocrx_word' id='word_1_776' title='bbox 1473 4726 1561 4782; x_wconf 89' lang='lat' dir='ltr'><strong>etiam</strong></span> <span class='ocrx_word' id='word_1_777' title='bbox 1586 4731 1715 4782; x_wconf 86' lang='lat' dir='ltr'><strong>conteret</strong></span> <span class='ocrx_word' id='word_1_778' title='bbox 1733 4743 1819 4783; x_wconf 78' lang='lat' dir='ltr'><strong>me.»</strong></span> 
     </span>
     <span class='ocr_line' id='line_1_109' title="bbox 966 4811 1820 4886; baseline 0.006 -21"><span class='ocrx_word' id='word_1_779' title='bbox 966 4811 1061 4876; x_wconf 86' lang='lat' dir='ltr'><strong>Quiin</strong></span> <span class='ocrx_word' id='word_1_780' title='bbox 1088 4813 1298 4884; x_wconf 89' lang='lat' dir='ltr'><strong>tranquillitate</strong></span> <span class='ocrx_word' id='word_1_781' title='bbox 1308 4819 1489 4886; x_wconf 85' lang='lat' dir='ltr'><strong>exspectatur</strong></span> <span class='ocrx_word' id='word_1_782' title='bbox 1509 4816 1693 4886; x_wconf 90' lang='lat' dir='ltr'><strong>contempsit,</strong></span> <span class='ocrx_word' id='word_1_783' title='bbox 1718 4816 1749 4872; x_wconf 92' lang='lat' dir='ltr'><strong>in</strong></span> <span class='ocrx_word' id='word_1_784' title='bbox 1761 4820 1820 4870; x_wconf 89' lang='lat' dir='ltr'><strong>tur·</strong></span> 
     </span>
     <span class='ocr_line' id='line_1_110' title="bbox 968 4900 1224 4957; baseline 0.004 -1"><span class='ocrx_word' id='word_1_785' title='bbox 968 4900 1036 4956; x_wconf 91' lang='lat' dir='ltr'><strong>bine</strong></span> <span class='ocrx_word' id='word_1_786' title='bbox 1049 4906 1224 4957; x_wconf 89' lang='lat' dir='ltr'><strong>conteretur.</strong></span> 
     </span>
    </p>

    <p class='ocr_par' dir='ltr' id='par_1_42' title="bbox 967 4989 1890 5312">
     <span class='ocr_line' id='line_1_111' title="bbox 1005 4989 1821 5063; baseline 0.012 -24"><span class='ocrx_word' id='word_1_787' title='bbox 1005 4989 1218 5046; x_wconf 61' lang='lat' dir='ltr'><strong>«Turbinen</strong></span> <span class='ocrx_word' id='word_1_788' title='bbox 1247 4989 1316 5063; x_wconf 86' lang='lat' dir='ltr'><strong>qnia</strong></span> <span class='ocrx_word' id='word_1_789' title='bbox 1336 4990 1368 5045; x_wconf 92' lang='lat' dir='ltr'><strong>in</strong></span> <span class='ocrx_word' id='word_1_790' title='bbox 1388 4990 1582 5046; x_wconf 89' lang='lat' dir='ltr'><strong>commotione</strong></span> <span class='ocrx_word' id='word_1_791' title='bbox 1611 4992 1821 5049; x_wconf 89' lang='lat' dir='ltr'><strong>elementorum</strong></span> 
     </span>
     <span class='ocr_line' id='line_1_112' title="bbox 967 5070 1890 5154; baseline 0.007 -21"><span class='ocrx_word' id='word_1_792' title='bbox 967 5077 1008 5133; x_wconf 92' lang='lat' dir='ltr'><strong>ibi</strong></span> <span class='ocrx_word' id='word_1_793' title='bbox 1031 5078 1158 5134; x_wconf 89' lang='lat' dir='ltr'><strong>districte</strong></span> <span class='ocrx_word' id='word_1_794' title='bbox 1187 5079 1296 5151; x_wconf 88' lang='lat' dir='ltr'><strong>requiri</strong></span> <span class='ocrx_word' id='word_1_795' title='bbox 1316 5094 1405 5150; x_wconf 87' lang='lat' dir='ltr'><strong>opera</strong></span> <span class='ocrx_word' id='word_1_796' title='bbox 1428 5079 1529 5135; x_wconf 91' lang='lat' dir='ltr'><strong>timet:</strong></span> <span class='ocrx_word' id='word_1_797' title='bbox 1545 5095 1610 5135; x_wconf 94' lang='lat' dir='ltr'><strong>cum</strong></span> <span class='ocrx_word' id='word_1_798' title='bbox 1631 5083 1660 5137; x_wconf 91' lang='lat' dir='ltr'><strong>ei</strong></span> <span class='ocrx_word' id='word_1_799' title='bbox 1681 5082 1821 5154; x_wconf 86' lang='lat' dir='ltr'><strong>quosdam</strong></span> <span class='ocrx_word' id='word_1_800' title='bbox 1886 5070 1890 5076; x_wconf 46' lang='lat'><strong>¹</strong></span> 
     </span>
     <span class='ocr_line' id='line_1_113' title="bbox 968 5167 1820 5243; baseline 0.004 -21"><span class='ocrx_word' id='word_1_801' title='bbox 968 5167 1030 5222; x_wconf 89' lang='lat' dir='ltr'><strong>siue</strong></span> <span class='ocrx_word' id='word_1_802' title='bbox 1040 5167 1175 5239; x_wconf 88' lang='lat' dir='ltr'><strong>operibus</strong></span> <span class='ocrx_word' id='word_1_803' title='bbox 1189 5167 1323 5240; x_wconf 87' lang='lat' dir='ltr'><strong>originali</strong></span> <span class='ocrx_word' id='word_1_804' title='bbox 1337 5172 1419 5224; x_wconf 89' lang='lat' dir='ltr'><strong>reatu</strong></span> <span class='ocrx_word' id='word_1_805' title='bbox 1434 5167 1566 5224; x_wconf 84' lang='lat' dir='ltr'><strong>damnari</strong></span> <span class='ocrx_word' id='word_1_806' title='bbox 1592 5170 1680 5235; x_wconf 85' lang='lat' dir='ltr'><strong>videt,</strong></span> <span class='ocrx_word' id='word_1_807' title='bbox 1695 5186 1820 5243; x_wconf 91' lang='lat' dir='ltr'><strong>quorum</strong></span> 
     </span>
     <span class='ocr_line' id='line_1_114' title="bbox 968 5256 1114 5312; baseline 0.007 -1"><span class='ocrx_word' id='word_1_808' title='bbox 968 5272 1037 5312; x_wconf 81' lang='lat' dir='ltr'><strong>rore</strong></span> <span class='ocrx_word' id='word_1_809' title='bbox 1051 5256 1114 5312; x_wconf 87' lang='lat' dir='ltr'><strong>ait:</strong></span> 
     </span>
    </p>

    <p class='ocr_par' dir='ltr' id='par_1_43' title="bbox 969 5345 1824 5597">
     <span class='ocr_line' id='line_1_115' title="bbox 1008 5345 1824 5425; baseline 0.013 -28"><span class='ocrx_word' id='word_1_810' title='bbox 1008 5345 1229 5417; x_wconf 75' lang='lat' dir='ltr'><strong>‹hnlhpiicabit</strong></span> <span class='ocrx_word' id='word_1_811' title='bbox 1243 5345 1362 5402; x_wconf 83' lang='lat' dir='ltr'><strong>vulnera</strong></span> <span class='ocrx_word' id='word_1_812' title='bbox 1375 5362 1448 5403; x_wconf 90' lang='lat' dir='ltr'><strong>mea.</strong></span> <span class='ocrx_word' id='word_1_813' title='bbox 1464 5367 1479 5401; x_wconf 79' lang='lat' dir='ltr'><strong>a</strong></span> <span class='ocrx_word' id='word_1_814' title='bbox 1504 5348 1576 5414; x_wconf 85' lang='lat' dir='ltr'><strong>Quia</strong></span> <span class='ocrx_word' id='word_1_815' title='bbox 1591 5347 1647 5421; x_wconf 90' lang='lat' dir='ltr'><strong>ipsi</strong></span> <span class='ocrx_word' id='word_1_816' title='bbox 1670 5350 1744 5407; x_wconf 90' lang='lat' dir='ltr'><strong>nihil</strong></span> <span class='ocrx_word' id='word_1_817' title='bbox 1760 5367 1824 5425; x_wconf 83' lang='lat' dir='ltr'><strong>ege·</strong></span> 
     </span>
     <span class='ocr_line' id='line_1_116' title="bbox 969 5434 1822 5514; baseline 0.006 -25"><span class='ocrx_word' id='word_1_818' title='bbox 969 5435 1136 5505; x_wconf 89' lang='lat' dir='ltr'><strong>runt‚unde</strong></span> <span class='ocrx_word' id='word_1_819' title='bbox 1153 5434 1278 5490; x_wconf 84' lang='lat' dir='ltr'><strong>dicitur:</strong></span> <span class='ocrx_word' id='word_1_820' title='bbox 1300 5436 1388 5491; x_wconf 77' lang='lat' dir='ltr'><strong>-tton</strong></span> <span class='ocrx_word' id='word_1_821' title='bbox 1400 5441 1443 5492; x_wconf 87' lang='lat' dir='ltr'><strong>est</strong></span> <span class='ocrx_word' id='word_1_822' title='bbox 1470 5438 1596 5494; x_wconf 89' lang='lat' dir='ltr'><strong>mundus</strong></span> <span class='ocrx_word' id='word_1_823' title='bbox 1614 5439 1645 5494; x_wconf 92' lang='lat' dir='ltr'><strong>in</strong></span> <span class='ocrx_word' id='word_1_824' title='bbox 1670 5444 1822 5514; x_wconf 88' lang='lat' dir='ltr'><strong>conspectu</strong></span> 
     </span>
     <span class='ocr_line' id='line_1_117' title="bbox 971 5523 1431 5597; baseline -0.009 -17"><span class='ocrx_word' id='word_1_825' title='bbox 971 5524 1045 5597; x_wconf 86' lang='lat' dir='ltr'><strong>ejus,</strong></span> <span class='ocrx_word' id='word_1_826' title='bbox 1061 5539 1115 5579; x_wconf 88' lang='lat' dir='ltr'><strong>nec</strong></span> <span class='ocrx_word' id='word_1_827' title='bbox 1127 5523 1318 5580; x_wconf 82' lang='lat' dir='ltr'><strong>iniansaeius</strong></span> <span class='ocrx_word' id='word_1_828' title='bbox 1333 5524 1401 5580; x_wconf 89' lang='lat' dir='ltr'><strong>diei.</strong></span> <span class='ocrx_word' id='word_1_829' title='bbox 1420 5547 1431 5576; x_wconf 79' lang='grc' dir='ltr'>ι</span> 
     </span>
    </p>

    <p class='ocr_par' dir='ltr' id='par_1_44' title="bbox 1008 5613 1827 5689">
     <span class='ocr_line' id='line_1_118' title="bbox 1008 5613 1827 5689; baseline 0.005 -19"><span class='ocrx_word' id='word_1_830' title='bbox 1008 5613 1100 5670; x_wconf 84' lang='lat' dir='ltr'><strong>·Sine</strong></span> <span class='ocrx_word' id='word_1_831' title='bbox 1113 5628 1237 5669; x_wconf 84' lang='lat' dir='ltr'><strong>causa.»</strong></span> <span class='ocrx_word' id='word_1_832' title='bbox 1258 5615 1314 5671; x_wconf 88' lang='lat' dir='ltr'><strong>Pro</strong></span> <span class='ocrx_word' id='word_1_833' title='bbox 1341 5614 1532 5674; x_wconf 76' lang='lat' dir='ltr'><strong>estimatione</strong></span> <span class='ocrx_word' id='word_1_834' title='bbox 1556 5617 1677 5676; x_wconf 89' lang='lat' dir='ltr'><strong>humani</strong></span> <span class='ocrx_word' id='word_1_835' title='bbox 1705 5629 1827 5689; x_wconf 65' lang='lat' dir='ltr'><strong>sensim</strong></span> 
     </span>
    </p>
   </div>
   <div class='ocr_carea' id='block_1_16' title="bbox 0 0 1950 6101">
    <p class='ocr_par' dir='ltr' id='par_1_45' title="bbox 0 0 1950 6101">
     <span class='ocr_line' id='line_1_119' title="bbox 0 0 1950 6101; baseline 0 0"><span class='ocrx_word' id='word_1_836' title='bbox 0 0 1950 6101; x_wconf 95' lang='lat' dir='ltr'><strong> </strong></span> 
     </span>
    </p>
   </div>
  </div>
 </body>
</html>
