3892 6106
94 227 146 282 sot
667 227 796 285 atussa
814 229 1018 288 ouuttttttts.
1040 257 1071 271 -
1092 233 1160 289 ΗΒ.
1182 232 1284 291 unul.
1802 241 1855 298 tua

90 349 233 420 gentibus
246 351 459 422 amplissimum
474 367 594 423 regnum
610 351 726 423 accepit.
738 352 807 408 Inde
824 354 987 424 Prophe-A
1006 359 1069 424 tete,
1080 357 1151 411 vivit
1166 359 1255 411 lumen
1273 372 1308 412 ea
1329 358 1430 412 virtute
1453 357 1504 412 Det
1528 358 1568 427 (ll
1590 359 1655 414 Gor.
1683 361 1752 432 xrrr).
1768 362 1855 429 Quasi

93 438 139 492 tia
157 439 216 493 eit:
1006 458 1074 514 ergo
1094 460 1128 499 ex
1155 445 1245 499 Busan
1262 445 1378 512 largiter
1397 444 1489 512 lluxit,
1504 461 1569 500 enm
1590 462 1642 518 per
1665 446 1853 519 ignominiam

132 530 156 584 Α
187 530 252 583 solu
281 533 343 584 ortu
377 543 462 599 usque
485 528 522 583 ud
544 544 668 584 occasum
694 530 831 586 laudabile
856 547 950 586 tremere
1006 532 1106 588 mortis
1129 533 1348 605 perveniensad
1375 534 1496 605 gloriam
1513 534 1746 604 immortalitatis,
1765 535 1855 592 ltnon-

95 618 217 673 Domiai.
236 617 290 673 Sed
302 617 371 689 qnia
383 634 436 689 per
450 617 643 674 humilitatem
659 617 801 690 passionis
816 621 851 675 ad
876 619 951 675 bane
1005 621 1040 675 lis
1066 623 1210 694 Evangelii
1237 628 1330 678 totum
1349 624 1447 678 orbem
1465 624 1593 696 irrigavit
1610 642 1616 691 ;
1634 625 1711 680 unde
1740 627 1851 681 lseias:

93 705 221 777 gloriam
237 706 377 776 pervenit,
394 707 428 761 de
450 712 541 762 morte
556 706 618 779 ejus
633 707 805 779 subjungit:
1004 703 1115 782 Reple'to
1138 717 1178 766 est
1192 718 1266 767 terro
1291 714 1404 768 seientia
1429 714 1550 778 Domini,
1576 717 1646 769 sieut
1667 731 1745 786 equa
1768 719 1854 772 metria

133 794 221 862 Quusi
243 797 282 849 teo
305 797 448 865 requievit.
472 797 633 851 Potestetem
659 797 742 851 iubeo
754 797 874 867 penendi
886 799 949 852 arti-
1005 802 1150 868 operientis
1170 800 1234 870 (ise.
1256 800 1296 867 ιι).

94 899 172 938 mum
196 899 283 939 meum
308 883 397 952 (laert.
426 883 463 955 x).
494 885 620 939 Potestas
640 886 752 951 mortis,
776 902 949 940 nonneecs-
1042 889 1224 943 Dnucotulus
1248 890 1340 944 leonis.
1367 890 1423 943 lloc
1447 893 1564 961 propter
1589 891 1851 959 Samsonemdieit,

95 971 168 1026 silas
182 971 369 1043 exprimitnr;
392 973 492 1028 unde:
517 976 599 1030 Nemo
622 976 692 1029 tellit
711 989 770 1028 eum
791 989 809 1028 u
828 990 878 1042 me,
903 974 951 1029 sed
1004 975 1102 1048 quide
1119 977 1194 1031 tribu
1210 978 1269 1031 Dan
1286 977 1349 1042 luit,
1365 983 1394 1032 et
1417 978 1497 1048 quasi
1525 979 1568 1032 leo
1584 979 1675 1047 fortis,
1694 981 1774 1051 euJus
1787 998 1852 1050 pus-

95 1075 145 1129 ego
160 1077 232 1131 pono
244 1076 313 1116 eom.
331 1062 424 1130 (ibid.)
1004 1064 1091 1119 sessio
1108 1080 1197 1136 nsque
1223 1065 1323 1122 Busan.
1341 1066 1530 1121 Antichristus
1554 1083 1620 1122 vere
1645 1069 1715 1123 lluet
1735 1069 1853 1142 largiter

134 1152 224 1215 Quasi
248 1150 287 1204 leo
307 1152 430 1217 fremuit·
456 1149 599 1222 Quidquid
622 1151 797 1219 enimdixil,
818 1156 950 1224 potenter
1004 1160 1039 1214 de
1067 1161 1166 1223 basan,
1196 1158 1264 1229 quia
1287 1159 1438 1214 satiabitur
1469 1160 1646 1232 pinguedine
1671 1161 1791 1217 luxuriae
1822 1168 1852 1217 et

96 1237 238 1309 implevit.
1004 1248 1135 1303 omnium
1150 1248 1295 1302 viliorum.

132 1327 263 1396 emitque
283 1326 426 1382 maelium
450 1333 475 1382 et
501 1331 636 1383 uerticem.
663 1330 733 1384 Cum
757 1345 947 1400 resurgense
1039 1340 1114 1392 llere
1147 1342 1173 1391 et
1195 1335 1337 1392 meridiem
1356 1337 1518 1406 possidebit.
1537 1339 1609 1404 Quia
1633 1339 1775 1411 possessio
1790 1341 1851 1410 ejus

98 1413 220 1469 mortuis
229 1413 428 1470 fortitudinem
439 1414 623 1472 inimieorum
639 1418 693 1473 sibi
709 1418 882 1489 subjugavit.
900 1420 950 1475 Ce-
1002 1427 1038 1481 ab
1054 1425 1171 1481 australi
1188 1425 1311 1497 partein
1333 1426 1509 1482 occidentem
1531 1445 1620 1500 nsque
1635 1428 1671 1484 ad
1687 1444 1765 1483 mare
1778 1429 1851 1500 Tyr-

96 1505 138 1576 pit
158 1520 276 1575 quoque
291 1504 439 1572 verticem,
456 1504 485 1559 id
502 1510 552 1568 cst,
572 1505 708 1561 mundani
730 1505 843 1577 imperii
860 1507 947 1561 subli·
1003 1516 1124 1571 rhenum
1135 1514 1281 1586 pertingit,

97 1592 229 1648 mitatem
243 1592 280 1648 ad
304 1593 514 1665 suscipiendam
539 1595 626 1650 iidem
651 1594 818 1663 inelinavil;
847 1595 922 1651 unde
938 1613 983 1696 :B
1038 1607 1112 1660 llere
1137 1609 1164 1659 et
1185 1603 1325 1658 meridiem
1350 1603 1509 1674 possidebit.
1541 1605 1595 1659 Per
1609 1606 1751 1676 apostolos
1771 1605 1849 1660 enim

97 1683 131 1737 El
157 1680 313 1738 adorabunt
336 1698 396 1737 eum
421 1698 625 1753 omnesreqes;
653 1698 743 1739 omnes
766 1689 856 1752 ueniet
888 1699 946 1740 ler-
1002 1709 1037 1748 ex
1060 1694 1166 1749 ludaeis
1192 1697 1220 1747 et
1244 1692 1377 1764 gentibus
1402 1692 1524 1747 Ecclesia
1543 1693 1701 1764 aequiritur
1726 1694 1847 1749 Christe.

98 1773 211 1825 limiti
226 1769 311 1841 (ΡΜ)
339 1776 426 1840 mli·
451 1772 588 1843 seqnitur
610 1773 644 1828 (¹0
669 1788 743 1827 1¹⁰l⁰
759 1778 833 1827 illm
865 1773 947 1844 1·θὸΠί
1003 1786 1057 1840 Per
1074 1798 1152 1837 mare
1179 1782 1256 1836 enim
1286 1780 1460 1836 occidentale
1481 1781 1568 1853 (qnod
1598 1781 1644 1836 bie
1668 1781 1849 1856 intelligitur)

99 1859 169 1929 ²1⁰⁵·
592 1876 598 1886 ’
1001 1872 1094 1928 ludaei
1120 1871 1290 1940 ligurantur,
1308 1869 1358 1941 qni
1385 1870 1495 1924 nmbrae
1520 1875 1549 1924 et
1570 1871 1725 1941 exemplari
1753 1872 1848 1926 deser-

134 1945 214 1999 Vffl·
238 1945 283 2000 Ἡ·
314 1975 350 1985 -
378 1946 412 2001 El
434 1946 505 2001 ”²3⁸7
527 1948 814 2016 Plinlillssiumtlums
830 1948 947 2018 quodie
1001 1961 1093 2026 siunt,
1110 1975 1161 2014 nec
1176 1958 1284 2013 babent
1295 1960 1388 2013 lucem
1406 1958 1531 2014 scientiae
1544 1965 1573 2013 et
1587 1960 1722 2026 veritatis,
1739 1964 1766 2015 el
1780 1960 1848 2032 quia

54 2056 58 2064 ⁴
98 2048 249 2114 partesue.
275 2041 415 2113 Subjeetis
438 2042 493 2098 sibi
520 2044 818 2115 regnisetgentibus,
843 2049 946 2116 poten·
1001 2049 1097 2105 eissol
1122 2047 1243 2119 justiliae
1265 2047 1407 2115 occubuit,
1436 2048 1584 2119 perpetuis
1607 2048 1849 2104 remanseruutin

99 2134 137 2187 tia
154 2131 217 2201 ejus
240 2131 386 2202 apparuit,
402 2148 624 2190 nonarrnorum
642 2133 827 2201 terrore,sed
843 2133 946 2188 virtute
1003 2136 1139 2195 tenebris.
1177 2136 1260 2190 Hune
1298 2134 1476 2190 occidentem
1498 2135 1621 2207 apostoli
1641 2137 1847 2207 possederunt,

99 2220 246 2277 doctrinar.
352 2280 354 2285 ,
1001 2244 1066 2283 eum
1081 2242 1114 2280 ex
1128 2225 1169 2280 eis
1183 2223 1324 2295 plurimos
1337 2223 1431 2292 gratia
1446 2223 1513 2278 lidei
1538 2224 1714 2279 illuminatos
1738 2224 1848 2279 Christo

132 2310 283 2379 depositus.
301 2307 444 2376 Occultos,
460 2309 530 2365 dum
545 2308 642 2364 scribit
664 2311 741 2380 leges
756 2325 820 2363 snas
834 2309 865 2364 in
884 2325 946 2363 eor·
1002 2315 1194 2384 subjecerunt,
1211 2315 1242 2365 ut
1265 2310 1314 2382 qui
1336 2310 1452 2364 luerunt
1466 2311 1620 2382 aliquando
1641 2311 1776 2380 tenebrae,
1799 2313 1849 2366 lux

99 2399 179 2454 dibus
198 2396 345 2461 fidelinmr
366 2398 442 2453 unde
467 2398 529 2454 eil:
559 2400 609 2455 Vos
634 2400 787 2453 unctionem
810 2398 947 2453 hebelida
1002 2406 1097 2458 essent
1108 2401 1138 2455 in
1164 2398 1292 2454 [lumino.
1309 2399 1341 2453 ln
1355 2397 1474 2452 meridie
1488 2397 1659 2469 intelligitur
1675 2399 1797 2454 Ecclesia
1812 2400 1848 2454 de

98 2494 197 2559 musto,
214 2491 240 2541 et
266 2499 320 2539 uon
334 2501 436 2541 maesse
460 2486 565 2542 bebetis
591 2490 622 2541 ut
644 2485 746 2553 uliquis
770 2483 863 2538 doceat
880 2498 946 2545 eos:
1002 2487 1134 2560 gentibus
1150 2486 1278 2552 collecta,
1299 2501 1374 2555 qnae,
1390 2483 1485 2538 ablato
1500 2485 1570 2556 legis
1587 2485 1741 2553 velamine,
1757 2486 1848 2541 Evan-

98 2580 186 2632 ueretio
199 2579 258 2646 ejus
285 2572 606 2631 docetoosdeomuibus
630 2571 719 2641 (leue.
746 2570 787 2641 ιι).
815 2570 947 2636 VebRt-
1001 2577 1068 2650 gelii
1083 2577 1145 2631 luce
1161 2573 1327 2646 perfruitur,
1343 2578 1372 2628 et
1386 2574 1492 2628 cubans
1514 2590 1579 2628 enm
1605 2591 1708 2645 sponso
1726 2574 1755 2628 in
1785 2591 1847 2629 me-

96 2668 211 2735 meus,
226 2666 296 2738 (1¹¹1ss
320 2664 350 2717 1¹¹
366 2663 430 2732 ¹⁰80
454 2665 483 2717 el
496 2660 646 2731 Pf0lth⁸¹i³
660 2658 692 2713 1¹1
714 2658 815 2731 fidulii
829 2657 944 2721 latebat.
1002 2665 1085 2732 ridie,
1104 2663 1226 2719 revelata
1248 2661 1319 2716 facie
1337 2662 1460 2734 gloriam
1488 2662 1603 2717 bomini
1627 2663 1847 2734 contemplatur.

100 2758 125 2808 et
147 2755 271 2809 docebat
294 2749 487 2816 absconditus,
516 2764 581 2820 quae
596 2746 746 2802 manifeste
765 2747 795 2801 in
820 2748 946 2816 Euange·
1038 2756 1116 2808 vens,
1144 2753 1188 2806 24.
1212 2781 1248 2793 -
1265 2754 1533 2822 Aserquoqueeit:
1555 2751 1713 2807 Benedictus
1738 2755 1767 2806 in
1782 2749 1849 2822 filiis

101 2839 136 2895 lio
150 2840 323 2907 declaravit,
350 2837 424 2892 unde
441 2852 447 2890 :
464 2837 598 2904 lueipteus
625 2851 642 2889 a
666 2836 757 2904 Mopse
771 2840 796 2890 et
823 2835 946 2890 omnibus
1002 2847 1072 2901 Ast-r
1085 2845 1110 2898 er·
1133 2840 1244 2911 placens
1258 2840 1394 2906 fratribus
1422 2841 1489 2895 suis.
1512 2843 1581 2894 Aser
1595 2840 1705 2906 beatus,
1721 2839 1849 2896 Christus

100 2930 241 3000 milhem
253 2926 484 2999 illisslffelabliw'
498 2926 554 2980 ⁸⁸¹¹ss
569 2927 648 2996 (bue.
665 2924 751 2994 ΠΝ)
962 2953 983 3008 (3
1002 2932 1109 2988 seilicet
1124 2934 1226 2984 nostrae
1246 2928 1430 2984 beatitudinis
1450 2945 1523 2999 spos,
1540 2930 1622 2999 cujus
1637 2927 1778 2999 primitias
1798 2944 1849 2983 no·

132 3017 187 3085 Qui
209 3020 268 3085 tuit
294 3032 354 3071 eum
373 3013 547 3085 principibus
565 3013 670 3083 populi.
697 3012 828 3082 adjutor,
843 3011 943 3067 unde:
999 3021 1044 3077 bis
1059 3017 1183 3073 ostendit
1198 3033 1349 3088 resurgens
1368 3034 1385 3070 a
1402 3017 1532 3071 mortuis.
1558 3016 1611 3070 Hie
1625 3020 1668 3071 est
1686 3016 1851 3071 benedictus

102 3109 214 3162 omilim
241 3108 398 3175 ⁰0‘’lie''lllltt
419 3109 445 3157 θ)
470 3117 616 3157 “imiimi
639 3103 813 3170 ‘mildridam
830 3106 945 3169 illutu‘
1000 3111 1030 3166 iu
1045 3108 1123 3173 liliis,
1141 3106 1209 3176 «pris
1225 3106 1382 3174 credentes,
1403 3122 1455 3177 per
1473 3105 1535 3176 ejus
1560 3105 1682 3178 gratiam
1699 3120 1849 3159 renascen-

101 3196 169 3251 tibus
185 3197 275 3263 sienis
288 3195 385 3262 (ch-
397 3194 465 3263 xm),
482 3189 550 3262 quia
563 3189 604 3245 ait
619 3206 625 3244 :
642 3189 706 3246 Siue
724 3205 765 3244 me
778 3190 946 3260 didilPOltl·
1001 3206 1052 3264 tes,
1068 3201 1162 3252 totum
1176 3195 1276 3250 orbem
1295 3195 1356 3266 eius
1371 3193 1559 3250 similitudine
1580 3194 1773 3263 repleverunt,
1789 3192 1850 3264 qui·

100 3291 131 3343 tis
141 3290 234 3355 secem
248 3286 343 3357 (doen.
361 3284 420 3352 xv).
1001 3287 1053 3341 bns
1069 3284 1194 3340 dieitur:
1212 3282 1316 3340 Credite
1330 3284 1464 3347 trilucem,
1479 3283 1532 3352 dlii
1548 3285 1579 3336 ut
1594 3283 1661 3354 lueis
1677 3283 1737 3337 sitis
1751 3281 1849 3353 (doen.

131 3379 204 3432 Fecit
225 3376 363 3445 iustitias·
383 3371 414 3427 ld
438 3376 481 3425 63)
504 3369 666 3440 justificans
682 3369 713 3423 1¹¹
737 3384 767 3422 ὅθ
790 3367 946 3433 elidentem
1001 3375 1060 3446 111).
1078 3373 1134 3446 lpsi
1150 3373 1272 3429 afferunt
1290 3372 1415 3427 lruetnm
1428 3371 1542 3427 lueisin
1569 3370 1649 3425 omni
1668 3371 1794 3426 bonitate
1823 3377 1852 3427 et

104 3472 128 3522 et
142 3466 262 3521 tandem
281 3463 439 3520 seeundum
456 3459 559 3515 merita
572 3457 713 3530 judicabit
725 3474 790 3513 eum
807 3458 903 3525 lsrael,
919 3457 949 3513 id
998 3463 1111 3536 justitia
1133 3470 1161 3518 et
1177 3461 1304 3517 veritate.
1329 3459 1390 3515 Hoc
1404 3465 1500 3516 antem
1522 3459 1628 3516 laetum
1643 3464 1695 3526 est,
1711 3459 1780 3532 quie
1794 3459 1851 3514 lra-

101 3559 220 3609 etcum
237 3552 345 3624 pupulo
360 3566 412 3604 suo
427 3548 463 3604 ud
475 3546 611 3602 visionem
628 3547 678 3601 Dei
693 3547 794 3602 electo·
1002 3553 1097 3608 tribus
1111 3552 1181 3616 suis,
1208 3550 1237 3606 id
1260 3555 1302 3604 est
1326 3549 1470 3622 apostolis,
1489 3566 1561 3621 qnos
1576 3549 1610 3604 dc
1635 3549 1733 3604 lndaea
1756 3549 1850 3620 elegit,
1903 3548 1907 3555 ’

130 3643 277 3696 Justilt'at.
302 3638 521 3695 ludificationes
548 3636 736 3692 credentium·
776 3637 841 3707 lpse
869 3634 946 3690 enim
1002 3660 1068 3697 vera
1083 3641 1220 3696 charitate
1243 3639 1427 3710 complacuit,
1457 3644 1488 3692 ut
1509 3638 1611 3710 spretis
1626 3638 1726 3710 liguris
1741 3638 1851 3709 gaude-

100 3729 236 3800 J'uslifical
250 3729 373 3799 impium
393 3745 429 3782 ex
453 3727 518 3783 fide·
546 3727 644 3798 Neque
659 3725 735 3781 enim
762 3740 795 3779 0¹
812 3724 949 3796 operibus
1003 3736 1065 3788 renl
1080 3730 1115 3785 de
1142 3729 1258 3784 veritate
1283 3727 1452 3799 Evangelii,
1474 3732 1504 3781 et
1526 3726 1595 3799 quia
1610 3727 1689 3796 digni
1702 3731 1788 3783 esseut
1801 3742 1851 3796 pre

102 3816 384 3890 legisjustilieabitnr
399 3814 493 3870 omnis
507 3828 585 3870 cero.
1002 3821 1109 3875 nomine
1130 3818 1198 3872 Jesu
1221 3817 1408 3871 coutumeliam
1437 3817 1509 3885 poti.
1540 3816 1574 3870 Et
1600 3814 1676 3868 unde
1704 3814 1744 3868 eis
1772 3817 1853 3868 lanta

135 3909 217 3962 Vnus.
233 3910 279 3961 22.
304 3934 338 3944 -
355 3906 418 3959 Dtm
442 3917 556 3972 quoque·
582 3900 640 3958 Alii
664 3916 715 3972 per
731 3902 791 3956 [ΜΠ
806 3899 949 3956 Antichri-
1003 3905 1147 3963 charitatis
1174 3904 1357 3969 abundantia,
1386 3903 1532 3975 supponit,
1559 3906 1649 3971 tinget
1675 3905 1705 3958 ia
1724 3904 1779 3958 oleo
1802 3919 1850 3973 pe·

106 4001 177 4051 slnm
199 3993 309 4066 signari
323 3996 437 4064 putant,
453 4006 540 4062 quem
555 3988 590 4044 de
605 3989 659 4043 hae
682 3988 757 4044 tribu
772 3988 949 4044 nasciturum
1005 3997 1075 4062 (tem,
1096 3999 1148 4051 etc,

105 4085 264 4140 estimant:
281 4081 341 4154 ipse
373 4084 415 4135 est
442 4079 553 4135 catrrlns
582 4078 681 4145 leonis,
711 4078 741 4132 id
762 4083 805 4134 est
818 4076 949 4142 diaboli,
1039 4083 1080 4137 Et
1099 4083 1188 4148 linget
1210 4081 1239 4132 in
1257 4079 1312 4133 oleo
1334 4078 1430 4149 pedem
1451 4092 1541 4132 suum.
1563 4074 1689 4132 Christus
1704 4081 1789 4148 capnt
1804 4092 1852 4131 no·

105 4173 152 4244 (tui
167 4171 287 4243 largiter
301 4171 371 4226 fluel
385 4169 420 4225 de
433 4169 534 4234 Basan,
555 4166 623 4238 (tuia
642 4168 743 4239 pletum
758 4164 925 4220 ⁶⁰¹¹f¹¹⁵i⁰¹¹⁰
941 4181 948 4231 3
1005 4176 1095 4227 strum
1110 4170 1266 4226 ascendens
1283 4166 1315 4224 in
1339 4168 1451 4229 coetum,
1466 4166 1620 4239 apostolos,
1645 4165 1753 4221 scilieet
1765 4166 1853 4237 pedes

108 4263 193 4316 ursan
217 4259 326 4331 quippe
350 4258 489 4322 confusio,
515 4257 559 4311 vel
582 4255 735 4328 pinguedo,
761 4255 804 4309 rel
826 4253 986 4326 bruebuap
1006 4276 1072 4315 suos
1100 4259 1240 4314 mnndum
1276 4256 1460 4329 predicando
1495 4254 1693 4310 circumituros
1718 4254 1749 4308 in
1777 4259 1853 4308 terra

106 4351 321 4422 interpretatur.
1005 4349 1098 4405 adbuc
1113 4347 1307 4413 consistentes,
1328 4346 1389 4400 oleo
1405 4344 1528 4415 Spiritus
1549 4343 1638 4399 sancti
1654 4341 1852 4414 copiosissime

137 4441 199 4494 ban
219 4453 336 4510 qnoque
362 4435 514 4508 judicium,
546 4435 635 4489 Basan
664 4431 864 4504 ignominiam.
891 4432 951 4487 [lan
1005 4436 1099 4504 unxit,
1115 4434 1353 4491 utnulloleborc
1375 4432 1540 4500 delicerent,
1568 4432 1618 4486 sed
1638 4428 1854 4485 immarcessibi-

106 4545 168 4583 rero
183 4527 329 4583 Christum
345 4523 497 4595 signifieat,
526 4522 576 4594 qui
603 4521 665 4578 eit:
694 4523 727 4577 le
741 4521 880 4590 judicium
904 4534 951 4588 ege
1006 4526 1041 4582 lia
1056 4519 1154 4597 gandii
1168 4524 1295 4579 claritate
1318 4522 1471 4595 pollerent.
1501 4519 1719 4592 Incorruptihile
1739 4534 1854 4590 quoque

106 4620 132 4670 ie
159 4619 231 4672 buno
259 4612 391 4670 muudum
417 4613 480 4667 veui
507 4613 593 4681 (loen.
630 4611 677 4677 ιι).
706 4608 826 4665 Catulus
860 4607 952 4664 leonis
1005 4614 1131 4689 praebuit
1145 4612 1330 4668 calceamenti
1344 4611 1558 4667 munimentum
1576 4608 1609 4663 de
1625 4626 1682 4680 qno
1698 4607 1851 4662 subditur:

106 4710 221 4777 propter
243 4701 451 4769 tortitudinem,
483 4698 601 4771 etquis
625 4698 760 4771 parvulus
774 4697 838 4753 lieri
853 4697 952 4770 digne·
1042 4708 1152 4762 Ferrum
1169 4707 1194 4758 et
1220 4717 1256 4758 aas
1277 4703 1329 4758 cul.
1356 4701 1465 4772 (Gneo,
1485 4699 1534 4754 lib.
1553 4714 1639 4753 xxxiv
1663 4699 1769 4763 lieret,
1791 4712 1854 4768 cap.

106 4793 292 4861 ineest-,sed
318 4790 480 4862 suscipiens
505 4788 703 4845 infirmitatem
726 4792 952 4856 nostram,non
1008 4795 1045 4864 5.)
1077 4795 1133 4848 ileo
1157 4791 1192 4846 de
1208 4790 1338 4857 Ecclesia,
1354 4794 1422 4856 etc,
1441 4788 1577 4858 usquead
1598 4784 1855 4841 bisealoeamentis

106 4882 199 4938 amisit
212 4881 350 4937 virtutem
364 4896 457 4947 suam,
474 4877 547 4948 quod
569 4882 639 4935 eelim
662 4878 800 4946 infirmum
828 4882 869 4932 est
892 4878 952 4943 liei,
1008 4897 1107 4936 varum
1121 4880 1226 4953 paseha
1241 4878 1454 4934 celebrandum.

105 4974 203 5039 lortius
228 4975 268 5026 est
296 4970 450 5025 bominibus
478 4969 503 5040 (l
530 4969 594 5026 Cor.
627 4966 659 5036 ι).
687 4967 726 5021 lle
748 4964 810 5036 ipso
824 4963 951 5020 dieitur:
1042 4970 1121 5024 Vasa.
1142 4971 1186 5023 25.
1204 5000 1238 5008 -
1253 4969 1328 5025 steret
1342 4967 1399 5021 dies
1422 4966 1587 5035 juventutis.
1612 4961 1757 5033 Sigrrisseat
1781 4960 1857 5015 bane

108 5058 280 5116 Vt‘sst'llwdl
302 5057 481 5124 tribuJudu,
509 5062 561 5111 ⁰²⁰·
579 5055 674 5128 (Almi-
700 5054 737 5126 v)·
762 5053 953 5126 18ss01¹15ssi³¹1¹
1006 5059 1116 5116 tribum
1130 5057 1318 5130 prosperitate
1335 5060 1363 5111 et
1386 5053 1496 5111 deliciis
1515 5051 1675 5107 abundasse
1701 5067 1792 5123 usque
1818 5048 1867 5104 ade

105 5149 223 5222 quidem
251 5149 371 5204 erucisa
396 5145 504 5203 ludeeis
531 5144 676 5211 sustinuit,
704 5143 874 5215 putantibus
900 5159 952 5199 no·
1007 5150 1182 5204 senectutem
1197 5143 1377 5216 captivitatis.

104 5253 169 5295 men
197 5238 260 5310 ejas
274 5252 327 5309 per
345 5242 468 5292 mortem
487 5233 599 5290 deleri:
616 5232 665 5289 sed
680 5232 738 5305 qui
745 5248 797 5305 per
806 5231 954 5288 infirmita·
1043 5235 1128 5291 Sicut.
1153 5231 1333 5289 Promittitur
1370 5230 1501 5287 Ecclesia
1526 5229 1613 5285 ernda
1634 5226 1790 5298 viridisque
1816 5240 1858 5279 ee·

105 5331 161 5384 lem
177 5327 241 5399 ejus
254 5325 360 5395 earnis,
375 5325 405 5380 in
421 5324 555 5397 passione
579 5322 691 5378 catulus
714 5322 779 5388 luit,
804 5336 855 5391 per
879 5319 953 5375 divi·
1009 5328 1108 5379 nectus
1122 5341 1131 5378 .·
1147 5327 1179 5378 ut
1194 5322 1266 5376 sieut
1279 5320 1392 5376 lortiter
1418 5319 1448 5375 in
1467 5317 1607 5390 principio
1622 5332 1721 5372 omnes
1734 5315 1858 5386 impetus

104 5416 203 5472 nitatis
218 5415 435 5487 potentiamlco
450 5413 575 5469 invictus
593 5410 624 5466 in
642 5409 850 5466 resurreetione
866 5424 954 5479 appe·
1009 5411 1104 5479 evicit,
1128 5410 1168 5464 ita
1183 5409 1330 5465 eminente
1360 5409 1419 5464 line
1447 5405 1612 5463 Antichristi
1636 5405 1764 5460 furorem
1779 5401 1863 5457 evin:

108 5506 165 5561 rnit
179 5523 187 5572 ;
202 5503 282 5560 unde
298 5503 451 5574 Apostolus
465 5520 472 5557 :
488 5504 523 5558 Et
532 5504 559 5557 si
574 5503 720 5571 trucidans
734 5506 772 5556 eet
786 5516 819 5556 ea
836 5500 953 5569 telmai·
1010 5505 1065 5565 cat,
1083 5498 1180 5553 unde:
1211 5498 1283 5554 Eece
1310 5513 1357 5567 ego
1379 5499 1517 5554 uobiscum
1542 5511 1600 5552 sum
1629 5491 1859 5557 omuibusdtebus
