3892 6106
50 277 101 331 ror
634 275 764 336 ocosse
783 275 987 334 ιιιιιιιιιιιιιι.
1006 303 1044 319 -
1062 274 1128 334 ιιι.
1150 276 1262 336 aevu.
1469 263 1473 271 '
1764 269 1815 337 ier

44 394 110 452 titre
126 397 239 452 nustrre
254 393 469 452 conformantes
492 395 530 463 ei,
546 398 614 452 tunc
636 395 756 453 otiertur
782 396 906 454 Domino
920 398 943 455 Α
959 395 1028 468 quia
1040 411 1093 468 pro
1106 396 1262 468 capacitate
1286 411 1385 454 seusus
1409 396 1606 472 unnsquisque
1628 397 1721 455 tidelis
1740 398 1812 457 Scri·

43 487 115 543 odor
129 483 335 541 suauissimus.
958 490 1052 558 pturua
1077 485 1225 542 scientiam
1247 485 1333 542 debet
1362 488 1507 558 appetere.
1542 485 1643 542 Unde:
1666 488 1726 545 Nou
1750 489 1813 558 pius

74 576 168 633 vaus.
187 575 232 630 ll.
248 603 283 616 -
297 573 440 630 Sicutem.
456 572 544 644 (lein.)
572 574 689 644 Turtnr,
705 589 770 629 caro
790 573 904 642 Christi,
958 587 1053 644 supere
1066 587 1149 644 quern
1167 578 1281 646 oportet,
1295 572 1343 629 sed
1356 573 1498 644 supereud
1533 575 1713 632 sobrietatem.
1739 579 1814 648 Quo·

41 662 294 718 secondumillud
321 661 503 718 Salomonis:
530 663 731 719 Puiclrasunt
756 677 831 732 gene
853 666 905 718 tue
958 677 1020 717 rum
1032 667 1175 726 unus.etc.
1205 660 1290 735 (ilem.
1306 661 1366 734 ιιι).
1388 663 1550 719 Notandum
1577 663 1657 737 quod
1682 664 1811 736 pugillus

42 756 109 809 sicut
125 756 274 808 baeturia:
307 751 447 807 Columba
472 750 612 824 Spiritum
644 757 774 808 sanctum
793 750 903 824 signill-
958 749 1060 806 similos
1075 751 1176 820 etolei,
1194 755 1286 806 totum
1301 766 1369 807 uero
1384 752 1450 807 thus
1468 751 1565 808 oilcrri
1583 750 1725 824 jubetur;
1744 753 1813 825 quia

44 851 94 897 rat.
116 841 225 897 Unde:
242 841 331 911 super
349 856 428 912 quern
453 840 556 896 uideris
581 842 715 911 Spiritum
740 841 905 896 ἀοιοοιιάοιι-
956 838 1516 912 sapientiaquminsimiln,etclmritas
1546 842 1590 897 rel
1611 840 1813 898 misericordia

43 936 90 986 cn
104 933 183 985 ποιοί
199 929 360 995 columbum,
384 929 426 984 tie
438 932 478 985 est
491 930 577 985 Filius
593 944 674 985 ιιιιιιο.
700 929 806 985 luetur
836 944 904 1000 ergo
957 944 1023 1000 qne
1038 928 1297 1001 inolcosignatur'‚
1314 929 1344 985 in
1366 930 1421 985 hac
1439 929 1497 986 rita
1524 945 1582 987 non
1610 934 1731 1002 possunt
1750 947 1812 987 esso

41 1017 177 1074 columba
194 1017 379 1074 caroCbristi
405 1020 448 1071 est
474 1016 594 1090 Spiritui
620 1018 749 1074 sociata:
778 1017 905 1073 hectria
957 1016 1052 1088 plena.
1069 1014 1172 1073 Unde:
1200 1017 1327 1074 Videmus
1354 1032 1423 1073 ιιιιιιο
1451 1033 1502 1090 per
1524 1020 1660 1090 speculum
1685 1020 1716 1074 in
1742 1020 1811 1074 eni·

42 1106 185 1162 ueriticia
200 1105 285 1162 olfari
299 1106 395 1171 homo,
410 1104 492 1160 idest
506 1104 647 1176 Christus,
667 1105 703 1161 de
731 1104 824 1162 bobus
848 1105 903 1162 sci·
955 1111 1045 1174 gmctc
1059 1121 1066 1161 ι
1080 1110 1109 1162 cl
1133 1122 1204 1162 nunc
1217 1121 1344 1175 cognosco
1364 1122 1399 1161 ee
1422 1111 1511 1177 purte,
1529 1112 1584 1163 etc.
1608 1108 1628 1178 (l
1645 1108 1705 1165 Gor.
1739 1111 1803 1176 su).

43 1195 106 1252 iicet
119 1194 289 1267 pecoribus,
303 1198 332 1250 et
347 1193 456 1249 avibus.
957 1193 1019 1250 olei
1033 1210 1148 1267 quoque
1167 1211 1233 1267 pars
1265 1195 1393 1259 offertur,
1419 1196 1487 1269 qnia
1507 1195 1704 1252 misericordia
1733 1211 1810 1251 nun·

75 1285 171 1354 (lsrcu.
202 1285 233 1339 iu
263 1282 361 1354 lecit.)
388 1281 572 1339 admirabilis
594 1281 748 1338 uerborum
790 1281 902 1338 subtili·
955 1299 1043 1356 quam
1055 1282 1200 1355 impletur,
1235 1284 1303 1355 quia
1331 1283 1384 1339 etsi
1409 1284 1570 1340 miserearis
1591 1289 1732 1357 quantum
1759 1300 1810 1356 po·

43 1378 95 1441 tas,
109 1378 183 1443 etc,
199 1387 285 1442 usque
297 1371 620 1444 ud,contemplauturet
633 1370 749 1444 sapiunt
767 1370 903 1439 colodi,
956 1376 1010 1440 tes,
1026 1370 1091 1441 pius
1105 1373 1202 1425 tamen
1217 1369 1302 1425 debes
1314 1371 1397 1426 velle.
1414 1371 1542 1428 Charitas
1558 1372 1645 1427 ctiam
1657 1388 1723 1445 quae
1744 1374 1808 1428 oleo

45 1462 92 1517 ubi
105 1462 241 1519 Christus
256 1465 298 1518 est
309 1461 339 1517 in
354 1460 468 1516 dextera
481 1459 531 1516 Dei
541 1459 651 1517 sedens.
955 1458 1107 1531 figuratur,
1121 1458 1152 1514 in
1167 1459 1301 1531 presenti
1317 1458 1477 1527 inchoatur,
1502 1458 1532 1516 in
1555 1459 1652 1516 tuturo
1680 1460 1809 1534 perileic-

368 1593 480 1651 Μυῒ
510 1593 533 1649 u
956 1548 1012 1601 tur.
1026 1545 1104 1601 Thus
1113 1551 1210 1602 autem
1224 1550 1317 1604 totum
1345 1552 1499 1620 crematur,
1514 1549 1583 1621 quia
1612 1564 1727 1621 semper
1744 1565 1807 1605 ora·

955 1633 1028 1690 tioni
1041 1632 1192 1690 insistitur.

77 1728 161 1782 linas.
176 1729 206 1782 t.
222 1755 259 1769 -
284 1727 398 1793 Animo,
427 1726 524 1782 eleb
560 1722 675 1780 meliori
697 1729 777 1797 parte
807 1687 937 1783 ἱοῑιιιιιΒ
991 1723 1102 1780 Simile.
1132 1722 1262 1780 Scientiae
1297 1726 1341 1781 rel
1385 1724 1557 1798 cognitionis
1594 1724 1654 1781 liei.
1686 1727 1809 1795 Accepta

44 1813 195 1870 bominem
225 1813 391 1887 significat:
412 1812 535 1886 requirit
563 1812 642 1868 enim
668 1812 846 1885 spiritualem
874 1818 902 1871 et
955 1811 1034 1868 enim
1053 1816 1096 1868 est
1110 1811 1258 1868 scientiae
1273 1813 1441 1886 lieo,quam
1467 1816 1539 1871 tides
1566 1812 1808 1886 comprehendere

45 1902 206 1975 perlectum
219 1903 391 1969 auditorem,
419 1901 488 1974 quia
513 1899 611 1958 anima
625 1904 669 1956 cst
693 1901 839 1975 sapientie
853 1918 900 1960 ca·
955 1902 1060 1973 potest,
1075 1904 1104 1955 et
1118 1900 1191 1956 sicut
1205 1899 1374 1974 quipngillo
1389 1903 1451 1958 vult
1465 1902 1530 1974 plus
1552 1900 1809 1974 comprehendere,

45 2008 110 2065 pax,
125 2007 274 2048 noncaro.
955 1988 1026 2045 nihil
1048 1988 1171 2061 prolicit,
1200 1993 1294 2045 tolum
1317 1989 1425 2063 quippe
1444 1990 1587 2047 decurrit:
1601 1990 1642 2046 sic
1669 1988 1739 2046 tides
1766 1993 1808 2044 cst

78 2081 170 2152 (lero.)
200 2081 316 2148 Animo,
352 2084 404 2136 etc
440 2079 580 2145 Quartum
616 2080 789 2138 sacrificium
819 2082 902 2140 oliert
955 2093 1090 2134 mensura
1103 2077 1230 2134 scientias
1245 2078 1306 2135 Dei.
1323 2079 1436 2138 Credere
1461 2083 1532 2136 enim
1558 2083 1662 2151 oportet
1685 2077 1809 2134 acceden-

47 2168 152 2224 nima.
178 2167 281 2224 Simila
310 2167 460 2224 Ecclesiam
486 2166 639 2239 significat,
669 2184 735 2242 qum
771 2169 807 2225 de
830 2171 902 2226 mul-
955 2166 1055 2223 temcd
1067 2170 1159 2236 ileum,
1175 2172 1200 2223 et
1215 2167 1288 2238 quod
1313 2183 1367 2225 nou
1390 2174 1429 2225 est
1449 2184 1489 2226 ee
1509 2168 1579 2243 fide,
1606 2172 1747 2241 peccatum
1767 2170 1807 2223 est

48 2256 81 2313 tis
111 2257 246 2330 persoms
268 2256 351 2330 quasi
398 2256 496 2327 granis
531 2260 575 2313 est
600 2257 726 2326 collecte,
764 2258 836 2331 legis
872 2264 902 2316 et
955 2256 1095 2331 (liebri).

49 2345 192 2417 Erangstii
205 2346 283 2402 mola
301 2345 379 2401 inter
403 2345 527 2402 litteram
548 2349 577 2402 et
602 2345 736 2418 spiritum
761 2352 900 2420 separata,
991 2344 1215 2411 Memoriale,etc
1233 2385 1240 2412 ,
1261 2344 1433 2417 cognitionis
1458 2344 1508 2401 liei
1533 2343 1689 2415 perlectam
1718 2343 1807 2399 scien·

50 2448 97 2506 por
110 2450 218 2506 aquam
233 2433 371 2507 baptismi
382 2433 517 2502 adunata,
541 2434 695 2492 chrismate
721 2442 860 2508 peruncto
873 2442 902 2492 et
954 2433 1035 2497 tiam,
1051 2433 1132 2503 cuijus
1146 2447 1287 2488 memores
1303 2433 1421 2504 erimus,
1436 2448 1501 2506 qum
1522 2447 1670 2504 nunquam
1683 2430 1805 2487 destrui·

51 2523 167 2578 solidata
180 2523 326 2593 spirituali
342 2523 409 2596 igos
423 2539 432 2590 ς
446 2539 500 2597 per
512 2521 704 2581 humilitatem
730 2525 762 2582 lit
787 2528 902 2598 accepta
954 2526 1002 2578 tur
1018 2537 1027 2591 ;
1043 2523 1228 2594 oleamque
1244 2537 1320 2578 nunc
1338 2527 1391 2594 eat,
1415 2539 1474 2579 non
1497 2525 1528 2578 ut
1547 2521 1731 2586 contrariam,
1759 2520 1807 2577 ds·

52 2611 146 2669 bestia.
954 2609 1048 2677 struit,
1064 2608 1113 2663 sed
1129 2613 1240 2680 partem
1258 2609 1406 2667 minimam
1431 2627 1491 2666 esse
1520 2625 1571 2682 per
1598 2608 1806 2681 plenitudinem

81 2699 256 2771 (oriolium
271 2701 298 2754 2.
314 2700 345 2754 iu
366 2699 430 2755 Les.
454 2701 569 2756 Animo.
588 2699 659 2766 ona
676 2699 783 2757 scilicet
796 2701 899 2757 neeri·
955 2714 1037 2755 snam
1050 2697 1175 2753 ostendit
1191 2714 1198 2752 ι
1212 2699 1358 2757 cumcuim
1372 2703 1475 2755 uenerit
1487 2698 1559 2769 quod
1573 2698 1724 2769 perfeetum
1755 2701 1804 2765 est,

54 2789 138 2844 tulum
155 2789 255 2853 habet,
271 2792 444 2858 etc.;uspue
469 2787 579 2845 edoleo
606 2788 711 2845 diriore
738 2788 899 2847 misericor·
953 2786 1129 2844 evacuabitur
1142 2787 1215 2857 quod
1228 2803 1262 2844 ec
1277 2793 1356 2859 perte
1368 2794 1408 2845 est
1418 2789 1440 2860 (l
1462 2789 1528 2843 Cor.
1548 2787 1618 2858 ιιιιι).

10 2902 12 2957 3
55 2876 282 2948 dierelgratim.
990 2877 1070 2931 Vens.
1084 2876 1110 2929 ³.
1127 2903 1162 2918 ·-
1181 2878 1218 2932 lle
1246 2880 1390 2949 sacrificio,
1419 2881 1472 2933 etc.
1489 2877 1583 2948 (isica.
1618 2878 1650 2931 in
1678 2871 1751 2946 Len.)
1769 2873 1807 2928 lle

85 2965 206 3037 llystiee,
225 2964 379 3037 signifieat,
409 2966 481 3021 sient
505 2964 560 3020 ibi:
585 2966 698 3022 Cuncta
719 2973 816 3022 anime
842 2980 936 3039 querc
954 2966 1004 3023 illa
1018 2964 1124 3020 scilicet
1134 2965 1259 3035 perlecto
1274 2972 1302 3023 el
1315 2966 1345 3023 in
1356 2966 1433 3023 coelis
1448 2964 1623 3034 abscondita,
1636 2964 1666 3020 in
1681 2962 1808 3021 Christo·

54 3056 174 3123 ιἰιριοιοε
197 3058 263 3110 suut
290 3069 350 3110 eum
368 3055 452 3112 Jacob
483 3057 513 3111 in
543 3055 705 3126 diruptum.
738 3060 792 3112 etc.
822 3056 899 3129 (Gen.
955 3072 1011 3131 qrre
1026 3053 1151 3126 reposita
1165 3056 1294 3125 scientia,
1308 3059 1339 3112 iu
1354 3072 1406 3126 quo
1435 3060 1499 3112 aunt
1516 3070 1604 3112 omncs
1632 3053 1754 3110 thesauri
1767 3061 1808 3107 su·

13 3168 18 3223 '.
55 3145 131 3214 ιιιι.)
148 3143 241 3199 Lucas
256 3147 351 3197 autem
366 3144 419 3198 ait:
441 3146 556 3200 lirumus
576 3150 667 3199 cutem
693 3159 784 3202 ornnes
803 3149 902 3203 enimes
953 3146 1064 3218 pientiae
1076 3147 1102 3200 et
1114 3146 1232 3201 scientiae
1247 3145 1401 3201 absconditi
1410 3145 1479 3218 (Oct.
1491 3143 1531 3216 ιι).

13 3226 18 3311 ξ
54 3234 154 3287 uacci
176 3231 300 3287 ducenta
325 3233 502 3302 septuaginta
524 3246 573 3287 sec
596 3231 669 3303 (Act.
698 3230 794 3303 xxvii).
833 3234 900 3290 i'or·
990 3236 1096 3306 Aaron,
1111 3238 1266 3292 montanus
1283 3233 1498 3305 interpretatur,
1520 3232 1550 3288 id
1576 3234 1628 3300 est,
1655 3229 1759 3285 altiora
1771 3227 1807 3286 de

55 3319 336 3392 silanperanimam,
357 3320 497 3376 Gentilem
522 3319 674 3392 signiilcat.
705 3321 797 3394 Supra
823 3323 900 3378 eninr
955 3324 1014 3380 lico
1029 3324 1193 3399 intelligens
1208 3339 1216 3392 ;
1232 3322 1276 3379 rel
1294 3337 1425 3390 arcanus,
1440 3321 1522 3394 quasi
1537 3321 1607 3377 inse
1639 3319 1733 3392 legem
1757 3316 1808 3375 nei

56 3407 110 3465 liliis
124 3409 215 3466 lsrael
227 3408 374 3481 praecepit,
388 3413 420 3463 ut
434 3407 570 3464 sacrificia
586 3409 722 3466 offerrent
745 3425 812 3466 curn
835 3427 901 3466 san·
954 3417 984 3470 et
1012 3414 1125 3489 eloquia
1149 3412 1281 3469 habens:
1308 3411 1354 3467 hic
1384 3409 1555 3467 sacrillcium
1576 3409 1680 3466 olicrrs
1704 3411 1807 3482 potest.

54 3498 141 3569 gaino.
160 3497 213 3553 llic
232 3501 327 3552 autem
349 3497 399 3569 qui
420 3501 464 3551 est
485 3495 547 3551 sine
575 3497 650 3568 lege,
673 3496 777 3552 ollerre
799 3498 900 3570 preci·
954 3501 1089 3559 Sanctum
1126 3505 1301 3569 sanctorum,
1331 3499 1422 3555 cstdc
1458 3498 1654 3556 oblationibus
1670 3497 1807 3554 llominm

13 3644 16 3649 ,
53 3586 136 3656 piens,
153 3601 216 3641 non
226 3585 295 3641 dicit
308 3585 407 3652 bomo,
418 3584 493 3640 sicut
517 3600 615 3656 supra,
639 3585 689 3642 sed
705 3587 809 3642 enimc.
829 3586 900 3642 Ani·
955 3591 1062 3663 partile
1072 3590 1151 3647 enim
1173 3595 1216 3646 esi
1235 3587 1312 3662 qnod
1334 3587 1478 3661 reliquum
1504 3592 1557 3652 est,
1583 3602 1683 3644 omnes
1713 3590 1809 3643 tomen

12 3704 15 3713 ·
53 3675 129 3730 malis
141 3677 206 3730 erat
220 3674 349 3743 Gentilis,
366 3690 424 3731 non
441 3673 604 3745 intelligens
615 3690 649 3729 ca
663 3691 728 3746 qua
747 3678 814 3730 srrnt
840 3675 898 3738 liei.
955 3679 1089 3735 scientias
1102 3694 1240 3752 superans
1253 3681 1282 3732 et
1308 3677 1342 3732 ad
1368 3677 1572 3750 perfectionem
1588 3677 1724 3732 exaltans.

53 3765 94 3820 scd
118 3767 241 3818 vocatur
279 3763 316 3818 ed
348 3763 522 3819 oblationem
560 3763 756 3819 misericordia
786 3763 845 3832 liei,
871 3771 902 3820 ut
991 3769 1071 3824 Vens.
1087 3769 1112 3823 i.
1132 3797 1166 3810 -
1187 3765 1255 3821 Cum
1271 3765 1401 3821 obtuleris
1422 3767 1599 3834 sucrificium,
1624 3766 1677 3820 etc.
1700 3763 1809 3835 (lucu,

10 3854 13 3863 '
53 3852 186 3925 percipiat
209 3853 351 3919 salntem,
383 3866 516 3924 cumpro
534 3852 657 3924 peccatis
675 3851 814 3908 socrillcia
840 3852 901 3910 dis-
955 3855 1228 3928 ibid.)Sacrillcium
1243 3853 1533 3924 Christuspronobis
1548 3851 1725 3907 immolatus.

53 3941 206 4014 punituri
228 3940 388 3996 nechabet
412 3957 495 3996 orem
521 3957 574 3997 nec
602 3956 728 4013 capram,
759 3935 901 4000 turturem
992 3947 1101 4004 coctum
1114 3951 1144 4000 iu
1167 3943 1273 3999 clibano
1304 3941 1434 4015 virginis,
1469 3940 1576 3996 scilicet
1595 3943 1687 3995 utero.
1717 3938 1813 3995 (ilibu-¹

52 4031 90 4086 rel
108 4029 274 4086 columbam
304 4029 406 4085 ollerre
438 4030 625 4103 praecipitum
652 4030 703 4102 qni
731 4046 784 4086 nec
814 4031 901 4087 habet
955 4049 1011 4090 nus
1026 4033 1221 4105 enimpancm
1236 4028 1356 4103 suscipit
1371 4033 1399 4084 et
1423 4029 1536 4101 ignem:
1564 4026 1604 4083 sic
1629 4029 1728 4082 uterus
1753 4023 1810 4079 rir-

52 4117 278 4189 illud,similam.
297 4119 360 4175 Non
370 4119 516 4191 animiam
542 4135 577 4175 ex
602 4119 748 4191 operibus,
775 4123 807 4174 ut
825 4135 901 4191 pau·
955 4121 1030 4194 ginis
1045 4136 1150 4194 panem
1163 4119 1240 4187 vitm,
1256 4118 1285 4175 id
1300 4122 1344 4175 est
1357 4117 1406 4175 liei
1430 4117 1561 4184 verbnm,
1585 4120 1613 4171 ct
1635 4115 1732 4186 ignem
1747 4112 1811 4185 Spi-

51 4224 98 4281 pcr
117 4207 283 4272 nautibus,
311 4207 361 4262 sed
392 4207 453 4263 sola
485 4208 648 4281 cognitione
673 4207 726 4265 nei
765 4208 899 4275 salvatur,
957 4208 1030 4266 ritus
1048 4209 1137 4264 sancti
1153 4208 1188 4264 de
1202 4208 1273 4264 coelo
1288 4205 1422 4281 suscepit.
1440 4205 1520 4263 Unde
1537 4223 1544 4262 z
1564 4207 1686 4276 Spiritus
1699 4205 1809 4260 sanctus

52 4313 111 4370 que
145 4296 215 4351 licet
244 4294 420 4367 principium
451 4296 488 4351 sit
522 4297 631 4365 salutis,
660 4299 757 4352 nmen
781 4296 849 4352 thus
875 4266 1171 4369 etDruperuenietin
1186 4302 1219 4363 te,
1237 4298 1379 4368 atelluc.
1402 4294 1433 4365 ι).
1456 4295 1486 4352 Si
1511 4310 1580 4366 ergo
1595 4293 1679 4350 oliers
1706 4305 1814 4346 munus

53 4387 158 4452 oleum,
196 4384 430 4456 supponendum.
466 4389 499 4440 ut
530 4385 623 4458 gratia
649 4387 684 4442 de
715 4385 904 4458 eleemosynis
959 4384 1164 4442 incarnationis
1179 4385 1295 4453 Christi,
1316 4401 1381 4458 quer
1410 4383 1484 4441 iacta
1498 4388 1541 4440 cst
1568 4383 1599 4439 in
1627 4383 1726 4437 ventre
1755 4377 1812 4434 rir-

53 4481 78 4531 el
96 4472 281 4531 erationibus
319 4472 482 4528 misceatur.
522 4473 600 4530 Unde
630 4474 750 4546 angelus
776 4473 810 4529 ad
836 4474 905 4530 Cor·
958 4473 1046 4547 ginis,
1057 4490 1116 4530 non
1131 4478 1172 4530 est
1186 4478 1335 4546 acceptum
1351 4474 1419 4544 ileo,
1450 4471 1506 4529 nisi
1521 4472 1557 4528 de
1583 4470 1689 4537 simila,
1724 4468 1813 4524 idest

55 4563 163 4620 ueliuru
201 4561 257 4617 ait:
300 4564 443 4621 Orationes
484 4566 536 4619 tua
571 4565 598 4617 rt
635 4563 808 4633 eleemosyna
853 4568 905 4619 tuu
959 4562 1079 4620 scientia
1097 4563 1141 4620 rel
1154 4562 1257 4620 notitia
1272 4562 1323 4619 liei
1336 4562 1395 4619 liat.
1423 4563 1462 4618 lle
1488 4562 1541 4617 hac
1557 4576 1586 4616 rc
1611 4558 1753 4630 siquidem
1772 4556 1814 4614 loe

53 4650 232 4708 umderuru
249 4649 287 4705 ud
301 4652 443 4706 boninum
467 4650 537 4711 lnce.
554 4651 591 4718 x).
622 4650 655 4706 ln
681 4650 766 4706 thure
790 4650 904 4706 interio·
959 4649 1103 4706 cntionem
1126 4649 1162 4704 ab
1189 4649 1325 4722 apostolis
1343 4653 1371 4705 et
1400 4665 1417 4705 a
1444 4647 1590 4722 prophetis
1627 4643 1811 4716 suscipimus,

52 4753 92 4795 res
106 4743 251 4795 curantur
265 4737 420 4811 passiones,
442 4741 471 4793 et
483 4737 563 4794 fumo
583 4737 645 4809 ejus
673 4743 812 4795 sanantur
829 4740 903 4795 oculi
959 4739 1050 4796 llerba
1078 4738 1274 4811 apostolorum
1297 4741 1363 4795 sunt
1392 4752 1490 4810 panes,
1519 4737 1622 4808 lagana
1657 4732 1812 4806 propbeta·

53 4843 81 4884 u
102 4827 279 4885 infirmitate
307 4828 505 4900 lacrymantes.
536 4825 633 4884 Oratio
660 4827 769 4901 quippe
797 4828 903 4885 animas
959 4842 1034 4884 rum.
1062 4827 1175 4895 Quanto
1198 4827 1276 4893 enim
1304 4843 1393 4901 panes
1414 4825 1532 4898 laganis,
1565 4823 1602 4879 ad
1622 4821 1811 4878 nutriendum

55 4916 198 4986 uniones
222 4918 313 4984 sanat,
336 4915 433 4970 oculos
458 4913 610 4971 interiores
647 4919 727 4972 curat
752 4914 788 4971 ab
819 4915 903 4988 igno·
959 4915 1094 4988 aptiores,
1105 4920 1217 4973 tantum
1241 4917 1410 4989 precellunt
1432 4915 1518 4971 rerba
1541 4913 1736 4985 apostolorum
1752 4925 1813 4968 uec·
1901 4952 1904 4957 .

55 5006 141 5062 tantia
157 5005 300 5077 lacrymas
327 5019 362 5060 ex
389 5002 560 5076 egritudine
580 5002 688 5076 peccati
717 5003 903 5060 accendentes
958 5006 1002 5064 bis
1017 5005 1230 5078 prophetarum.
1248 5005 1364 5078 Utrique
1378 5008 1472 5061 anum
1485 5001 1645 5076 azymieine
1670 5000 1812 5058 termento

55 5093 141 5167 sesti·
960 5093 1087 5152 scientim
1112 5095 1265 5150 saecrrlaris.
1296 5095 1420 5166 Utraque
1446 5095 1545 5147 tamen
1577 5091 1607 5147 in
1638 5090 1702 5146 olco
1729 5090 1814 5146 liunt·

81 5185 164 5240 Vnus.
194 5183 225 5236 t.
260 5208 297 5224 -
327 5181 421 5247 Filios,
464 5179 610 5235 ministros
644 5181 800 5250 Ecclesia,
835 5181 903 5255 quin
959 5181 1140 5239 concorditer
1153 5180 1231 5237 enim
1246 5180 1282 5236 ab
1295 5179 1351 5235 illis
1365 5181 1400 5235 de
1415 5179 1519 5237 Christi
1546 5176 1728 5234 miseratione
1749 5176 1814 5232 scri·

55 5271 190 5345 pluqoid
204 5269 363 5337 offerimus,
379 5284 443 5324 eum
461 5270 564 5325 sanclis
584 5270 714 5327 Ecclesiu
740 5270 903 5327 doctoribus
959 5277 1042 5343 ptum
1061 5274 1114 5337 est,
1147 5268 1216 5342 quie
1245 5268 1365 5340 apostoli
1389 5273 1418 5324 et
1438 5268 1586 5340 propheto
1623 5265 1811 5338 scripserunt,

55 5360 176 5417 conterre
187 5358 338 5415 debemus.
352 5357 430 5412 Unde
445 5357 549 5412 Paulus
576 5372 642 5413 curn
671 5358 809 5431 apostolis
835 5374 903 5414 con·
959 5361 1008 5416 sed
1037 5357 1161 5430 apostoli
1189 5357 1302 5430 plenius
1337 5356 1520 5428 scripserunt,
1554 5355 1605 5428 qui
1637 5355 1812 5427 completum

56 5448 114 5506 tulit
127 5447 330 5521 Erangetium,
345 5460 382 5502 ne
394 5444 425 5501 in
439 5461 561 5502 vacuum
575 5446 746 5503 cucurrisset
766 5447 831 5521 (dul
842 5491 848 5504 .
860 5447 901 5517 ιι).
959 5446 1157 5512 ostenderunt,
1168 5446 1244 5519 quod
1257 5444 1301 5502 illi
1313 5445 1485 5502 nuntiabant
1514 5445 1653 5502 futurum.

84 5538 205 5606 οιοηιιιι
235 5535 336 5591 ltnitas
364 5534 492 5591 Ecclesirc
517 5533 660 5608 pugillum
689 5534 792 5592 similer
816 5535 902 5607 tollit,
999 5535 1131 5606 maone.
1149 5534 1234 5592 Panis
1248 5535 1322 5592 latus
1338 5538 1366 5591 et
1380 5533 1483 5605 tenuis,
1500 5533 1550 5608 qui
1579 5533 1763 5607 prophetiam
1794 5546 1812 5589 c
