3892 6106
100 224 168 281 {son
659 219 788 278 GLUSSN
807 219 1064 281 0901111911-
1085 224 1147 283 tte.
1170 224 1279 284 leiAE.
1788 228 1857 285 tiro

131 353 168 407 Et
182 355 245 422 post
268 349 377 405 inultos.
395 347 559 405 Notandum
575 347 651 420 quod
674 363 733 402 uon
750 346 847 403 addit:
863 365 879 402 a
895 348 949 402 lio·
969 348 1062 405 ilius
1090 353 1143 414 est,
1167 353 1200 404 ut
1227 349 1332 416 rideat,
1347 352 1376 404 et
1398 350 1549 405 erubescat
1574 350 1609 405 de
1635 349 1718 405 maiis
1732 351 1801 408 suis.
1814 353 1857 410 ut
1888 364 1892 372 ’

99 439 178 494 mino
193 439 238 493 rel
253 437 289 492 ab
309 436 431 506 augelis,
447 440 514 503 etc,
529 450 614 506 usque
628 436 666 491 ad
680 436 758 507 quod
779 437 894 492 Domini
907 453 952 492 an
1004 452 1059 492 non
1077 438 1190 504 uidebit,
1206 439 1287 508 quasi
1308 438 1434 494 diceret:
1452 439 1486 493 ad
1512 454 1627 508 pennam
1652 439 1767 505 90111911,
1787 441 1856 512 quia

99 527 185 583 bitrio
201 526 369 582 derelictum
387 530 439 580 est.
1005 540 1064 579 non
1078 525 1183 581 uidebit
1196 542 1241 581 me
1260 526 1467 597 regnantemin
1481 526 1552 582 coelo
1569 543 1634 581 cnm
1651 528 1754 582 sanctis
1770 529 1852 583 meis.

133 618 216 671 Vens.
234 618 277 670 19.
301 645 336 655 -
351 618 386 671 m
408 614 551 669 erubescet.
577 613 656 669 Unde
670 616 801 667 creatura
827 611 949 684 ingenii·
1005 614 1087 670 Lxx:
1104 615 1253 681 Auferetur
1266 618 1378 685 impius,
1408 620 1500 670 utnon
1523 615 1616 671 uideat
1631 617 1783 671 claritatem
1796 619 1853 672 Dei.

98 705 194 761 scitet
221 703 355 775 parturit,
372 710 438 768 etc,
459 719 543 774 usque
565 702 603 757 ad
617 701 709 774 qualis
734 701 790 756 luit
804 702 947 757 Abraham
1039 703 1123 757 Vens.
1151 707 1192 758 11.
1218 733 1252 744 -
1276 705 1492 772 Canmndaeetur
1515 706 1641 759 zelantes.
1674 706 1753 760 ixx:
1770 707 1853 762 zelus

98 798 231 850 mortuus
246 792 277 848 in
293 798 439 847 senectute
453 791 539 847 bona.
1003 791 1350 862 apprehendetpopulum
1366 793 1552 847 ineruditum.

420 880 533 936 CAPUT
552 880 627 934 xit.
1040 879 1118 935 Vens.
1144 884 1184 934 te.
1201 912 1233 921 -
1251 883 1374 947 Domine,
1389 882 1478 936 dubis.
1496 881 1559 952 (ln.)
1584 882 1748 936 Notandum
1774 881 1852 953 qaod
1934 864 1942 877 ⁶

131 971 215 1026 Vens.
239 973 263 1026 1.
290 998 326 1010 -
348 971 445 1025 Amen.
463 969 568 1040 (ilcan.)
597 968 759 1033 imbricum,
788 983 846 1038 quo
872 983 948 1038 soepe
1002 970 1155 1038 postquam
1168 985 1255 1038 opera
1270 973 1365 1022 nostra
1379 968 1534 1024 reddiderit
1548 969 1637 1027 nobis.
1649 985 1746 1040 pacem
1763 969 1849 1024 ctiam

97 1059 241 1113 Dominus
265 1059 354 1112 utitur
383 1059 413 1114 in
430 1057 600 1128 Evangelio:
620 1059 708 1112 Amen
735 1072 823 1125 amen,
848 1055 876 1110 id
905 1060 948 1109 est
1003 1054 1121 1109 daturus
1135 1056 1181 1123 sit,
1198 1062 1228 1112 et
1250 1058 1326 1128 quod
1340 1058 1403 1111 ideo
1417 1057 1565 1126 postulent
1577 1073 1686 1128 pacem,
1703 1058 1772 1128 quia
1784 1075 1850 1129 ope·

95 1163 161 1201 rere
172 1163 238 1202 vere
253 1147 314 1202 dico
327 1147 412 1201 00119.
1002 1147 1080 1197 ratus
1099 1145 1135 1198 sit
1148 1145 1179 1198 in
1198 1145 1249 1200 eis.
1273 1145 1384 1213 Dicunt,
1402 1162 1443 1215 se,
1467 1146 1574 1201 scilicet
1588 1150 1743 1216 tormenta,
1769 1147 1852 1202 susti·

131 1238 215 1292 Vens.
245 1238 271 1290 2.
296 1264 333 1277 -
360 1236 472 1291 Ciuitas.
502 1234 606 1287 Eversa
631 1249 648 1286 a
675 1231 945 1298 Nabuchodonosor,
1001 1231 1107 1299 ussisse,
1124 1232 1707 1306 utpostmisericordiamconsequantur.

94 1325 231 1379 restituta
248 1328 320 1378 esta
337 1322 463 1387 Noomin,
486 1326 514 1376 et
527 1337 543 1375 a
557 1322 623 1376 iesu
651 1336 765 1374 summo
789 1319 943 1374 secerdote.
1035 1321 1116 1375 Vuns.
1136 1325 1176 1378 19.
1195 1352 1225 1363 -
1254 1325 1374 1389 Dareine,
1390 1324 1575 1392 possederunt.
1599 1324 1662 1393 (lo.)
1687 1325 1848 1389 namanes,

93 1415 199 1469 Erersu
224 1411 408 1472 aliomanis,
426 1409 558 1465 restituta
586 1414 629 1464 est
657 1407 779 1463 abAElio
802 1408 944 1475 Adriano;
1000 1424 1073 1479 quos
1100 1409 1131 1463 in
1159 1410 1244 1464 idolis
1278 1411 1427 1465 coluimus.
1457 1412 1540 1467 Lllll:
1568 1415 1679 1467 Domine
1719 1418 1798 1467 estro
1825 1417 1850 1466 te

93 1501 143 1555 sed
161 1500 263 1554 nonin
279 1500 380 1555 eodem
397 1498 699 1561 loco,necinstatum
715 1496 878 1565 pristinum.
1000 1499 1132 1553 nescimus
1160 1500 1255 1560 alium,
1293 1516 1349 1554 non
1379 1500 1507 1554 absolute
1532 1502 1627 1567 ulium,
1643 1501 1691 1555 sod
1713 1504 1846 1556 astrata:

129 1590 206 1643 Elin
220 1591 423 1658 sempiternum.
448 1586 508 1657 (lo.)
525 1587 559 1641 Ut
574 1584 651 1639 milla
666 1600 808 1638 annorum
824 1599 944 1654 regnum
962 1631 980 1684 B
1001 1586 1172 1640 Paterenim
1185 1587 1215 1641 in
1230 1587 1311 1651 Filio,
1327 1593 1356 1642 et
1371 1587 1457 1642 Filius
1473 1587 1502 1642 in
1519 1590 1611 1644 Patre.

93 1681 124 1731 et
134 1692 231 1731 aureae
244 1678 403 1748 ierusalem
418 1673 872 1745 9139901910]10191990100091.
1038 1677 1153 1730 Tardum
1165 1678 1194 1730 in
1219 1680 1243 1730 te
1258 1676 1436 1730 recordamur.
1453 1678 1515 1748 (lu.)
1541 1678 1603 1732 Nou
1619 1676 1697 1732 aliud
1712 1676 1847 1748 petimus,

131 1765 212 1820 Vens.
233 1768 275 1820 ru.
296 1795 331 1806 -
359 1765 398 1819 Et
412 1762 590 1818 triturabitur
614 1761 703 1828 lioab,
726 1762 854 1832 910110.)
869 1761 946 1816 Licet
1000 1762 1055 1817 uisi
1069 1768 1102 1818 ut
1119 1768 1183 1834 post
1206 1779 1316 1819 errores
1332 1763 1412 1836 digni
1425 1765 1524 1834 simus,
1543 1766 1592 1836 qui
1607 1765 1734 1820 nominis
1747 1764 1790 1820 tui
1804 1781 1847 1820 re·

94 1854 270 1924 generaliter
296 1854 331 1909 de
360 1851 610 1907 consummatione
637 1849 739 1905 mundi
767 1849 944 1921 loqueretur,
999 1851 1162 1905 caedamur.

92 1949 160 2009 etc,
177 1958 262 2012 usque
275 1943 313 1997 ad
330 1958 382 2013 por
396 1942 477 1996 Moab
489 1941 579 2012 igitur
594 1944 671 1995 recte
686 1938 874 2010 intelligimus
884 1938 944 1993 dia·
1033 1940 1183 1995 Perdidisti
1198 1955 1310 1995 omnem.
1340 1941 1405 2012 (ln.)
1431 1942 1509 1997 LXX:
1533 1942 1718 1997 Nesoulinum
1735 1958 1845 2008 eorum,

91 2031 193 2087 boiam
209 2032 276 2086 tiliis
292 2031 341 2085 liei
357 2028 690 2100 semperudrersarium.
998 2031 1063 2093 etc.,
1091 2044 1176 2097 uscue
1197 2028 1235 2082 od
1262 2029 1402 2084 memoria
1429 2030 1618 2085 masculinum
1643 2030 1847 2100 interpretatus

129 2121 221 2175 Putea
253 2122 283 2174 in
312 2121 446 2188 plaustro.
484 2117 605 2172 Formiis
645 2115 780 2188 plaustris
813 2117 944 2169 teruntur
998 2120 1041 2171 est
1068 2121 1168 2170 contra
1192 2114 1282 2170 illud:
1304 2117 1392 2171 Nolite
1405 2133 1506 2182 errare,
1530 2121 1598 2172 licus
1622 2134 1675 2173 non
1704 2118 1845 2173 irridetur.

91 2209 194 2281 paleoe,
204 2213 237 2264 ut
246 2224 293 2262 aas
302 2207 412 2262 lucilius
423 2206 558 2261 animalia
572 2209 600 2259 et
613 2209 732 2275 pascant
741 2209 770 2260 91
780 2204 942 2273 ruminent.
1033 2204 1113 2259 Vens.
1132 2206 1174 2258 15,
1188 2233 1223 2244 -
1250 2204 1390 2273 Numquid,
1419 2204 1482 2258 Non
1508 2205 1708 2274 poenitentiam
1734 2205 1803 2276 egit,
1819 2211 1847 2260 et

405 2295 517 2350 CAPUT
544 2295 632 2350 XXVI.
996 2293 1051 2348 hoc
1069 2298 1129 2347 cst:
1146 2293 1289 2362 Numquid,
1306 2297 1372 2360 etc,
1389 2293 1471 2362 quasi
1498 2293 1622 2347 diceret:
1648 2293 1790 2349 Securitas
1801 2311 1848 2350 uc·

129 2384 211 2439 Vens.
231 2387 253 2437 l.
275 2412 309 2424 -
337 2385 368 2438 ln
382 2383 427 2437 die
450 2383 511 2449 ilia,
537 2388 590 2438 alc.
620 2381 691 2452 llo.)
718 2382 775 2435 Hoc
807 2381 841 2436 ad
871 2398 942 2451 proe-
996 2381 1666 2453 gligentiam,negligentiacontemptumperil.

90 2477 204 2527 sentem
225 2469 377 2526 Ecclesiam
395 2474 491 2541 potest
503 2470 614 2537 reterri,
638 2469 717 2524 etad
732 2470 808 2524 diam
829 2469 941 2540 judicii.
1032 2471 1116 2526 Vens.
1139 2473 1179 2525 18.
1197 2501 1229 2511 -
1245 2471 1284 2525 El
1297 2473 1460 2540 peperimus.
1477 2470 1531 2525 Alii
1546 2470 1727 2539 distinguant
1739 2468 1792 2523 sic:
1813 2471 1846 2525 iit

93 2562 177 2616 Nunc
206 2559 328 2614 Ecclesia
368 2559 513 2614 cauticum
541 2574 647 2613 norum
684 2563 797 2613 contat:
838 2559 943 2614 Christi
995 2560 1149 2628 peperimus
1159 2561 1296 2627 spiritum,
1317 2561 1432 2614 salutem
1446 2560 1623 2624 confecimus
1637 2562 1666 2612 tn
1680 2563 1763 2612 terra.

92 2649 283 2716 nativitatem,
317 2647 489 2718 passionem,
528 2647 778 2714 resurrectionem,
802 2646 943 2700 ascensio-
1032 2646 1186 2716 Spiritum:
1204 2648 1300 2715 salute,
1319 2652 1370 2701 etc.
1389 2648 1422 2701 Ut
1438 2652 1497 2702 toto
1522 2651 1617 2701 mente
1641 2646 1800 2705 credamus.
1817 2648 1846 2699 et

93 2753 176 2792 nem.
209 2737 294 2791 Vetus
321 2750 447 2808 namque
474 2740 516 2790 est
553 2735 704 2807 antiquum
733 2734 881 2790 homiuem
907 2735 943 2789 ad
997 2750 1050 2805 per
1079 2751 1165 2806 quem
1188 2735 1327 2789 beneficia
1356 2751 1414 2790 non
1441 2735 1590 2800 sensimus,
1617 2751 1669 2804 per
1705 2738 1845 2788 tormenta

93 2825 210 2881 interna
228 2825 417 2893 descendere;
446 2824 614 2890 novam,ad
642 2824 746 2879 coelum
779 2822 940 2877 ascendero.
997 2820 1151 2877 discamus.

134 2913 403 2981 Urbrsorlitudinis.
435 2913 494 2968 Vox
522 2913 724 2984 justorum,et
744 2927 831 2979 nunc,
861 2915 889 2966 et
913 2904 978 2965 inc
1035 2912 1105 2965 Vens
1147 2912 1242 2964 21-
1270 2911 1408 2967 uerrendis
1436 2916 1518 2965 terro.
1545 2911 1608 2981 (ln.)
1636 2909 1754 2966 Terreni
1777 2914 1846 2964 tuuc

92 3003 204 3058 futuro.
1000 3014 1058 3052 non
1085 3002 1221 3068 poterunt
1247 3000 1338 3053 celera
1366 3015 1438 3070 quos
1477 2999 1653 3064 occiderunt,
1682 2998 1750 3071 quia
1777 3001 1846 3052 tunc

131 3092 253 3146 vensi.
281 3118 311 3131 -
339 3090 563 3159 iperiteportus.
580 3089 638 3142 Hoc
668 3086 944 3158 canticumrepeute
999 3085 1758 3157 omnisaperta3reiteresquaesuscepitsanguinem
1769 3101 1844 3140 mar·

96 3182 347 3249 mritatpersonas.
999 3178 1094 3246 tyrum
1109 3181 1137 3230 et
1150 3175 1274 3245 operuit,
1289 3179 1357 3229 tunc
1372 3176 1543 3230 revelabitur
1556 3176 1672 3248 quando
1682 3179 1842 3247 resurgent.

130 3270 236 3323 Portas.
265 3265 406 3332 lustitise3
432 3265 527 3320 unde:
555 3266 666 3334 Aperite
687 3265 756 3318 milei
782 3268 875 3333 portus
900 3265 944 3332 ju·
1303 3263 1417 3319 CAPUT
1435 3265 1537 3320 xxvii.

94 3358 184 3411 rtitiae.
214 3356 308 3410 Portis
335 3355 401 3409 ritce
416 3358 444 3408 et
456 3353 585 3425 justitiae,
615 3359 681 3415 etc„
697 3367 781 3421 usque
797 3353 835 3407 ad
851 3356 879 3406 91
894 3368 944 3422 per
1034 3351 1114 3405 Vens.
1132 3354 1159 3405 l.
1174 3380 1208 3391 -
1223 3351 1375 3421 iudiciiin,
1390 3359 1443 3407 etc.
1461 3354 1659 3423 (lniTraduut
1669 3351 1780 3408 Hebraei
1791 3351 1846 3407 dia·

95 3445 200 3500 maritus
221 3447 318 3516 portas
332 3443 367 3498 ad
386 3459 453 3498 cum
467 3442 518 3513 qui
532 3441 618 3497 dicit:
642 3443 722 3496 Nemo
744 3444 817 3497 uenit
830 3441 866 3495 ud
881 3442 943 3496 Pa·
998 3439 1108 3505 bolum,
1120 3444 1184 3501 etc..
1195 3455 1279 3509 usque
1291 3440 1329 3493 ad
1344 3447 1376 3494 ul
1386 3440 1659 3512 inducaturgledius
1670 3456 1756 3511 super
1766 3456 1844 3497 eum.

94 3538 164 3588 nean
177 3534 233 3587 nisi
244 3547 293 3601 per
306 3548 348 3586 me
361 3531 448 3601 (loon.
465 3533 530 3596 rivi.
1038 3530 1150 3583 Vectem.
1167 3528 1271 3599 (licen.)
1293 3529 1368 3584 billi:
1395 3530 1567 3600 Fugitivum.
1597 3530 1675 3584 Tunc
1702 3528 1779 3583 euim
1804 3528 1846 3584 lu·

131 3621 210 3677 Vens.
241 3624 266 3676 9.
303 3649 338 3661 -
360 3622 464 3675 Pacem.
496 3621 557 3691 (ln.)
584 3618 726 3690 Repetitio
763 3619 944 3675 confirmatio
999 3617 1067 3689 giet,
1085 3621 1152 3682 etc,
1183 3632 1266 3686 usque
1293 3617 1331 3671 ad
1359 3634 1476 3688 serpens
1500 3623 1606 3680 autem,
1635 3617 1702 3689 quia
1729 3616 1847 3671 iusidias

96 3718 148 3763 est.
163 3709 240 3762 ilanc
263 3707 350 3762 habet
372 3708 420 3763 ille
446 3708 554 3777 dequo
571 3708 692 3762 dicitur:
720 3710 802 3762 ilomo
821 3711 897 3762 tromo
911 3712 944 3776 d·
1000 3705 1270 3760 molliteriniuudit.

96 3797 195 3850 tiorum
223 3796 307 3850 lsrael
335 3794 447 3865 (Ezecb.
467 3794 539 3864 na);
556 3798 585 3848 et
610 3789 693 3848 aiibi:
725 3796 773 3848 Vir
801 3796 845 3847 cir
867 3796 945 3862 cujus
1036 3795 1136 3850 Cotum.
1169 3791 1287 3856 liobraei,
1306 3793 1431 3857 Tanuiu3
1462 3792 1537 3845 unda
1559 3791 1668 3846 Hebraei
1683 3789 1848 3846 fabulaban-

96 3900 168 3939 uuor
194 3884 281 3938 cubile
303 3884 484 3939 maculaverit
502 3882 592 3952 (llum.
620 3882 657 3950 a),
681 3888 712 3936 ut
741 3882 844 3953 duplex
859 3884 945 3936 homo
1000 3880 1214 3935 turieviathen
1242 3880 1372 3935 habitare
1391 3880 1573 3934 subterrant
1597 3879 1626 3933 in
1650 3879 1848 3947 ethereum-

97 3976 126 4027 et
138 3972 242 4042 duplex
253 3972 295 4027 air
309 3988 408 4042 pacem
418 3975 610 4042 consequatur
623 3971 777 4041 duplicem.
1000 3970 1052 4025 niu
1067 3986 1133 4023 vero
1149 3969 1178 4022 in
1192 3968 1278 4022 mari.

135 4061 214 4115 Vens.
239 4063 266 4114 6.
294 4091 328 4101 -
344 4060 514 4117 conculcabit
541 4075 600 4114 eam
624 4076 682 4130 pes,
708 4069 761 4114 ete.
785 4059 857 4124 Ouio
880 4063 944 4115 019-
1035 4060 1155 4114 19909.
1171 4088 1206 4097 -
1224 4059 1309 4111 Vinea
1332 4059 1400 4111 meri
1415 4055 1548 4111 cantabit.
1569 4055 1619 4109 cni
1634 4054 1771 4109 ieremias
1783 4067 1848 4122 pro-

97 4150 141 4203 nir
164 4151 213 4219 qui
236 4164 264 4203 se
288 4151 393 4204 manat
407 4149 597 4202 humiliabitur
622 4150 698 4218 (Luc.
727 4154 761 4217 r).
790 4149 880 4202 litium
908 4150 943 4202 ad
961 4181 982 4234 D
1002 4146 1208 4217 pinntealioem
1227 4145 1463 4200 meracissimum.
1489 4145 1597 4200 ilerum
1616 4145 1720 4199 Graes:
1742 4155 1848 4212 purum
1898 4198 1906 4207 ,

98 4235 255 4289 contrarias
271 4235 523 4290 fortitudineshaec
537 4236 644 4292 referre
658 4252 819 4308 possumus.
1005 4236 1114 4292 Latine.

134 4323 301 4391 Eumaeum.
327 4324 433 4395 (lirun.)
446 4324 659 4394 Apostolorum,
684 4342 756 4397 qsios
777 4325 950 4396 expulerunt
1039 4326 1119 4378 Vens.
1148 4328 1223 4378 5,-
1255 4323 1427 4392 Anpotius?
1452 4324 1511 4379 Vox
1538 4323 1628 4378 Petris
1652 4318 1847 4382 deliberative,
1902 4370 1905 4376 .

97 4411 189 4467 ludaei
202 4412 237 4466 de
250 4411 356 4467 tinibus
369 4412 438 4479 suis,
453 4412 514 4485 qui,
542 4413 654 4468 Domini
667 4412 814 4468 imitantes
830 4429 948 4485 puaper-
1003 4417 1069 4479 010,
1081 4427 1166 4482 usque
1188 4413 1225 4467 ad
1240 4411 1288 4484 qai
1312 4428 1370 4466 nou
1383 4417 1450 4466 suut
1473 4411 1572 4466 salvati
1587 4410 1754 4465 ariotorilate
1766 4405 1847 4477 legis.

98 4504 187 4553 tatem
202 4499 384 4571 privilegium
400 4501 522 4567 ainans,
538 4501 599 4570 ejus
610 4501 755 4556 consecuti
765 4507 843 4556 suut.
1040 4502 1119 4555 Vsus.
1136 4504 1162 4553 6.
1174 4531 1208 4541 -
1219 4503 1311 4567 lsrael,
1329 4501 1357 4554 id
1375 4503 1548 4573 estpopulus
1561 4498 1724 4554 iudaeorum
1735 4509 1850 4550 conver-

135 4586 219 4641 Veus.
239 4589 264 4640 9.
288 4617 316 4626 -
337 4587 950 4655 11919901990119019990011010.1100091ος
1005 4604 1062 4650 sus,
1079 4587 1318 4645 aidensdoctrina
1334 4589 1587 4644 tiliorumsuoram
1600 4586 1696 4641 orbem
1710 4583 1849 4640 tloruisse.

100 4673 196 4727 uude:
211 4675 304 4729 Sitiuit
319 4690 413 4728 acrama
426 4689 485 4728 mea
497 4674 738 4744 admensuratae
751 4693 843 4732 uiuum
858 4677 948 4748 (Paul
1041 4679 1120 4733 Vens
1147 4681 1236 4733 9.-
1266 4679 1378 4734 idcirco.
1405 4678 1492 4744 Otiosi
1515 4678 1639 4733 dicarat:
1666 4675 1727 4730 ideo
1754 4672 1849 4727 dimit·

99 4765 168 4833 1nr).
179 4763 247 4819 Coro
261 4765 425 4832 cormupiscit
439 4763 708 4834 adcersusspiritum
724 4765 843 4836 (Gal.)
815 4783 852 4819 e.
1005 4771 1077 4821 tetur
1100 4769 1231 4837 iniquitas
1246 4768 1339 4823 domui
1361 4768 1460 4823 iacob:
1479 4773 1507 4823 et
1535 4771 1638 4822 certare
1659 4765 1775 4835 propter
1794 4776 1852 4814 me·

138 4850 218 4904 Vnus
237 4852 344 4905 to.-
370 4853 559 4908 Nisereumur.
588 4853 652 4920 (lu.)
674 4854 812 4909 Dominus
827 4854 864 4910 ad
887 4870 952 4926 pro·
1007 4854 1060 4910 reta
1075 4856 1183 4911 scilicet
1202 4858 1410 4928 apostolorum,
1425 4873 1475 4928 qur
1488 4872 1539 4928 per
1553 4852 1693 4909 mundum
1707 4850 1851 4905 idolorum

101 4937 237 5009 phetam.
252 4941 297 4993 An
319 4955 506 4994 misereamur
519 4956 619 5011 impio
636 4941 675 4995 ria
693 4942 832 5009 utdsscat
845 4943 952 4998 seilicet
1006 4944 1363 5001 alteriacomminuarnnt

100 5026 414 5096 crementiam-meam,
439 5029 538 5083 dum'
531 5044 592 5100 ipsa
619 5030 952 5102 salvaturiquas1,hoc
1043 5034 1123 5089 teas.
1152 5039 1193 5089 11.
1214 5064 1246 5075 -
1266 5035 1455 5088 Corrterentur.
1485 5032 1548 5104 (10.1
1566 5029 1644 5086 Sicut
1671 5027 1793 5083 Delbora
1817 5023 1855 5090 ad

101 5113 206 5168 melius
220 5120 272 5169 est.
1007 5121 1113 5178 bellum
1130 5124 1181 5178 ivit
1195 5128 1223 5177 et
1236 5122 1374 5193 populum
1386 5123 1422 5178 ad
1432 5118 1621 5193 ignominiam
1632 5113 1854 5188 Ι1ιι(119010191]’0-

138 5202 241 5257 Etuon
261 5203 346 5258 discet
369 5204 473 5272 justus,
497 5208 550 5258 010.
566 5205 652 5270 Quasi
667 5205 787 5260 diceret:
804 5207 952 5272 Quomodo
1007 5210 1129 5278 dicavit;
1151 5217 1179 5266 et
1192 5211 1360 5266 imminente
1375 5211 1574 5266 Chaldaeorum
1596 5204 1769 5278 captivitate,
1787 5201 1855 5255 viris

99 5290 211 5362 poterit
226 5307 308 5346 nosse
324 5291 560 5363 tuamjustitiam‚
578 5297 711 5366 expertus
725 5300 805 5350 tuam
825 5297 951 5353 elemen-
1007 5305 1167 5359 tacentibus
1183 5305 1252 5360 olda
1269 5304 1472 5376 prophetarit:
1488 5302 1526 5356 sic
1553 5297 1722 5355 imminente
1736 5292 1854 5367 captivi-

100 5378 198 5432 tiam?
1006 5395 1064 5447 tato
1080 5393 1288 5460 Romanorum,
1304 5390 1457 5447 veniebant
1486 5390 1558 5444 torte
1574 5386 1710 5443 mulieres
1724 5388 1754 5439 et
1774 5381 1856 5437 doco-

141 5466 182 5519 Et
197 5483 249 5521 non
268 5468 380 5524 uidebit.
398 5469 536 5524 Dominus
550 5471 584 5526 ed
599 5472 781 5544 prophetam,
797 5475 879 5546 quasi
894 5493 952 5532 me·
1008 5481 1078 5535 hant
1098 5495 1155 5538 eos.
