3892 6106
92 254 146 307 767
400 249 597 306 waharntut
616 250 740 306 suntet
760 247 863 306 tutu.
884 246 967 303 ltott.
986 247 1062 305 OPP.
1084 246 1171 304 PARS
1189 249 1210 303 i.
1230 277 1266 287 -
1284 246 1513 304 theonostus.
1798 247 1847 303 768

126 373 191 428 «Et
199 372 230 426 in
253 371 364 445 angelis
377 371 436 426 suis
459 371 568 443 reperit
591 371 770 443 pravitatem.
786 390 801 422 s
815 370 855 425 Ex
870 371 981 443 quo-h
999 370 1034 425 ed
1057 369 1181 442 gloriam
1204 386 1305 426 eorum
1329 374 1475 441 sequatur,
1502 367 1727 441 prosperitatem
1751 383 1849 423 eorum

91 477 155 517 rum
170 462 382 533 comparatione
396 459 689 515 infirmitashumana
709 460 861 533 colligitur.
997 459 1155 529 reprobant
1185 459 1293 515 statim.
1316 459 1452 514 lntirmns
1484 473 1551 513 cum
1586 457 1728 529 qualitate
1756 472 1850 512 rerum

127 550 266 615 «Quanto
296 548 386 620 magis
400 549 431 603 hi
458 549 508 620 qui
532 548 664 604 habitant
691 549 791 604 domos
810 551 940 604 luteas.»
997 554 1137 615 mutatur,
1153 549 1223 604 dum
1243 548 1321 603 videt
1343 546 1617 618 prospera,landat,
1646 546 1717 602 dum
1738 551 1851 600 mutan·

91 637 201 710 (Gneo.)
228 637 322 692 idest
345 638 694 708 terrenacorpora,etc.',
721 653 807 707 usque
825 638 943 693 adcon-
996 641 1054 704 tur,
1097 637 1169 692 nihil
1197 654 1258 693 esse
1287 637 1412 708 judicat:
1445 635 1497 691 sed
1534 635 1636 691 tlrmus
1680 650 1750 690 cum
1793 633 1852 706 ipsa

91 726 214 797 spiciunt
227 726 301 779 curis
320 724 416 780 saeculi
431 726 562 797 occupati
578 742 585 793 ;
602 726 679 782 uude
704 726 816 782 subdit:
996 727 1089 798 gloria
1103 742 1219 798 poenam
1243 726 1403 782 considerat
1429 729 1610 796 sequentem,
1640 727 1671 778 et
1686 739 1756 779 mox
1769 722 1851 779 dam·

127 814 211 868 Vens.
230 816 274 868 20.
290 844 325 854 -
347 814 385 868 lle
408 829 492 868 mane
525 829 617 885 usque
634 813 670 869 ad
697 830 887 884 vesperam.»
912 813 943 868 ld
996 820 1056 872 nat.
1072 816 1127 872 Sed
1155 816 1205 887 qui
1232 815 1413 888 proficientes
1440 815 1473 870 in
1498 813 1606 870 mundo
1633 813 1744 869 multos
1758 827 1852 868 meum

93 907 145 968 est,
161 902 255 956 avitae
270 918 329 957 suae
353 901 470 956 exordio
489 918 580 972 nsque
608 902 643 958 ad
669 903 825 958 terminum
840 918 944 974 perpe·
996 905 1125 972 trahunt,
1141 904 1256 960 subdit:

92 989 216 1044 tratione
231 988 391 1060 iniquitatis
405 990 632 1058 vulnerantur,a
649 1007 707 1062 qua
721 990 822 1046 succisi
835 991 866 1046 in
879 1007 945 1062 pro·
1032 993 1113 1047 Vens.
1128 993 1155 1046 4.
1171 1021 1207 1034 -
1223 1013 1238 1041 α
1262 992 1358 1063 Longe
1381 991 1452 1046 fient
1476 989 1529 1045 lilii
1545 990 1620 1061 ejus.
1643 1007 1657 1040 ι
1677 988 1710 1045 ld
1738 991 1792 1053 eat.
1808 1005 1850 1045 se-

91 1078 215 1134 lundum
230 1083 327 1132 ruunt.
997 1096 1114 1154 quaees.

128 1165 226 1237 (ibid.)
247 1167 296 1221 Vel
328 1183 423 1231 mane,
455 1168 647 1238 prosperitas,
671 1184 799 1241 vespera,
822 1168 944 1223 adversi·
1035 1192 1049 1221 o
1064 1171 1096 1225 ln
1112 1174 1205 1240 porta.
1225 1190 1239 1219 ι
1262 1168 1358 1239 (lota.)
1387 1165 1569 1238 Portaregni
1597 1171 1642 1221 est
1666 1165 1729 1222 dies
1740 1164 1851 1237 iudicii,

93 1258 156 1323 tas;
174 1256 224 1310 sed
245 1261 461 1326 perutrumque
485 1260 617 1326 pereunt,
650 1257 718 1328 quia
737 1274 789 1328 per
807 1273 946 1329 prospera
997 1259 1029 1314 in
1044 1274 1102 1330 quo
1117 1257 1200 1313 electi
1214 1256 1325 1311 intrant
1339 1256 1376 1311 ad
1391 1255 1522 1327 gloriam,
1542 1260 1610 1310 ante
1624 1270 1714 1327 quem
1731 1253 1785 1310 tilii
1798 1254 1851 1309 hu-

93 1343 203 1412 lascivr,
223 1361 275 1416 per
295 1344 412 1400 adversa
440 1344 626 1416 impatientes
646 1346 682 1401 ad
714 1345 855 1401 insaniam
879 1362 944 1400 sur·
996 1349 1044 1421 juta
1059 1346 1239 1402 mundielati
1253 1350 1330 1414 sunt,
1346 1344 1395 1399 sed
1410 1349 1684 1399 tunoconterentur.

94 1437 176 1504 gunt.
190 1434 224 1487 Et
236 1433 305 1504 quia
327 1433 424 1488 nullus
443 1450 554 1501 eorum,
579 1434 726 1493 scilicet«
749 1435 800 1508 qui
814 1435 849 1489 de
860 1450 945 1490 mane
982 1478 992 1501 ,
1035 1438 1117 1491 Vens.
1136 1436 1289 1491 5.-«Et
1307 1450 1365 1489 non
1387 1433 1505 1506 eritqui
1532 1440 1626 1489 eruat.
1645 1430 1856 1504 u(lbid.l0nia

95 1537 187 1593 usque
211 1521 247 1576 ad
278 1538 426 1592 vesperam
454 1522 665 1578 succidentur»
695 1523 841 1595 intelligit,
875 1523 946 1596 quid
1000 1525 1065 1580 illos
1092 1524 1133 1580 ibi
1156 1522 1261 1578 ueritas
1284 1522 1380 1594 eripit,
1411 1537 1483 1594 quos
1506 1521 1553 1576 hio
1590 1536 1641 1595 por
1669 1519 1854 1591 disciplinam

95 1610 179 1665 bonis
202 1610 314 1665 afflictis
338 1610 385 1665 hio
407 1615 546 1678 seruetur,
578 1611 648 1683 quid
670 1612 725 1666 sibi
746 1612 876 1667 futurum
896 1612 946 1684 qui
962 1652 983 1708 B
1002 1614 1120 1687 pretnit.

96 1697 143 1753 hic
158 1698 365 1770 bonaputant.
384 1697 440 1754 Sed
462 1698 530 1770 quia
556 1714 614 1755 non
631 1714 731 1756 omnes
758 1699 946 1756 sicdesernu·
1038 1703 1155 1774 «Cujus
1170 1715 1303 1756 messem.
1320 1721 1334 1750 ι
1365 1699 1456 1755 flabat
1470 1698 1593 1771 quisque
1620 1698 1733 1755 donum
1748 1695 1856 1752 intelli·

93 1793 153 1855 tur,
167 1787 264 1843 subdit
279 1804 286 1842 :
1001 1791 1117 1865 gentise,
1131 1806 1187 1862 quo
1203 1794 1281 1845 recta
1293 1787 1429 1860 intelligit
1442 1792 1471 1843 et
1482 1787 1552 1843 dicit
1567 1804 1574 1842 :
1591 1787 1645 1844 Sed
1659 1786 1730 1859 quia
1754 1785 1857 1841 eadem

143 1874 226 1940 «Qui
249 1879 345 1930 autem
369 1874 474 1947 reliqui
496 1875 613 1932 luerint.
638 1895 653 1930 u
683 1877 712 1932 ld
735 1881 788 1945 est,
822 1877 948 1949 despecti
1001 1885 1148 1935 nonamat
1162 1895 1214 1935 nee
1233 1878 1339 1947 lacit,a
1365 1893 1457 1933 messe
1486 1892 1574 1948 qnam
1600 1876 1699 1943 habet,
1725 1875 1856 1948 jejunam

97 1963 209 2033 mundi,
240 1964 462 2035 quossteoulum
484 1970 517 2019 ut
530 1964 665 2036 indignos
679 1966 806 2037 reliquit,
834 1970 866 2021 ut
875 1982 949 2038 puer
1001 1971 1050 2025 sad
1075 1968 1126 2041 qui
1151 1967 1240 2023 esurit
1259 1966 1401 2039 justitiam
1429 1966 1465 2022 ab
1497 1965 1548 2020 illo
1570 1965 1690 2022 audiens
1713 1968 1804 2035 recta,
1828 1978 1857 2018 se

97 2052 257 2124 AEgyptius,
281 2052 309 2107 id
343 2057 395 2120 est,
422 2057 534 2107 amator
567 2053 674 2121 saculi,
703 2053 825 2126 peccatis
854 2054 947 2126 niger,
1001 2058 1103 2122 reficit,
1120 2056 1195 2112 unde
1209 2073 1242 2111 :e
1273 2056 1343 2121 Qun
1369 2055 1478 2125 dicunt,
1502 2053 1585 2109 facite
1600 2054 1712 2123 (Mettis
1737 2057 1856 2118 utut.»

97 2157 204 2211 soepea
229 2142 332 2196 saeculo
369 2142 519 2213 despectus
546 2142 728 2214 relinquitur,
749 2148 860 2198 utnon
882 2159 948 2197 cum
1039 2147 1102 2200 «Εἰ
1117 2146 1210 2218 ipsum
1226 2144 1318 2216 rapiet
1343 2148 1509 2199 armatus.»
1532 2142 1633 2213 (ibid.)
1662 2141 1803 2197 Diabolus
1825 2146 1857 2197 ut

97 2245 131 2285 eo
150 2235 255 2298 currat,
287 2231 335 2285 sed
371 2231 477 2286 tractus
510 2231 635 2286 adversis
656 2237 777 2302 torpeat.
800 2231 854 2287 Sed
873 2232 949 2287 hunc
1001 2234 1120 2290 inermis
1133 2233 1264 2302 vincitur,
1283 2249 1348 2288 cum
1359 2236 1459 2305 aperta
1472 2231 1549 2308 mala
1562 2246 1733 2304 suggerens,
1757 2229 1857 2285 omnia

98 2318 197 2387 David,
210 2318 239 2374 id
253 2324 306 2388 est,
323 2319 460 2387 Christus,
475 2319 595 2386 invenit,
619 2324 647 2375 et
660 2319 691 2374 in
711 2322 795 2375 suuni
821 2336 949 2375 amorem
1002 2324 1078 2380 bona
1090 2322 1222 2377 similiter
1243 2321 1343 2377 tollere
1369 2325 1509 2376 conatur:
1534 2320 1584 2374 sed
1607 2326 1737 2374 armatus
1757 2318 1856 2387 vinut,

97 2407 245 2476 convertit,
271 2412 299 2462 et
323 2407 385 2464 cibo
410 2408 489 2463 verbi
512 2409 613 2480 pascit,
639 2414 669 2464 et
695 2408 797 2464 dneem
826 2408 948 2478 itineris,
1002 2412 1059 2467 alia
1073 2410 1150 2465 bona
1167 2410 1274 2465 intacta
1303 2408 1442 2481 praeterit,
1457 2408 1513 2462 alia
1539 2408 1659 2462 latenter
1687 2407 1857 2479 corrumpit

96 2495 125 2551 id
158 2502 210 2561 est,
235 2495 453 2567 predicatorem
476 2512 561 2552 suum
579 2495 658 2552 lacit:
683 2513 741 2569 quo
765 2498 837 2553 duce
852 2498 949 2553 couvi·
1039 2500 1103 2554 «et
1130 2497 1239 2554 bibent.
1255 2519 1269 2548 »
1299 2496 1401 2568 (loru.)
1430 2495 1540 2552 Stultus
1565 2512 1641 2567 steps
1670 2495 1762 2551 habet
1785 2495 1857 2551 disi-

48 2608 50 2614 ·
97 2590 208 2653 rantes,
225 2584 254 2639 id
278 2589 330 2651 est,
356 2584 458 2640 mnndi
482 2583 612 2640 laetitiam
640 2585 773 2654 destrult,
801 2602 866 2659 quoe
882 2602 949 2641 eum
1002 2587 1145 2655 tias‚etc.,
1168 2585 1305 2657 usquead
1327 2589 1357 2640 et
1383 2583 1530 2640 studiosus
1552 2583 1687 2639 tarditate
1713 2582 1857 2656 praepedi-

98 2673 235 2728 comitem
250 2673 356 2729 habere
370 2673 508 2744 desperit.
1003 2680 1051 2732 tur
1064 2674 1261 2746 trespoudet:

136 2763 385 2817 adularenturer
402 2763 483 2818 eis.»
512 2763 583 2828 Quia
597 2764 673 2819 Dens
699 2762 753 2819 slbi
778 2780 826 2818 eos
853 2762 949 2835 elegit.
1040 2766 1119 2820 Vsus.
1137 2766 1163 2819 6.
1179 2781 1245 2814 -u
1265 2761 1342 2818 Nihil
1357 2761 1388 2816 in
1411 2760 1611 2817 terrasstsine
1635 2776 1763 2816 causa.»
1788 2759 1861 2826 Quia

135 2869 149 2902 a
176 2851 343 2918 Morientur,
366 2855 395 2905 et
417 2867 476 2905 non
501 2850 532 2906 in
564 2851 718 2923 sapientia.
741 2870 754 2905 s
779 2852 951 2923 Interposita
1003 2852 1072 2908 inde
1107 2852 1155 2906 ille
1186 2850 1292 2923 justius
1320 2850 1356 2905 de
1382 2849 1555 2921 negligentia
1587 2848 1722 2920 punitur,
1751 2849 1807 2905 iste
1824 2849 1859 2905 de

100 2943 177 2993 sorte
194 2939 352 3010 justorum,
380 2939 455 2995 redit
475 2939 511 2996 ad
535 2940 683 2996 interitum
701 2957 759 2995 non
784 2940 985 3010 intelligent}
1005 2940 1100 2996 studio
1128 2943 1291 2994 coronatur.
1307 2938 1361 2994 Sed
1376 2937 1445 3009 quia
1468 2938 1504 2993 ad
1536 2937 1763 3009 intelligendum
1782 2942 1859 2993 recta

99 3028 183 3081 hum.
211 3027 337 3099 Reprobi
360 3012 455 3098 justos
478 3027 651 3099 despiciunt,
676 3028 811 3100 quiaper
826 3032 948 3083 mortem
1003 3046 1062 3085 non
1075 3030 1161 3083 modo
1174 3028 1280 3094 studio,
1304 3027 1398 3082 sedet
1423 3024 1673 3098 persecutionibus
1695 3025 1858 3092 erudimur,

100 3129 181 3167 suam
201 3113 355 3169 invisibilia
373 3121 516 3187 quaerunt,
536 3116 580 3171 vel
601 3133 655 3189 per
668 3122 792 3172 mortem
808 3115 950 3172 vitamiu·
1004 3118 1153 3174 additum:
1172 3137 1183 3166 ι
1201 3116 1280 3171 Etde
1307 3115 1395 3171 humo
1412 3131 1472 3171 non
1493 3114 1666 3186 egredietur.
1685 3134 1699 3165 s

99 3202 241 3256 visibilem
257 3210 403 3274 quarunt.
423 3204 476 3260 Sed
495 3205 561 3276 ipsi,
576 3206 627 3278 qui
649 3205 758 3276 pariter
775 3211 898 3261 mortem
921 3209 951 3260 et
1041 3228 1055 3256 ι
1070 3208 1103 3262 Et
1117 3207 1152 3262 de
1180 3205 1270 3260 humo
1296 3220 1354 3259 uon
1379 3203 1550 3274 egredietur.
1567 3221 1582 3256 u
1604 3202 1707 3275 (totu.)
1737 3203 1858 3274 flamus,

101 3290 271 3361 sapientiam
285 3291 413 3363 lugiunt,
428 3294 727 3365 sapientiamquidem
741 3296 855 3366 penitus
870 3295 950 3349 dese·
1004 3295 1095 3363 idest,
1111 3295 1253 3348 elementa
1278 3292 1378 3347 mundi
1397 3291 1429 3347 in
1454 3306 1570 3363 poenam
1593 3297 1748 3347 vertuntur
1763 3291 1858 3347 delin-

100 3382 179 3439 runt,
193 3378 388 3451 nolentespro
405 3380 522 3436 veritate
537 3383 620 3449 mori,
646 3389 770 3437 mortem
784 3386 951 3438 tamennon
1005 3383 1177 3456 quentium;
1204 3381 1280 3436 unde
1310 3380 1463 3435 dicitur:«
1492 3378 1635 3452 Pugnabit
1647 3395 1702 3451 pro
1730 3396 1777 3447 eo,
1797 3380 1857 3436 »id

102 3466 235 3522 eradunt.
1005 3476 1120 3543 est,pro
1145 3469 1276 3537 Domino,
1297 3468 1375 3524 orbis
1405 3472 1548 3524 terrarum
1574 3473 1675 3523 contra
1685 3467 1856 3524 insensatos.

469 3540 582 3597 CAPUT
597 3542 629 3596 V·
1005 3560 1055 3616 sed
1068 3563 1167 3615 tamen
1179 3558 1214 3613 de
1229 3558 1270 3612 eis
1295 3574 1355 3613 non
1378 3557 1541 3628 egredietur
1565 3555 1658 3623 dolor,
1686 3556 1758 3629 quia
1772 3573 1855 3630 poene

141 3644 224 3698 Vens.
247 3646 275 3700 t.
302 3663 363 3698 -e
384 3646 460 3702 Voce
483 3662 589 3719 ergo.»
610 3648 700 3719 (leid.)
732 3648 874 3714 Quoniam
897 3649 953 3704 hoc
1006 3665 1066 3704 non
1091 3647 1217 3703 nascitur
1238 3649 1273 3702 de
1298 3646 1343 3701 his
1369 3662 1434 3719 quae
1449 3645 1565 3713 leriunt,
1596 3645 1646 3700 sed
1674 3645 1711 3701 de
1739 3645 1787 3702 his
1809 3645 1857 3718 qui

102 3731 240 3787 veraciter
258 3739 357 3790 contra
374 3734 490 3807 iniquos
514 3737 644 3808 protulit,
677 3739 808 3809 quamvis
831 3739 953 3793 latenter
1006 3737 1149 3810 peccando
1176 3735 1376 3807 percussiones
1405 3738 1607 3790 extorserunt:
1639 3733 1762 3806 sedquo
1778 3739 1857 3790 exte-

99 3821 151 3875 lob
162 3821 192 3875 in
209 3838 330 3878 numero
356 3840 458 3880 eorum
493 3827 694 3898 proposuerit:
710 3827 783 3882 fastu
805 3826 952 3899 sapientie
1006 3825 1066 3881 rior
1089 3841 1174 3897 poena
1200 3824 1328 3896 castigat,
1346 3839 1381 3878 eo
1413 3838 1493 3877 meus
1515 3821 1551 3876 ad
1574 3836 1701 3894 superna
1724 3822 1855 3888 levatur:

103 3908 218 3965 inllatns
244 3917 373 3982 apertam
397 3914 561 3970 irrisionem
586 3916 617 3970 in
631 3916 685 3971 lob
710 3917 853 3972 subdita
880 3917 952 3971 Voca
1006 3914 1084 3971 unde
1097 3913 1211 3970 subdit:

104 4013 182 4069 ergo,
198 4017 213 4050 u
227 3998 257 4054 id
270 4005 323 4067 est,
338 3999 362 4054 si
376 4001 498 4057 afflictus
513 4004 627 4067 clames,
644 4005 718 4058 Dens
728 4003 951 4075 nonrespondit,
1042 4005 1123 4058 Vens.
1139 4008 1169 4060 7.
1187 4033 1223 4043 -
1238 4023 1252 4051 ι
1265 4002 1356 4056 llomo
1381 4000 1418 4055 ad
1446 3998 1573 4054 laborem
1589 3997 1726 4055 nascitur.
1752 4021 1764 4049 ι
1788 3998 1855 4064 Quia

104 4086 132 4140 id
148 4092 262 4143 estnon
289 4088 337 4144 dat
355 4090 496 4159 effectum,
512 4092 580 4163 quia
604 4093 634 4146 in
659 4093 866 4165 tranquillitate
885 4109 952 4148 eum
1006 4091 1182 4164 impossibile
1206 4094 1249 4145 est
1267 4089 1297 4144 in
1328 4090 1380 4145 hac
1409 4088 1640 4160 peregrinatione
1670 4087 1732 4144 sine
1762 4089 1854 4145 labore

103 4177 299 4245 contempsisti
315 4181 393 4243 :ete
418 4179 454 4233 ad
473 4179 598 4250 aliquem
613 4186 790 4247 sanctorum,
806 4199 819 4234 a
844 4181 873 4236 id
898 4186 951 4249 est,
971 4196 1066 4276 ¹,esse
1082 4197 1088 4234 :
1107 4181 1153 4235 sed
1166 4179 1195 4233 in
1207 4195 1241 4233 eo
1255 4177 1332 4248 quod
1348 4193 1413 4232 caro
1428 4176 1576 4247 affligitur,
1593 4191 1676 4231 mens
1688 4176 1723 4232 ad
1735 4177 1854 4249 petenda

104 4270 215 4319 sanctos
225 4265 256 4320 in
280 4265 434 4321 afflictione
459 4268 604 4338 adjutores
623 4285 682 4324 non
705 4269 802 4337 habes,
824 4270 893 4342 quia
905 4286 952 4325 so·
1006 4270 1063 4325 alta
1078 4270 1198 4324 levatur.
1222 4286 1236 4319 a
1263 4267 1311 4320 llel
1346 4266 1445 4332 homo,
1460 4283 1475 4319 u
1491 4265 1520 4320 id
1542 4269 1595 4331 est,
1623 4265 1759 4336 carnalis,
1785 4266 1854 4322 mala

104 4352 162 4406 cios
174 4351 204 4408 ie
219 4353 363 4410 hilaritate
377 4372 436 4411 nou
450 4356 585 4413 habuisti.
1007 4356 1108 4413 mundi
1121 4355 1215 4423 sentit,
1230 4355 1298 4426 quia
1320 4354 1467 4409 inhianter
1488 4354 1566 4408 bona
1578 4353 1640 4424 ejus
1662 4354 1788 4426 appetit.
1806 4353 1854 4411 Sed

141 4440 235 4511 (laid.)
263 4444 330 4499 Post
358 4444 521 4501 irrisionem
545 4445 642 4501 subdit
678 4446 859 4512 sententiam,
886 4455 951 4516 etc,
1007 4446 1088 4516 cujus
1103 4462 1183 4500 mens
1197 4445 1259 4499 hoec
1273 4443 1385 4510 transit,
1402 4447 1435 4498 ut
1456 4442 1515 4497 avis
1529 4441 1567 4497 ad
1588 4442 1657 4508 alta,
1687 4458 1786 4514 penna
1799 4442 1854 4515 spei

103 4532 309 4600 usqueodhaec
334 4533 476 4604 sapientes
503 4534 609 4601 turbat,
639 4534 689 4590 sed
714 4535 758 4590 ira
786 4552 838 4606 per
853 4535 953 4590 vitium
1007 4534 1127 4600 levatus,
1142 4533 1182 4588 nil
1205 4532 1275 4587 mali
1300 4531 1394 4599 sentit,
1424 4530 1603 4601 congaudeat
1613 4534 1642 4585 et
1661 4530 1699 4585 de
1727 4530 1853 4604 flagellis,

104 4620 206 4674 stultos
220 4620 353 4676 trucidat.
1008 4624 1057 4679 sed
1072 4622 1139 4694 quia
1150 4621 1317 4677 bacuntius
1328 4619 1386 4675 suis
1396 4619 1505 4674 uiribus
1521 4619 1606 4686 valet,
1621 4617 1739 4676 subdit:

141 4708 205 4761 «Et
230 4708 382 4778 parvulum
405 4708 517 4764 occidit.
538 4729 552 4763 u
573 4711 605 4766 ld
626 4712 759 4781 est,dum
788 4712 815 4768 ei
834 4711 953 4781 invidet,
1043 4713 1128 4766 Vens.
1145 4712 1171 4765 8.
1187 4730 1247 4759 -ι
1272 4706 1533 4778 Quamobrem'ego
1557 4711 1626 4761 te.»
1652 4705 1685 4761 ld
1709 4711 1763 4776 est,
1778 4707 1853 4763 illum

106 4811 192 4866 quem
204 4801 287 4867 putat
301 4798 450 4868 majorem,
466 4804 531 4866 etc,
544 4815 629 4870 usque
643 4801 681 4855 od
709 4801 752 4855 vel
780 4801 954 4872 partemha·
1008 4815 1078 4870 rogo
1091 4814 1143 4871 per
1157 4813 1243 4870 quem
1258 4797 1320 4852 hac
1334 4795 1422 4851 tribui
1436 4795 1505 4850 scio.

106 4882 201 4937 bendo
210 4883 401 4953 quantitatem
415 4885 500 4942 nobis
514 4887 668 4957 restringit.
1042 4887 1127 4941 Vens.
1142 4887 1168 4939 9.
1192 4902 1257 4934 -e
1287 4881 1426 4938 llirabilia
1449 4882 1557 4951 absque
1595 4895 1732 4935 numeru.
1754 4900 1768 4934 s
1789 4880 1856 4947 Quia

141 4970 239 5042 (Gneo.
267 4972 318 5028 lib.
347 4989 373 5028 vr
395 4975 640 5047 Morat.,cap.v.)
662 4975 736 5041 onia
757 4976 826 5031 totis
846 4975 955 5031 deside·
1008 4974 1305 5042 divinorumoperum
1324 4969 1572 5041 magnitudo,nec
1589 4983 1624 5022 ex
1648 4968 1853 5041 qualitateve·

106 5059 157 5113 riis
172 5059 202 5114 in
231 5065 345 5116 terreno
372 5078 470 5118 amore
495 5064 642 5132 solidatur,
659 5065 734 5119 unde
758 5064 870 5134 primus
885 5063 955 5120 Cain
1008 5064 1047 5118 let
1060 5060 1164 5117 discuti
1179 5076 1231 5116 nec
1250 5076 1283 5115 er
1299 5058 1458 5130 quantitate
1470 5056 1627 5112 numerari.

107 5147 137 5202 in
164 5152 240 5204 terra
274 5149 417 5206 civitatem
453 5152 620 5221 construxit,
648 5153 790 5209 alienusa
817 5153 887 5208 eoelo
908 5151 955 5207 hio
1044 5151 1182 5205 venado.
1211 5168 1280 5201 -u
1307 5147 1361 5213 Qui
1387 5147 1436 5204 da't
1458 5145 1596 5219 pluviam.
1623 5164 1638 5198 s
1670 5147 1774 5220 (ibid.)
1798 5150 1856 5204 liet

105 5237 216 5291 felicius
229 5237 316 5309 degit.
1008 5239 1092 5295 rerba
1114 5237 1233 5308 mystica
1257 5242 1333 5304 sunt,
1361 5237 1430 5308 quia
1454 5234 1538 5290 amici
1561 5233 1615 5290 Job
1638 5234 1777 5291 societate
1800 5236 1856 5307 ejus

143 5326 231 5381 Vens.
250 5330 276 5382 3.
298 5350 359 5379 -ι
388 5330 421 5384 Et
448 5329 584 5383 maledixi
616 5327 821 5402 pulchritudini
849 5329 951 5400 ejus.»
1008 5327 1113 5384 eruditi
1145 5329 1263 5380 erant«
1295 5323 1486 5395 ltatpluviam
1506 5325 1591 5378 terrae
1615 5337 1656 5378 :s
1676 5339 1745 5379 cum
1781 5324 1857 5381 arida

108 5414 213 5486 (lusu.)
238 5415 310 5480 Quia
339 5433 404 5472 cum
434 5433 471 5473 ex
494 5417 554 5471 visa
592 5418 781 5489 prosperitate
801 5419 954 5485 malorum,
1008 5415 1160 5488 gentilium
1171 5413 1256 5468 corda
1269 5410 1584 5483 gratiapraedicationis
1605 5410 1745 5469 iufundit.

107 5501 381 5573 pedesinlirmorum
396 5510 498 5562 nuhnt
510 5520 517 5560 ι
527 5504 764 5574 tortes,videntes
778 5521 843 5579 quas
857 5521 952 5578 poene,
1046 5525 1057 5552 ι
1075 5503 1179 5576 irrigat
1191 5506 1288 5559 autem
1302 5500 1384 5575 aquis
1407 5500 1547 5557 universa.
1570 5519 1583 5550 ι
1609 5500 1684 5556 Cum
1710 5500 1857 5559 hominem
