3892 6106
146 261 193 316 iti
454 255 652 315 usitantur
673 255 796 313 sinant
817 253 916 310 TUtl).
938 250 1020 308 nou.
1044 248 1120 308 ΟΡΡ.
1141 251 1229 308 PARS
1249 251 1273 308 l.
1296 281 1330 291 -
1349 249 1583 309 innotuerat.
1844 252 1893 305 tue

143 383 242 453 Agnus
268 377 329 445 liei,
356 395 371 430 a
396 379 449 432 etc.
478 377 565 446 (loca.
595 373 625 444 r.)
645 373 686 428 itd
711 371 766 427 hoc
793 368 1026 428 testimoninmh
1082 393 1096 419 a
1111 370 1189 426 Sedit
1201 371 1230 426 iu
1245 371 1331 427 bivio.
1348 392 1361 420 ι
1381 369 1529 441 (Hieroni
1550 389 1565 422 a
1584 352 1626 427 ¹lit
1639 370 1893 443 seditadpurtam

32 464 46 476 “
149 466 271 525 adhaesit
285 465 397 523 Christo
408 465 568 537 synagoga,
585 479 671 536 qnam
688 461 830 533 significat
843 460 910 525 Sne,
930 458 989 514 lilia
1045 459 1165 527 Enaiim,
1182 475 1246 531 qiiae
1260 463 1302 514 est
1327 460 1357 515 in
1373 461 1495 515 transitu
1508 460 1648 515 Thamna.
1665 481 1680 510 a
1704 459 1806 515 Sermo
1832 459 1892 516 lle·

144 556 309 623 Chananaei,
326 554 393 627 quia
420 552 630 608 eidandaerst
650 555 726 604 terra
754 549 865 603 humitis
884 549 989 618 profes·
1043 546 1166 613 braicos,
1194 548 1315 614 Euaiim,
1345 547 1517 602 transfertur
1544 547 1574 603 in
1600 547 1699 603 oculos.
1745 548 1807 602 Non
1850 552 1894 603 est

142 649 237 714 sionis,
264 645 340 716 qirud
369 643 574 712 interpretatur
592 638 735 694 ebanem.
764 636 828 690 llaec
846 651 914 704 ergo
940 635 990 706 Sy·
1043 634 1133 705 igitur
1151 636 1381 703 nomcnloci,et
1402 640 1444 690 est
1468 634 1746 705 sensus,‹Seditin
1772 635 1860 702 birio,
1877 656 1892 687 s

143 749 256 806 nagoga
283 732 378 804 primo
399 729 519 785 adhesit
542 727 664 792 Christo,
693 725 808 798 qnando
836 725 938 780 Petrus
962 728 989 776 et
1042 726 1100 778 sire
1115 724 1145 779 in
1157 724 1292 796 compito,
1309 723 1358 780 ubi
1372 723 1539 795 diligentius
1553 724 1639 781 debet
1653 724 1744 779 viator
1764 724 1893 797 aspicere

142 822 281 889 Andreas,
297 824 326 875 et
338 819 432 874 catari
446 815 561 873 ioannis
586 814 719 887 discipuli
733 813 799 869 iacti
811 816 879 868 sunt
903 812 988 868 disci·
1043 829 1100 886 qno
1112 812 1270 885 gradiatur.

144 908 205 981 puli
221 907 337 962 Christi.
356 905 417 970 Quo
432 903 532 959 ordine
547 902 609 958 hoec
623 901 764 973 completa
777 904 843 954 sunt
867 915 989 972 aequem
1077 902 1158 957 Vens.
1174 902 1268 957 todi.
1278 932 1313 943 -
1328 901 1429 958 allisit
1439 906 1536 957 autem
1550 901 1647 957 ludas.
1664 921 1679 952 s
1695 900 1893 974 llittitnrpro-

27 1046 31 1053 .
142 998 286 1068 significat
314 992 446 1061 historia,
462 1007 583 1047 namans
598 990 744 1062 quomodo
759 985 847 1043 ludas
873 985 990 1043 intravit
1042 989 1409 1064 missnshaednstanquam
1425 989 1580 1055 meretrici,
1596 990 1625 1046 id
1641 995 1685 1046 est
1707 989 1891 1062 exprobratio

144 1087 177 1142 ad
190 1086 323 1146 Thamar,
340 1096 405 1153 qnia
420 1080 497 1135 idem
512 1076 652 1149 significat
667 1074 743 1148 quod
755 1073 820 1130 Sue.

178 1173 258 1228 Vane.
274 1172 301 1239 ³,
326 1171 353 1225 l.
369 1199 405 1211 -
422 1192 433 1217 ι
450 1168 520 1234 Onia
543 1165 684 1238 concepit,
701 1185 715 1216 s
731 1170 783 1220 etc.
813 1165 918 1219 Gennit
937 1163 986 1236 Sy·

142 1275 253 1332 nagoga
268 1257 423 1330 principes,
434 1255 484 1328 qui
499 1254 523 1309 ei
540 1258 675 1325 tanquam
684 1251 780 1308 mariti
790 1251 985 1323 praefuerunt:

141 1363 264 1422 quorum
278 1346 327 1402 alii
343 1346 461 1400 inerunt
487 1348 631 1411 nocentes,
658 1356 729 1414 quos
757 1340 900 1412 significat
921 1341 986 1409 ller,

141 1435 190 1509 qui
211 1434 420 1508 ,interpretatur
441 1432 569 1503 pelliceus
589 1429 682 1503 (pellis
708 1428 784 1485 enim
805 1433 926 1484 mortem
948 1429 987 1484 ei·

142 1522 281 1596 gnisscatl,
309 1521 378 1594 quia
403 1520 490 1592 primi
523 1523 654 1592 parentes
682 1518 806 1591 pellibus
834 1517 986 1573 indutiad·

141 1611 209 1669 dicti
224 1617 291 1679 sunt
306 1610 392 1666 morti
409 1609 480 1677 ;alii
496 1608 623 1675 inutiles,
646 1623 718 1679 quos
732 1605 872 1678 significat
893 1608 983 1670 Onon,

1042 1077 1159 1150 pcccati,
1194 1094 1246 1148 per
1280 1077 1483 1145 odolamitem,
1512 1082 1649 1149 tanquam
1680 1077 1890 1155 increpantem,

1042 1165 1220 1238 «genimina
1234 1165 1440 1237 viperamm,»
1468 1170 1522 1222 etc.
1541 1166 1594 1222 Sed
1615 1182 1678 1222 eam
1707 1183 1765 1222 non
1782 1167 1892 1224 invenit

1040 1254 1149 1325 peccati
1165 1254 1358 1326 exprobratio,
1375 1271 1462 1327 quam
1475 1255 1594 1311 mutavit
1615 1254 1800 1311 confessionis
1814 1271 1891 1313 ama·

1041 1343 1151 1399 ritudo.
1167 1343 1199 1399 ln
1214 1342 1268 1399 hoc
1282 1343 1356 1398 fecto
1369 1343 1448 1400 lude
1458 1360 1516 1398 non
1528 1343 1648 1415 justitie
1657 1342 1786 1399 cernitur
1799 1343 1890 1399 since·

1042 1430 1119 1498 ritas,
1151 1430 1199 1486 sed
1225 1430 1422 1504 promissionis
1451 1431 1583 1486 lldelitas.
1611 1431 1640 1487 si
1656 1431 1734 1486 enim
1764 1438 1891 1489 servaret

1038 1520 1178 1591 justitiam
1205 1519 1343 1575 servando
1380 1522 1549 1589 castitatem,
1574 1537 1632 1575 non
1670 1520 1828 1588 introisset,
1857 1525 1890 1576 ut

1041 1608 1221 1679 opinabatur,
1252 1608 1287 1663 ad
1324 1609 1525 1673 meretricem
1554 1610 1604 1664 sed
1639 1609 1716 1682 qnod
1744 1609 1887 1682 promisit,

142 1701 191 1773 qui
206 1699 411 1772 interpretatur
426 1713 523 1753 moeror
542 1713 652 1768 corum.¹
667 1695 771 1768 quibus
795 1695 901 1750 scilicet
926 1711 984 1751 non
1040 1697 1163 1753 fideliter
1177 1713 1229 1769 per
1244 1702 1388 1768 pastorem
1403 1697 1572 1752 transmisit.

162 1791 270 1844 rosunt.

142 1808 258 1932 pt‘rrns.
276 1876 345 1931 nie.
363 1892 425 1925 -s
453 1872 581 1928 Tertium
610 1888 724 1944 qiioqne
748 1871 898 1944 peperit·
930 1875 983 1927 etc.

141 1964 217 2034 (isio.
234 1967 262 2018 in
286 1963 364 2028 um..
393 1967 462 2018 tom.
488 1961 531 2032 V.)
552 1961 662 2015 Tertius
689 1959 767 2014 illius
785 1958 836 2031 qrii
862 1958 986 2014 Thamar

142 2067 197 2107 non
213 2051 352 2123 jungitur,
370 2056 436 2118 etc,
458 2064 542 2118 usque
560 2047 598 2101 cd
621 2052 650 2102 et
668 2047 732 2104 ideo
748 2050 886 2118 tanquam
901 2045 985 2102 Odol·

142 2140 254 2196 lamites
266 2137 413 2211 perbibuit
425 2135 623 2191 testiinonium
637 2132 667 2188 in
682 2148 765 2205 aqua.

177 2226 307 2292 «ludas,
338 2248 347 2274 ι
372 2232 425 2280 etc.
452 2224 491 2278 De
518 2221 590 2277 inda
616 2220 694 2292 regia
718 2218 809 2275 tribue
835 2219 983 2292 processit,

140 2332 205 2388 quie
236 2315 283 2370 din
323 2312 440 2385 praefuit
462 2310 586 2367 iudaicae
613 2309 700 2382 plebi,
725 2323 813 2381 quam
844 2306 986 2379 significat

24 2404 28 2415 ’
139 2402 272 2468 Thamar,
288 2416 352 2472 quae
376 2398 581 2471 interpretatur
594 2393 760 2460 amaritudo,
775 2396 843 2469 quia
856 2411 983 2451 amararn

140 2510 169 2548 se
182 2493 212 2546 iu
227 2491 359 2562 passione
375 2487 503 2544 exhibuit
514 2485 635 2542 Christo.

174 2581 263 2652 (lero.)
280 2576 362 2633 Plebs
376 2576 503 2642 ludaica,
519 2572 610 2629 cnido
625 2572 700 2628 tribu
723 2573 796 2629 luda
811 2589 903 2645 reges,
918 2576 983 2640 etc,

138 2683 223 2739 usque
236 2667 274 2722 ud
290 2667 364 2722 Deris
374 2670 471 2720 tamen
482 2668 617 2734 utrosque
632 2661 745 2729 occidit,
771 2662 839 2734 quia
861 2676 983 2733 regnum

137 2772 152 2810 a
167 2753 273 2809 tatibus
287 2752 371 2809 tollit.

1074 1786 1159 1842 Vane.
1178 1789 1223 1841 25.
1243 1816 1278 1827 —
1295 1808 1307 1836 s
1324 1786 1393 1852 Once
1417 1802 1482 1841 cum
1499 1787 1661 1854 duceretur,
1688 1789 1740 1842 etc.
1758 1806 1773 1839 s
1798 1786 1888 1859 (isin.)

1039 1875 1140 1928 Postea
1152 1889 1220 1928 vero
1239 1872 1361 1945 publicis
1375 1872 1465 1944 signis
1479 1873 1589 1942 annuli,
1614 1873 1729 1930 monilis
1744 1878 1773 1929 et
1786 1875 1886 1946 virga,

1037 1962 1222 2016 vicittemere
1238 1961 1399 2034 judicantes
1413 1961 1537 2027 iudans,
1559 1978 1630 2034 qnos
1652 1964 1713 2033 jam
1740 1963 1830 2019 iudas
1851 1964 1888 2018 si·

1038 2049 1194 2122 gnificabat
1205 2049 1362 2121 ;quibodie
1374 2065 1488 2121 qnoque
1499 2050 1597 2106 dicunt
1611 2050 1752 2106 nonhnnc
1766 2067 1827 2106 esse
1838 2069 1888 2123 po·

1038 2138 1138 2211 pulum
1154 2137 1269 2207 Christi,
1284 2153 1337 2193 nec
1351 2137 1470 2195 Xbraboe
1486 2154 1594 2205 semen,
1608 2139 1655 2194 sed
1670 2139 1788 2210 prolatis
1801 2139 1887 2195 docu-

1039 2224 1142 2281 mentis
1157 2232 1263 2280 nostrae
1274 2224 1442 2289 vocationis,
1455 2225 1681 2296 justificationis,
1697 2232 1727 2282 et
1741 2226 1885 2299 glorifica-

1038 2314 1133 2378 tionis,
1151 2312 1376 2382 contunduntur,
1388 2320 1417 2369 et
1434 2331 1486 2368 nos
1501 2315 1592 2387 magis
1606 2331 1692 2389 qnam
1708 2315 1886 2387 seJ'ustitlca·

1037 2407 1083 2456 tos
1097 2418 1158 2456 esse
1171 2398 1396 2456 confitebuntur.
1410 2402 1617 2474 Pignoraenim
1632 2420 1661 2459 se
1677 2403 1783 2460 habere
1797 2405 1886 2461 refert

1039 2490 1169 2554 Ecclesia,
1187 2505 1251 2560 quae
1264 2496 1413 2545 accusatur
1426 2507 1442 2545 a
1455 2491 1560 2547 Judaeis
1579 2493 1661 2563 quasi
1686 2492 1817 2549 adultera
1843 2494 1885 2549 te-

1037 2579 1081 2647 gis
1096 2595 1103 2634 :
1121 2578 1168 2634 sed
1180 2578 1303 2633 ostendit
1316 2578 1424 2650 virgam
1438 2579 1552 2651 signum
1568 2580 1717 2651 passionis,
1733 2585 1762 2636 et
1777 2582 1885 2637 monile

1038 2666 1167 2738 legitima
1182 2666 1261 2738 legis,
1279 2671 1307 2722 et
1321 2666 1460 2722 annulum
1476 2668 1580 2740 pignus
1595 2667 1829 2725 immortalitatis.

1073 2756 1154 2811 Vane.
1175 2757 1223 2812 id.
1243 2785 1278 2796 —
1294 2777 1305 2806 ι
1321 2755 1374 2820 Qui
1399 2756 1515 2828 agnitis,
1532 2775 1546 2809 a
1567 2761 1621 2813 etc.
1639 2755 1781 2828 (Hannon.)
1798 2775 1813 2808 a
1828 2756 1881 2812 Co·

127 2892 136 2905 ,
175 2844 255 2899 vans.
276 2841 750 2899 l3.-sitdtondendasoves.a
781 2837 904 2908 (Srnaa)
932 2837 983 2893 At·
1037 2843 1136 2915 gnorit
1149 2848 1246 2899 antem
1261 2844 1359 2912 ludas,
1380 2849 1432 2899 etc.
1450 2844 1482 2899 ln
1496 2843 1616 2900 llebroeo
1631 2844 1772 2900 liabetur:
1791 2867 1805 2895 s
1821 2847 1883 2918 jus·

139 2936 261 3004 leporice.
281 2935 368 3002 Venit
387 2932 526 2989 nominos
555 2932 590 2987 ad
610 2946 675 2986 ores
702 2927 869 2996 tondendas,
888 2926 916 2981 id
942 2931 983 2981 est
1001 2962 1020 3014 ,3
1036 2932 1195 2987 titicataest
1208 2948 1240 2988 ex
1255 2947 1316 3000 me;
1331 2953 1346 2983 »
1363 2948 1421 2987 nou
1434 2931 1509 3005 quod
1522 2933 1601 3003 justa
1622 2932 1720 3000 luerit,
1736 2932 1785 2988 sed
1806 2934 1882 3006 qnod

139 3020 479 3095 peccatisexonerandas,
508 3019 666 3092 dequibus
689 3016 818 3073 dicitnr:
849 3017 982 3072 «Dentes
1037 3019 1251 3092 comparatione
1277 3020 1355 3076 illius
1374 3020 1470 3075 minus
1494 3022 1568 3076 male
1592 3019 1700 3088 iecerit,
1725 3037 1783 3076 non
1811 3037 1882 3095 vaga

139 3110 182 3166 tui
205 3110 279 3165 sicut
305 3124 408 3181 greges
424 3112 583 3162 tonsarum.
599 3104 751 3161 »Thamar
774 3103 904 3159 habitum
920 3119 982 3158 mu·
1007 3159 1010 3165 ,
1036 3107 1227 3180 turpitudine,
1243 3107 1293 3162 sed
1308 3107 1480 3180 requirendo
1494 3107 1579 3164 illios.

138 3205 201 3255 tat:
230 3214 297 3253 nam
321 3201 351 3253 et
382 3199 547 3252 comuiutuaa
573 3193 792 3264 iuterpretatur,
809 3194 902 3246 mutat
927 3191 982 3245 ha·
1072 3197 1153 3251 Vana.
1180 3196 1223 3257 tl,
1251 3196 1295 3250 28.
1310 3218 1373 3245 —a
1392 3196 1519 3252 instante
1543 3202 1649 3260 acriam,
1681 3218 1695 3248 a
1720 3200 1773 3252 ain.
1803 3198 1882 3264 Quod

137 3287 265 3343 bitumet
278 3301 394 3350 nomen,
409 3289 442 3340 ut
455 3286 491 3340 sit
504 3286 539 3340 de
554 3283 705 3354 Synagoga
721 3280 850 3336 Ecclesia.
865 3280 917 3336 Sed
933 3295 983 3334 no·
1036 3283 1158 3356 primus,
1170 3281 1219 3353 qui
1235 3281 1341 3338 dicitur
1362 3285 1441 3351 Zara,
1469 3301 1587 3341 manum
1606 3282 1711 3352 emisit,
1741 3290 1769 3341 et
1788 3287 1882 3342 obsta·

34 3422 37 3427 .
139 3390 204 3430 men
232 3372 432 3430 amaritudinis
459 3377 574 3427 manet:
592 3386 651 3425 nou
677 3369 706 3424 in
733 3365 981 3441 qualelDomino
1036 3370 1090 3424 trix
1106 3369 1253 3425 coccinum
1271 3369 1368 3442 ligavit
1382 3375 1410 3426 et
1425 3371 1486 3443 ipso
1503 3388 1590 3428 manu
1606 3375 1780 3442 retrahente,
1791 3379 1884 3444 poste

99 3466 102 3471 ’
139 3460 317 3526 ministravit,
340 3460 389 3515 sed
413 3460 444 3515 in
469 3475 526 3532 qua
554 3460 653 3514 Petrus
681 3473 777 3512 amare
797 3457 884 3512 licvit.
911 3456 980 3510 Nam
1036 3458 1106 3525 rior,
1123 3457 1173 3529 qni
1199 3463 1316 3513 vocatur
1338 3459 1587 3525 Pharasmanem
1613 3459 1752 3532 porrexit,
1781 3465 1810 3515 et
1832 3477 1881 3514 ns-

137 3554 166 3604 et
179 3549 266 3604 ludas
279 3548 414 3616 Confessio
424 3547 538 3614 dicitur,
549 3544 726 3603 Confessioni
740 3561 808 3616 ergo
818 3543 981 3599 amaritudo
1036 3546 1139 3601 scendo
1168 3545 1323 3617 precessit,
1353 3544 1523 3618 signiticavit
1546 3547 1622 3620 quod
1645 3549 1734 3605 lsrael
1750 3548 1884 3620 inopere

138 3637 301 3705 misceatur,
331 3641 364 3692 ut
398 3652 464 3692 vera
496 3633 665 3710 poenitentia
689 3632 889 3705 presignetur.
919 3633 982 3687 llaec
1037 3635 1107 3705 legis
1127 3649 1245 3689 menum
1262 3634 1437 3702 extenderet,
1455 3640 1483 3690 et
1508 3637 1713 3708 prophetarum
1740 3643 1770 3693 et
1793 3638 1883 3711 ipsius

137 3725 304 3797 paenitentia
319 3726 498 3794 fecundatur,
518 3725 549 3781 in
565 3723 841 3794 omnibusgentibos
862 3721 982 3778 Ecclesia
1037 3722 1140 3777 Christi
1163 3739 1264 3778 cruore
1286 3723 1427 3794 pollutam
1448 3725 1651 3781 contraheret:
1667 3726 1793 3799 populus
1816 3743 1882 3782 vero

136 3812 302 3870 constituta.
320 3814 474 3885 Oportebat
488 3815 565 3869 enim
585 3812 644 3885 pati
660 3811 814 3876 Christum,
832 3815 860 3864 et
888 3825 981 3864 resur·
1037 3810 1166 3882 gentium
1180 3815 1279 3883 postea
1297 3817 1509 3885 prorumperet,
1530 3817 1562 3868 ut
1576 3815 1801 3887 essentaprimi
1831 3833 1882 3871 no·

137 3916 214 3973 gere,
244 3904 273 3954 et
292 3899 439 3969 praedicari
463 3900 492 3954 in
521 3898 640 3954 nomine
659 3897 720 3969 cJ’us
743 3895 983 3968 poenitentiamet
1036 3897 1197 3968 nissimi,et
1211 3899 1359 3955 novissimi
1370 3901 1495 3972 primis

137 3987 335 4043 remissionem
351 3993 531 4060 peccatorum
548 4003 598 4057 per
612 4001 712 4041 omnes
734 3990 846 4056 gentes.
867 3981 982 4038 Habitus
1072 3986 1162 4042 l'ans.
1180 3990 1226 4055 29,
1251 3992 1294 4044 30.
1324 4019 1358 4031 -
1385 4010 1400 4039 a
1417 3991 1511 4056 Quare
1538 3990 1637 4056 divisa,
1670 3997 1722 4046 etc.
1739 3992 1884 4063 (Hannon.)

138 4093 255 4150 quoque
272 4074 430 4132 meretricis
456 4075 597 4130 confessio
622 4078 804 4146 peccatorum
823 4076 888 4127 est:
912 4071 983 4127 Tha·
1037 4077 1091 4131 l‘ro
1104 4080 1222 4132 moceria
1237 4077 1341 4149 Aquila
1354 4081 1382 4132 et
1397 4078 1585 4150 Symmachus
1608 4080 1768 4136 arabionem
1788 4087 1883 4136 trans·

138 4181 201 4220 mar
229 4163 335 4236 quippe
366 4162 515 4218 Ecclesiam
538 4159 719 4233 degentibus
744 4166 872 4216 vocatam
893 4157 981 4230 signi·
1037 4165 1176 4235 tulerunt,
1192 4166 1267 4237 qnod
1285 4165 1422 4221 Hebraico
1437 4166 1542 4223 dieitur
1557 4169 1667 4224 Pheres.
1688 4167 1733 4223 Ab
1746 4185 1780 4224 eo
1794 4169 1884 4240 igitur

137 4253 219 4320 licat,
247 4251 348 4307 sedens
378 4267 442 4306 cnm
473 4251 527 4305 hoc
552 4250 652 4306 habitu
679 4249 714 4305 ad
734 4253 846 4320 portam
872 4247 981 4303 Eneiim
1002 4245 1114 4324 anod
1132 4252 1259 4309 diviserit
1274 4255 1502 4310 membranulam
1529 4255 1752 4313 secundinarum
1767 4257 1883 4314 diuisio-

137 4349 231 4407 wm
247 4338 323 4412 quod
346 4338 549 4410 interpretatur
560 4341 646 4406 sons:
666 4337 733 4410 qnia
748 4335 881 4392 currebat
905 4336 982 4390 velut
1036 4344 1079 4396 nis
1108 4340 1343 4412 nomenaceepit.
1365 4341 1645 4408 UndeetPharisai,
1661 4344 1711 4418 qui
1742 4362 1772 4401 se
1800 4346 1882 4417 quasi

137 4443 237 4482 cerrus
265 4428 300 4483 ad
331 4428 422 4482 lentes
448 4443 599 4497 aquarum,
629 4425 778 4497 pervenire
809 4425 844 4480 ad
884 4441 981 4480 semen
1032 4435 1123 4502 Justos
1148 4446 1165 4484 a
1191 4431 1295 4502 populo
1323 4438 1534 4502 separaverant,
1561 4434 1706 4505 Pharisaei,
1736 4434 1765 4491 id
1781 4436 1882 4492 esicii·

139 4515 270 4570 Abrabae.
289 4514 341 4569 lllo
356 4530 413 4569 non
425 4519 615 4585 cognoscente
630 4513 808 4578 fecundatur,
825 4514 981 4567 sectandum
1035 4520 1089 4572 uisi
1103 4516 1282 4573 dicebantur.
1602 4524 1607 4531 '

138 4603 207 4658 illud
220 4602 322 4659 Psalmi
337 4604 577 4675 xvir.«Popnlus,
595 4618 682 4674 quem
702 4601 981 4673 noncognosi,ser-
1070 4603 1467 4676 Zaraiuterpretatnrorieua.
1498 4607 1570 4673 Quia
1598 4611 1710 4681 primus
1738 4613 1881 4684 apparuit,

138 4691 208 4748 sirit
223 4691 303 4747 mibi.
321 4690 462 4763 »decepit
475 4690 622 4745 inocculto
638 4689 787 4756 annulum,
804 4690 923 4759 monile,
953 4695 982 4746 et
1035 4691 1078 4744 rel
1092 4689 1159 4763 qnia
1174 4691 1291 4762 plurimi
1304 4692 1376 4764 justi
1391 4710 1427 4750 ex
1440 4711 1474 4750 eo
1497 4697 1555 4752 nati
1573 4703 1650 4764 sunt,
1680 4698 1752 4754 sicut
1779 4700 1884 4756 dicitnr

139 4781 258 4851 virgam,
280 4778 348 4853 quia
361 4779 508 4834 vocatione
535 4776 674 4849 signatur,
702 4776 907 4850 justificatione
929 4778 981 4835 de·
1035 4779 1065 4834 in
1078 4780 1312 4852 paralipomenis.

138 4873 260 4937 roratur,
276 4867 483 4939 glorificatione
498 4867 645 4922 exaltatur.
663 4888 677 4916 u
692 4867 767 4933 Quos
785 4872 881 4922 autern
907 4884 981 4944 proa-
1335 4871 1447 4927 CAPUT
1470 4873 1579 4929 XXXIX.

138 4956 300 5023 destinavit,
324 4957 376 5012 bos
394 4960 423 5013 et
443 4955 567 5023 vocavit;
584 4960 612 5011 et
635 4971 705 5029 qnos
732 4956 850 5019 vocarit,
877 4957 930 5011 bos
953 4960 982 5012 et
1069 4958 1152 5012 Vane.
1169 4961 1194 5026 l,
1209 4961 1236 5014 6.
1252 4990 1286 5001 -
1301 4958 1393 5032 Igitur
1419 4961 1525 5034 loseph
1552 4961 1654 5018 doctus
1668 4968 1711 5018 est
1738 4963 1769 5019 in
1798 4966 1882 5038 AEgy-

135 5045 302 5118 justificavit
330 5045 417 5110 (Rom.
434 5045 508 5118 siu),
538 5064 553 5099 a
582 5045 631 5101 sed
657 5046 686 5101 in
710 5045 982 5114 occulto,ubicon·
1036 5050 1250 5118 aptum,»etc.
1267 5047 1349 5119 (tuo.
1364 5052 1393 5104 in
1404 5050 1539 5120 Gen)Xd
1552 5050 1682 5107 ordinem
1703 5052 1795 5108 tendit
1807 5054 1881 5110 Scri·

138 5134 233 5206 ceptio
249 5138 352 5190 sanctae
368 5135 503 5191 ubertatis
513 5136 554 5191 lit.
1034 5138 1120 5206 ptura
1134 5134 1210 5191 unde
1223 5142 1387 5206 recesserat,
1401 5142 1434 5193 ut
1447 5136 1496 5194 illa
1509 5144 1606 5194 narret
1619 5156 1684 5212 qnia
1703 5156 1790 5213 supra
1804 5149 1883 5214 gesta

175 5223 258 5278 Vens.
282 5223 369 5278 itit.
387 5253 422 5264 -
446 5243 461 5276 a
486 5223 554 5289 Quae
569 5223 706 5296 depositis
723 5222 868 5280 viduitatis
895 5223 982 5278 resti·
1035 5226 1110 5277 sunt.
1128 5223 1385 5296 «Tuitque,retc.
1404 5224 1512 5297 (Gaea,
1541 5228 1633 5285 libri
1663 5229 1772 5291 limat..
1801 5247 1816 5285 c
1850 5235 1878 5287 tt

141 5309 230 5380 abus,
247 5330 259 5364 a
275 5315 329 5367 etc.
345 5311 506 5367 Notandum
523 5309 980 5384 ctiamintemporibnspntriar·
1035 5311 1493 5389 seq.)1ultibumanasapientia
1514 5317 1616 5383 inllati,
1635 5318 1704 5373 dum
1733 5316 1883 5374 desideriis

138 5395 256 5453 charum
267 5401 344 5452 certa
358 5396 444 5452 luisse
470 5397 638 5456 vestimenta
663 5397 824 5466 viduarum,
840 5415 893 5454 nec
907 5415 981 5473 qua·
1034 5398 1093 5453 suis
1108 5398 1204 5455 divina
1214 5401 1325 5473 judicia
1337 5403 1480 5460 contrarie
1494 5403 1647 5477 aspiciunt,
1664 5407 1717 5461 etc.
1733 5419 1818 5474 usque
1846 5405 1883 5462 od

136 5483 174 5540 lia
187 5485 415 5556 conjugatarum.
1035 5488 1154 5560 ejusque
1170 5490 1300 5561 pondera
1316 5493 1410 5561 leviat,
1426 5508 1490 5565 quae
1505 5493 1604 5548 volens
1617 5499 1720 5565 portat.
