3892 6106
581 275 711 333 enema
730 275 930 333 ounruaare.
952 304 987 316 -
1008 275 1074 331 nvn.
1094 274 1166 332 roe.
1707 280 1760 335 ess
1867 266 1878 281 ⁴

74 403 148 472 aas.)
161 401 257 456 Sciens
273 416 301 455 se
321 399 411 455 videri
438 404 529 466 caret,
546 415 604 453 non
627 403 724 453 lamen
736 415 852 454 securus
870 401 893 454 Α
911 399 980 471 quia
993 400 1069 471 apud
1095 399 1173 471 piam
1197 402 1324 454 mentem
1346 400 1413 471 plus
1435 405 1539 455 natura
1560 401 1647 466 valet,
1674 418 1761 475 qnam

74 491 188 546 erfectus
198 489 314 562 quidem
329 489 404 543 inter
417 492 536 555 veteres,
552 487 582 541 iu
597 487 748 559 praeceptis
763 487 853 543 futuri
907 487 1022 555 nolltia,
1040 493 1072 544 ut
1087 489 1116 543 in
1132 488 1195 544 lob.

74 581 105 635 sti
128 586 238 650 pensat,
268 594 355 649 quarn
382 577 468 632 multi
490 578 525 632 de
547 576 721 648 perfectione
758 576 852 631 minus
942 599 1128 655 pump-
1150 598 1209 654 „gi
1240 597 1329 652 levavi
1352 599 1599 671 superpusfflum·
1623 620 1637 654 ῃ
1659 602 1760 674 (Μ.)

74 674 98 724 ·t·
117 667 290 723 ldeodicil²
307 666 362 722 ‘Si
380 665 509 721 ΝΜ·
579 753 584 765 ι
630 753 636 765 ι
906 689 945 742 Ac
959 687 983 742 si
996 692 1127 760 patenter
1153 687 1236 754 dicat,
1262 693 1324 750 etc..
1346 703 1431 758 usque
1444 688 1482 743 orl
1509 690 1587 761 quod
1610 690 1640 746 in
1675 698 1760 764 porta

74 772 121 812 ras.
135 761 161 812 6.
190 787 224 796 -
242 778 253 806 ι
280 757 443 826 appendat.
461 772 475 807 r
503 769 587 825 quasi
610 754 718 810 diceret
734 768 740 808 :
757 755 851 818 Quen·
905 777 1052 847 agebgtun
1070 775 1221 847 significat·

78 845 114 901 ad
130 843 249 898 modum
259 844 394 898 humanae
409 843 475 898 vitae
487 843 562 897 mela
577 842 606 897 in
617 858 664 897 me
679 858 738 897 non
749 843 851 910 video;

74 933 120 990 risi
133 932 430 1003 mediatorappareat,
445 931 495 1002 qui
511 946 612 986 omnes
623 930 741 990 excedit.
759 945 851 1002 quan·

75 1037 94 1076 a
107 1037 174 1077 vera
188 1019 370 1091 simplicitate
385 1018 499 1087 distem,
515 1035 574 1074 non
589 1034 739 1090 cognosco.

74 1112 97 1166 'n
111 1114 217 1166 statera
225 1109 311 1180 justa.
328 1128 343 1161 v
359 1104 484 1164 'staterae
513 1108 629 1163 nomine
648 1106 786 1162 mediator
802 1106 852 1161 Dei

74 1199 207 1266 uminum,
221 1204 288 1268 etc,
307 1213 392 1267 usque
407 1199 444 1253 cd
457 1199 481 1253 si
502 1197 588 1253 vitam
614 1197 773 1268 simplicem
784 1210 851 1251 rere

74 1288 151 1343 isset.

941 882 1022 939 Vsus.
1038 883 1084 937 tt.
1109 900 1172 936 -c
1197 883 1337 938 llnmerus
1362 899 1456 940 meus.
1474 904 1487 935 r
1503 883 1533 940 Si
1556 902 1588 939 ea
1604 885 1680 940 bona
1695 902 1761 959 quae

905 986 954 1026 ore
968 971 1088 1043 protuli,
1103 976 1169 1039 etc..
1185 987 1270 1041 usque
1294 971 1373 1026 adut
1387 973 1519 1029 ostendet
1543 973 1573 1028 in
1588 990 1619 1030 se
1634 975 1757 1047 conjun-

905 1063 974 1125 ctas,
991 1059 1119 1132 singulas
1132 1064 1293 1114 enumerat.

940 1148 1081 1203 vanem.
1111 1166 1174 1199 -r
1201 1147 1320 1219 Semper
1335 1148 1415 1202 enirn
1444 1149 1575 1220 quasitu
1603 1155 1724 1207 mentes.
1744 1172 1759 1201 ι

906 1236 1027 1302 Fluctus,
1045 1251 1111 1291 cum
1122 1240 1276 1304 ,tumentes
1304 1237 1429 1308 desuper
1454 1238 1618 1305 imminent,
1633 1245 1700 1309 etc,
1716 1256 1762 1297 aa·

74 1393 118 1433 ns.
134 1381 161 1431 7.
185 1408 220 1416 -
237 1397 248 1426 ι
264 1375 294 1432 Si
319 1374 474 1431 declinavit
497 1390 612 1446 gressus
627 1374 751 1429 meusde
763 1373 820 1428 via.
837 1392 850 1423 ι
903 1339 956 1394 W
966 1323 1006 1380 ω
1016 1339 1104 1396 ‘¹⁰⁸⁰'
1118 1325 1209 1380 ”mi
1225 1324 1353 1394 q⁰⁰²idi⁰
1376 1332 1575 1398 ⁰¹P³l⁰⁵⁰l¹¹¹l·

308 1463 313 1474 .
413 1465 418 1476 .
573 1463 578 1473 .
801 1462 807 1473 .
942 1413 1463 1485 rPondusejusferrenonpotui,a
1493 1416 1757 1490 quoniamquier·

74 1481 223 1536 agressus
238 1464 272 1519 de
288 1464 481 1529 vradeclrnat,
499 1468 612 1534 quotres
633 1467 733 1518 nostm
745 1467 853 1563 cogvta·
903 1502 1101 1574 mmijudicii
1132 1503 1287 1557 adventum
1315 1502 1428 1558 intenta
1459 1510 1556 1560 mente
1584 1506 1757 1574 consident,

74 1559 114 1611 W
125 1553 304 1608 ‘mummi'
322 1568 375 1624 per
392 1567 564 1607 ⁰⁰n⁵⁰¹¹⁵¹¹m
579 1550 718 1624 “linquit
735 1566 848 1607 “mm
903 1591 1031 1661 protecto
1042 1590 1162 1659 ridetur,
1178 1590 1247 1662 quie
1259 1595 1356 1646 tantus
1367 1608 1456 1663 pavor
1472 1593 1617 1661 imminet,
1634 1600 1759 1667 quantus

74 1643 103 1741 Ei
116 1659 140 1696 ⁵¹
159 1646 288 1696 secutum
300 1647 342 1696 est
354 1642 453 1739 ⁰⁰¹il⁰³
476 1656 554 1740 Μ
567 1656 625 1696 ⁰⁰²
646 1662 657 1689 '
682 1641 759 1695 sm
772 1657 850 1696 mm
871 1681 964 1736 Bnon
978 1678 1071 1734 solum
1084 1685 1152 1734 tunc
1177 1679 1283 1747 videre,
1313 1680 1363 1735 sed
1391 1682 1478 1736 etiam
1506 1698 1582 1737 nunc
1607 1683 1758 1754 providere

74 1735 121 1789 vtro
140 1746 192 1801 par
206 1731 303 1784 oculos
328 1728 461 1798 trabitur,
484 1744 524 1784 src
547 1744 755 1799 nonnunquam
783 1744 851 1783 con·
905 1765 1099 1836 pertimescat·

74 1835 84 1874 ι
105 1819 279 1874 intrinsecus
303 1818 447 1889 compellit
471 1817 524 1873 sibi
549 1818 729 1873 extrinsecus
752 1819 851 1873 oculus

74 1923 156 1963 rvrre.

74 2011 119 2051 ns.
135 1997 161 2050 8.
174 2024 208 2036 —
224 2018 235 2045 ι
254 1997 287 2050 Et
300 1994 453 2066 progenies
466 2010 532 2049 mea
545 1995 716 2051 eradicetur.
734 2013 748 2048 r
768 1993 852 2060 Quis·

75 2083 156 2155 jnxta
174 2083 226 2138 boc
239 2084 316 2156 quod
339 2083 469 2155 loquitur
498 2099 555 2138 nou
571 2083 650 2149 vivit,
674 2100 747 2155 quos
765 2083 851 2139 verbo

74 2172 140 2238 rita
154 2172 307 2227 stabilitate
322 2172 501 2228 rectitudinis
517 2188 605 2242 opere
620 2172 719 2227 evellit

74 2264 240 2317 ns.9.·-«
265 2261 295 2315 Si
324 2261 544 2332 deceptumeet.
572 2282 583 2311 ι
612 2261 703 2330 (reid.)
730 2262 784 2316 Per
797 2262 852 2317 hoc

83 2349 223 2421 cogitasse
251 2350 286 2405 de
317 2348 513 2405 fornicationis
537 2349 648 2404 macula
680 2348 725 2404 vir
738 2354 852 2405 sanctus

74 2443 228 2494 insuetur.

80 2527 114 2582 Et
141 2527 165 2580 si
194 2526 228 2582 ad
258 2526 403 2581 ostium·
432 2527 486 2581 Per
515 2525 569 2580 hoc
594 2530 727 2597 patenter
753 2530 853 2582 osten-

74 2621 136 2685 etc.,
150 2631 236 2686 usquc
261 2616 300 2671 od
327 2615 485 2671 secundum
504 2615 558 2670 hoc
588 2616 665 2687 quod
681 2615 751 2671 dicit
764 2616 789 2671 si
802 2617 852 2672 de·

74 2710 171 2761 nmest
185 2721 243 2768 cor,
260 2709 315 2760 etc.

74 2797 181 2850 raatt.
198 2812 260 2845 -o
289 2794 346 2847 Hoc
380 2792 458 2847 enim
486 2792 566 2849 netas
592 2798 674 2849 est.»
706 2793 854 2848 Hocinter

74 2886 150 2937 mum
158 2882 246 2937 distat
260 2887 288 2937 et
301 2881 419 2951 crimen,
442 2885 507 2950 etc,
536 2882 671 2951 usquead
683 2882 734 2937 sed
761 2898 853 2954 usque

74 2971 243 3026 erditionem
258 2971 387 3026 devorat.

74 3075 120 3115 ure.
138 3062 180 3114 tt.
195 3089 229 3101 -
258 3077 274 3112 a
301 3060 333 3115 Et
362 3058 459 3114 omniu
483 3059 630 3127 eradicans
658 3059 818 3130 genimine.
836 3081 851 3111 a

74 3147 139 3202 nina
147 3149 251 3202 animre
262 3152 328 3203 sunt
340 3148 524 3218 operationes
538 3148 632 3216 bonae,
642 3147 720 3219 quia,
734 3147 760 3202 si
770 3149 853 3204 luxu·

74 3237 143 3291 nalo
160 3252 218 3291 uon
249 3236 400 3303 resistitur,
417 3242 445 3292 et
468 3237 517 3293 illa
546 3240 668 3308 pereunt
693 3252 760 3309 quor
777 3237 854 3293 bone

74 3325 174 3379 bantur
189 3343 197 3391 ;
211 3323 259 3379 sed
288 3325 318 3379 in
333 3329 411 3380 muta
434 3325 570 3380 castitalis
596 3325 739 3380 munditia
767 3342 854 3398 quam

75 3410 122 3467 ilis
132 3411 186 3468 tuit
200 3414 303 3483 aperit,
318 3428 383 3468 cum
392 3413 559 3484 subjungit:

74 3514 124 3555 ras.
142 3502 185 3555 13.
206 3519 272 3551 -a
294 3500 324 3555 Si
348 3501 508 3572 contempsi
536 3500 668 3556 subire.»
699 3501 754 3567 oui
772 3501 856 3572 jndi-

74 3603 140 3643 cnm
152 3588 242 3643 servis
256 3588 314 3643 suis
326 3589 494 3661 ancillisque
518 3605 578 3644 non
592 3590 700 3658 renuit,
727 3595 790 3658 etc,
805 3605 856 3647 us-
943 3574 1022 3630 vm·
1037 3574 1082 3628 ²7·
1108 3590 1172 3624 ‘⁴¹
1197 3571 1232 3626 Et
1259 3571 1388 3626 lfflffllum
1407 3576 1460 3639 ⁰⁸²2
1485 3577 1538 3628 ⁰2⁰·
1555 3592 1569 3624 l
1586 3574 1620 3629 El
1633 3572 1759 3644 (10ῑῦῑῦ-

74 3676 107 3732 ω
122 3677 198 3731 undo
221 3681 249 3732 οι
272 3677 405 3748 protinus
432 3678 528 3734 subdit
545 3695 552 3734 :
569 3699 584 3729 „
609 3678 681 3744 Quid
709 3679 787 3735 enim
813 3679 857 3735 fa.
908 3662 1087 3718 considerata
1102 3676 1183 3716 mens
1206 3660 1350 3716 favoribus
1364 3664 1455 3715 tracta
1477 3661 1633 3734 aliqnando
1656 3661 1757 3717 landas

74 3783 115 3820 1„
909 3750 986 3822 quod
995 3748 1072 3819 lecit,
1090 3749 1167 3805 abdit
1181 3765 1188 3803 :

74 3853 855 3925 ω.15.-·Νυηᾳιιίἀηοιιίηυωτοίοοίῑ.ιΡοιρῃ.
945 3837 1285 3894 «Etosculatussumu
1312 3851 1364 3907 per
1385 3843 1426 3899 {os
1457 3837 1563 3893 locutio
1595 3836 1763 3909 designatus

74 3938 164 3994 vviris
180 3955 286 4010 magna
301 3942 446 3997 estvirtus
465 3941 646 3998 humilitatis.
673 3943 856 3999 Considerata
910 3940 1029 3982 manum
1050 3941 1119 3997 ⁰18⁰
1144 3940 1226 3980 mm
1256 3924 1401 3980 ⁰³⁰¹¹¹⁸luf
1429 3940 1478 3980 ΟΝ
1503 3941 1566 3993 ³¹¹⁰»
1586 3925 1637 3996 qui
1662 3925 1761 3981 nudat

74 4028 169 4085 arsuro
197 4029 381 4099 conditionis,
405 4031 467 4101 jan
493 4031 529 4086 aa
553 4031 694 4087 vibemus
716 4047 804 4103 opera
825 4047 856 4087 sa
909 4014 1078 4088 quonam.

74 4116 153 4173 erut.
945 4103 1025 4159 Vuis.
1043 4104 1089 4157 28.
1108 4131 1139 4142 -
1167 4122 1178 4151 r
1209 4101 1278 4166 Ques
1296 4107 1340 4158 est
1360 4100 1538 4174 iniquitaso
1564 4099 1659 4173 (ibid.)
1685 4101 1759 4166 Ouia

74 4219 121 4260 us.
139 4206 182 4259 lb.
207 4235 241 4246 -
256 4224 272 4254 «
300 4205 329 4260 si
357 4207 459 4277 negavi
479 4208 557 4278 quod
584 4207 758 4263 volebant„
790 4209 857 4263 120„
909 4192 1034 4248 auctoris
1059 4191 1105 4246 sui
1134 4189 1257 4262 gratiam
1286 4207 1389 4264 negare
1419 4190 1600 4247 convincitur
1627 4190 1760 4262 quisquis

74 4297 165 4349 taem
180 4297 209 4349 a
230 4294 424 4349 humilitatem
447 4296 544 4351 subdu
572 4296 608 4352 aa
635 4296 787 4367 libertae,
803 4312 891 4369 pern
909 4281 964 4337 sibi
978 4281 1202 4354 rerumquae
1217 4286 1362 4352 oper-nur.

74 4381 310 4452 nstenditur,lnon
320 4382 414 4438 solum
428 4383 463 4438 ad
478 4383 606 4455 inopiam
617 4384 792 4456 pauperibus
805 4386 856 4442 sed
947 4370 1105 4427 “Unima-
1125 4393 1136 4420 ¹
1154 4371 1244 4427 ΟΜ
1266 4374 1425 4443 P²⁰⁰⁸l¹¹fflr
1441 4369 1517 4441 ΨΜ
1533 4386 1569 4425 ⁰¹
1591 4369 1761 4426 infirmnm

74 4472 140 4528 aad
156 4470 332 4526 desiderium
346 4472 517 4527 deseruisse,
910 4463 963 4524 est,
988 4475 1069 4532 spem
1091 4476 1152 4515 non
1170 4459 1276 4530 perdit,
1292 4459 1388 4530 quiae
1417 4460 1474 4513 Deo
1495 4459 1607 4514 veniam
1635 4458 1760 4530 qnaerit;

941 1872 1023 1927 Vnus.
1034 1874 1078 1927 tl.
1092 1901 1127 1914 -
1146 1891 1161 1924 ι
1176 1871 1205 1928 Si
1222 1873 1318 1945 putavi
1334 1889 1448 1929 aurum.
1466 1893 1479 1924 a
1495 1874 1595 1944 (Geso.
1628 1877 1658 1931 tn
1671 1877 1757 1945 dole,

906 1960 926 2015 l.
949 1960 1029 2032 1111.)
1058 1962 1097 2015 lle
1120 1963 1253 2016 creatore
1278 1962 1386 2034 quippe
1407 1963 1571 2034 desperasse
1600 1964 1705 2033 furerat,
1735 1965 1759 2020 si

906 2065 987 2120 spem
1001 2065 1032 2103 rn
1047 2053 1208 2104 creaturam
1222 2050 1365 2121 posuisset
1381 2068 1388 2106 :
1406 2051 1456 2123 qui
1467 2052 1546 2107 enim
1559 2052 1668 2108 lebenti
1680 2052 1759 2108 inui-

905 2137 986 2205 titur,
1001 2152 1115 2193 necesse
1130 2143 1175 2193 est
1189 2143 1222 2193 ut
1234 2154 1300 2192 cnm
1311 2139 1425 2194 labente
1442 2140 1564 2195 labatur.

941 2227 1021 2283 Vsus.
1035 2229 1080 2280 25.
1094 2254 1127 2266 -
1145 2225 1197 2282 «Si
1210 2227 1321 2282 letatus
1348 2243 1421 2282 sum.
1439 2246 1455 2279 s
1479 2227 1557 2283 Nihil
1582 2229 1660 2284 enirn
1680 2233 1761 2285 extra

907 2316 999 2371 Deum
1012 2314 1223 2382 menlisulllcit,
1241 2330 1305 2387 quae
1313 2315 1549 2371 [leumveraciter
1562 2316 1756 2388 quaeritate..

905 2419 991 2475 osque
1010 2403 1048 2459 od
1061 2404 1223 2458 Intellectus
1244 2404 1288 2458 vel
1303 2403 1362 2459 otio
1383 2409 1488 2475 torpet,
1511 2405 1555 2460 vel
1572 2405 1696 2462 elatione
1711 2422 1760 2461 va·

906 2493 1008 2561 nescit,
1020 2498 1050 2548 et
1063 2492 1127 2548 ideo
1143 2491 1183 2547 ait
1196 2509 1204 2546 :

944 2603 955 2633 ι
971 2581 1125 2639 straturus
1139 2596 1213 2636 sum.
1231 2597 1244 2633 v
1261 2581 1332 2636 Cum
1347 2585 1443 2638 autem
1458 2597 1524 2650 quae
1534 2581 1679 2654 intelligit,
1691 2585 1758 2649 etc,

905 2686 992 2742 usque
1003 2670 1069 2725 oda
1084 2670 1147 2724 luce
1160 2669 1298 2725 invisibili
1319 2686 1368 2726 cor
1382 2674 1462 2726 extra
1488 2670 1604 2726 inhians
1626 2675 1759 2738 cecatur,

907 2762 935 2814 et
949 2763 1118 2815 estsensus.

942 2849 1023 2903 Vnus.
1038 2850 1083 2902 td.
1098 2876 1135 2888 -
1149 2847 1204 2901 «Si
1218 2845 1276 2901 vidi
1292 2846 1395 2902 solem.
1410 2866 1425 2899 u
1442 2849 1520 2903 Pone
1550 2846 1602 2902 soli
1627 2846 1760 2902 homines

872 2952 960 3024 caua
973 2935 1050 2991 bona
1063 2950 1122 2991 non
1137 2934 1242 2999 rident,
1264 2939 1317 2990 etc.
1336 2954 1350 2985 »
1378 2950 1464 3005 usque
1489 2934 1528 2991 od
1542 2935 1612 2991 dum
1626 2941 1753 2991 contem·

907 3024 1036 3098 platinae
1050 3024 1165 3092 mentis,
1176 3025 1220 3079 sol
1236 3023 1271 3079 de
1286 3023 1372 3080 coelo.

945 3114 1120 3169 asstlunam
1148 3112 1375 3168 incedentem.»
1406 3113 1516 3169 Lunam
1543 3111 1612 3169 dicit
1640 3112 1760 3180 tamam,

907 3201 1082 3274 quaelucens
1099 3202 1223 3257 innecte
1242 3201 1330 3272 bujus
1343 3199 1409 3255 ritae
1424 3217 1458 3256 ex
1480 3200 1557 3256 bono
1581 3217 1668 3272 opere
1682 3201 1758 3257 vires

907 3290 1049 3362 accipit·
1089 3290 1123 3345 et
1148 3305 1207 3345 non
1235 3292 1279 3345 est
1306 3289 1435 3345 laetatum
1458 3289 1491 3344 in
1514 3289 1679 3345 abscondito
1709 3305 1760 3344 cor

908 3395 1016 3436 meum.
1029 3400 1043 3429 a
1057 3378 1218 3435 Suntenim
1239 3377 1291 3450 qui
1317 3377 1377 3433 suis
1400 3378 1553 3451 preconiis
1582 3379 1760 3435 extolluntur

908 3469 985 3542 apud
999 3483 1039 3536 se,
1051 3467 1190 3539 gaudent.
1208 3467 1244 3522 Et
1256 3468 1312 3523 hoc
1325 3470 1369 3523 est
1383 3483 1390 3522 :

74 4560 105 4615 nt
131 4559 248 4615 oculum
276 4560 775 4630 viduoe‚.1n00ncranrepdgndum
803 4567 855 4630 ως,
909 4548 1099 4620 praesumptio
1113 4564 1192 4615 vero,
1208 4552 1316 4619 quanto
1341 4546 1456 4618 lougius
1469 4549 1512 4602 est
1533 4547 1569 4602 ab
1598 4547 1762 4602 humilitate
1872 4546 1874 4551 '

74 4646 163 4703 taam
177 4664 245 4703 vara
257 4648 422 4706 humilitate,
449 4651 564 4723 quassit,
593 4651 623 4706 jd
638 4656 691 4719 est,
715 4652 793 4725 quod
804 4668 858 4709 nec
912 4640 990 4694 lanto
1003 4636 1120 4708 gravius
1134 4635 1343 4706 desperatione,
1362 4638 1391 4691 el
1404 4635 1474 4691 dum
1495 4635 1551 4690 sibi
1563 4634 1637 4689 vires
1646 4634 1759 4702 tribuit,

74 4734 205 4803 esiderio,
219 4736 269 4791 sed
284 4753 318 4791 ex
334 4738 498 4794 necessitate
518 4738 652 4810 poscitur,
681 4745 711 4796 ut
740 4756 857 4797 nonsu-
911 4727 998 4781 ⁸⁰0⁰
1014 4723 1215 4796 mministi-

80 4839 258 4889 exmunere,
275 4825 323 4880 sed
348 4826 434 4881 etiam
448 4827 593 4882 celeritate
620 4829 747 4884 muneris
771 4829 858 4886 bono
946 4813 1028 4868 Vm·
1044 4814 1164 4868 29³*
1191 4811 1220 4866 Sl
1257 4808 1373 4882 8⁸Vi⁸¹¹³
1396 4825 1461 4865 ³⁰⁰1
1479 4808 1526 4864 ad·
1547 4830 1562 4863 ⁸
1585 4809 1658 4874 0⁰5⁸
1681 4809 1762 4866 vidt-

84 4927 208 4982 operum
228 4913 330 4968 merita
341 4918 512 4984 augeantur,
911 4901 1020 4957 licetet
1050 4900 1199 4956 inimicum
1223 4899 1356 4970 diligens,
1385 4899 1455 4954 dnm
1478 4899 1640 4955 adversario
1667 4899 1764 4955 ruenti

74 5015 122 5055 ras.
141 5002 183 5054 Π.
201 5029 237 5040 -
253 5019 265 5049 ι
278 5000 307 5057 Si
322 5002 435 5056 comedi
445 5002 602 5059 buccellam
617 5021 712 5061 meam
735 5007 822 5062 sorus·
840 5026 856 5059 ,
912 4989 1066 5056 condoluit,
1084 4993 1114 5044 et
1126 4989 1207 5044 malis
1223 4988 1301 5043 illius
1315 4987 1377 5059 ipse
1387 4987 1423 5043 ad
1436 4987 1547 5043 bonum
1561 4988 1650 5044 crevit

91 5087 187 5142 solum
216 5088 340 5144 exterim
360 5089 436 5156 dedi,
461 5095 527 5158 ete,
553 5093 689 5163 usquead
703 5094 858 5150 Necistam
946 5097 1027 5152 Vara.
1050 5096 1094 5151 30.
1121 5115 1185 5144 -ι
1211 5093 1366 5150 Nouenim
1389 5093 1496 5150 dedi.»
1525 5094 1664 5150 Nonnulli
1683 5094 1760 5150 enim

74 5181 141 5232 rtem
158 5175 223 5246 sibi,
238 5177 286 5232 sed
302 5178 402 5249 gretie
414 5179 465 5233 Dei
479 5180 617 5251 attribuit,
638 5182 743 5238 dicens.
912 5182 1103 5261 quos,virtute
1113 5187 1436 5255 nequaquampossunt.

74 5280 122 5321 ns.
143 5268 185 5321 ll.
202 5284 267 5317 -a
296 5267 325 5321 Si
350 5268 466 5338 despexi
498 5274 730 5340 pretereuntem.
748 5272 859 5338 »Quod
949 5273 1029 5328 Vnus.
1070 5274 1113 5327 31.
1141 5289 1207 5323 -e
1230 5271 1259 5325 Si
1283 5286 1341 5325 non
1371 5270 1506 5326 dixerunt
1528 5269 1595 5325 viri.
1621 5290 1633 5320 ι
1657 5270 1761 5326 Secum

74 5354 857 5429 reremnondespexitvirtutemhumilitatisexbibuit;
913 5360 990 5416 enim
1017 5359 1194 5415 adversarius
1218 5364 1420 5415 conversantes
1447 5358 1599 5426 tolerabat,
1632 5359 1764 5430 quinin-

74 5443 198 5499 lautem
212 5445 336 5516 operuit,
351 5445 478 5516 pietatis.
494 5448 595 5519 Ignoto
611 5451 706 5504 autem
727 5449 858 5521 proximo
911 5450 988 5523 juste
1002 5449 1153 5520 agentibus
1175 5448 1458 5520 persilentiumnon
1480 5448 1611 5519 cedebat,
1640 5448 1690 5502 sed
1712 5464 1765 5519 per

77 5536 155 5588 rtum
184 5549 215 5587 se
244 5534 360 5601 indicat,
390 5551 477 5606 quem
513 5541 737 5608 pretereuntem
760 5543 854 5608 vocat,
914 5536 1115 5593 rectitudinem
1129 5536 1303 5593 contraibat.
