3892 6106
118 260 204 315 teas
441 254 639 312 wilarium
658 253 782 310 sturm
801 250 901 308 ratu.
922 250 1002 309 stou.
1023 253 1099 310 OPP.
1121 251 1218 310 PARS.
1237 251 1260 308 l.
1281 281 1315 292 -
1334 216 1566 310 ruminales.
1837 255 1903 310 ital

135 381 300 451 innovatur,
312 381 352 435 sic
367 379 418 453 qui
441 382 611 435 vetustatem
642 376 751 449 peccati
778 393 831 450 per
857 381 1021 449 petram,h
1040 394 1115 445 mus,
1131 379 1198 450 quia
1210 379 1304 450 justus
1320 382 1380 446 est3
1397 378 1427 432 iu
1439 378 1563 434 adventu
1582 379 1659 448 Filii,
1669 380 1839 450 daemones,
1853 383 1904 454 qui

136 485 201 542 qum
215 475 259 524 est
271 469 411 534 Christus,
438 467 620 531 mortificant,
638 466 746 521 mortui
764 467 874 521 mundo
902 466 987 520 inno·
1040 467 1070 521 in
1087 467 1169 521 idolis
1179 472 1298 522 venturu
1313 466 1495 534 nuntiabant,
1512 468 1736 525 obmutuerant.

136 563 240 613 vantur
266 559 336 625 ileo,
366 556 469 611 uude:
495 555 678 612 ltenoaabitur
706 560 737 610 ut
751 556 852 626 aquilae
858 556 987 626 jurentur
1076 556 1199 611 Audiens
1218 569 1350 610 sermones
1379 563 1491 612 uestros.
1521 557 1594 622 Ouia
1619 558 1709 613 bruta
1746 556 1902 628 gentilium

137 652 185 702 tua
199 647 350 718 (Pseleu).
1041 645 1128 699 corda
1143 660 1269 699 errorem
1286 660 1370 698 strum
1387 645 1601 715 intellexerunt,
1619 652 1648 701 et
1675 645 1821 701 vaticinia
1833 646 1901 702 falsa

464 716 576 770 CAPUT
594 716 658 770 ΧΗ·
1040 733 1230 803 reliquerunt.

171 824 254 878 Vnus.
281 825 305 876 l.
322 851 356 862 -
387 823 625 877 Taceanlinsule.
645 821 747 891 (Hira.)
773 820 846 885 Quia
872 819 903 874 in
928 820 987 875 salo
1076 822 1156 874 l'eus.
1180 823 1224 876 ll.
1254 851 1289 860 —
1315 822 1423 877 Primus
1453 822 1491 877 ad
1517 821 1585 878 Sion
1626 823 1712 879 dicet.
1744 822 1894 879 Ecclesiam

137 915 246 981 gentas,
260 909 368 965 scilieet
387 926 452 981 quae
471 909 552 963 salsis
566 915 595 964 et
621 909 727 963 amaris
742 907 875 962 fluctibus
891 909 988 962 saecrrli
1041 909 1222 979 significant3
1242 925 1306 964 ecce
1332 911 1485 966 astiterunt
1510 910 1574 979 filii,
1600 911 1713 967 seilicet
1742 911 1800 978 tui,
1828 928 1893 984 quos

139 998 313 1054 tunduntur.
1040 1014 1092 1068 per
1103 994 1187 1053 h'dem
1205 1014 1298 1053 meam
1313 998 1415 1054 donari
1438 999 1501 1065 tibi,
1521 1001 1631 1055 scilicet
1660 1001 1802 1072 apostoli,
1827 1017 1890 1073 que·

174 1087 256 1141 l'rus.
285 1090 312 1141 2.
342 1116 377 1127 —
399 1087 624 1152 Quissuscitaoit
646 1086 680 1140 ab
706 1087 817 1141 oriente.
835 1084 981 1155 (tolom-
1040 1103 1104 1141 rum
1120 1087 1324 1158 predicatione
1336 1087 1394 1142 nati
1410 1093 1477 1142 sunt
1491 1088 1544 1144 tihi
1563 1089 1627 1144 tilii.

136 1174 202 1231 dam
232 1173 415 1229 hebraeorum
440 1174 493 1228 hoc
519 1173 554 1228 ad
583 1174 686 1243 Cyrum
712 1188 810 1244 regem
835 1174 988 1228 Persarum
1076 1175 1155 1228 Vnus.
1186 1175 1230 1228 29.
1254 1204 1290 1215 —
1315 1176 1381 1230 Ecce
1417 1190 1506 1230 omnes
1529 1177 1639 1245 injusti.
1679 1175 1829 1248 Quidquid
1857 1176 1884 1231 de

138 1263 276 1330 referunt,
294 1269 360 1330 etc,
375 1277 460 1332 usque
475 1261 576 1332 adqui
592 1261 628 1316 ab
643 1261 726 1316 initio
755 1261 890 1332 coguovit
915 1260 985 1316 blec.
1040 1261 1123 1316 idolis
1143 1262 1186 1316 rel
1203 1262 1238 1316 de
1262 1263 1394 1332 gentihus
1418 1262 1553 1331 diximus,
1582 1265 1618 1318 ad
1645 1263 1881 1320 haeresiarchasel

174 1353 256 1407 Vens.
272 1353 346 1406 3.-
369 1350 650 1420 Semitainpedibus.
667 1349 806 1405 Laborem
833 1350 878 1404 vel
905 1348 985 1403 lassi·
1040 1350 1188 1421 pravitatis
1204 1351 1338 1421 dogmata
1358 1351 1527 1419 referamus,
1543 1351 1622 1423 quia,
1653 1352 1771 1408 Christo
1796 1369 1877 1425 puceu

137 1441 266 1496 tudinem
276 1441 337 1511 ejus
351 1439 416 1495 vitm
432 1439 841 1495 nonsentiet:liusultauitut
855 1440 935 1508 gigas
949 1436 987 1492 ad
1040 1438 1172 1493 Ecclesia
1195 1439 1347 1494 nuntiante
1370 1444 1399 1493 el
1428 1440 1575 1495 veritatem
1614 1446 1807 1508 monstrante,
1836 1442 1875 1514 ipsi

138 1528 300 1584 currendam
313 1531 388 1583 eiam
1040 1542 1152 1581 errores
1167 1530 1376 1598 seqrmntur,et
1391 1531 1476 1581 vento
1490 1531 1518 1581 et
1528 1527 1639 1598 turbini
1655 1533 1855 1600 comparantur.

171 1619 252 1673 Vens.
272 1620 297 1672 5.
319 1646 354 1659 -·
369 1617 502 1673 l'iderunt
514 1617 621 1671 insule.
641 1615 710 1687 (lu.)
725 1616 755 1670 ld
771 1620 812 1670 est
840 1619 941 1686 gentes
955 1615 984 1670 in
1001 1662 1021 1716 B
1360 1615 1472 1670 cartu
1491 1617 1569 1671 tull.

137 1705 299 1773 circumitu,
315 1712 380 1774 etc,
408 1704 544 1775 usquead
568 1709 594 1758 et
620 1704 790 1759 confortavit
818 1704 985 1759 eumclavis
1076 1705 1155 1759 Vens.
1175 1707 1199 1759 l.
1226 1734 1260 1745 —-
1284 1707 1350 1760 Eece
1370 1719 1472 1760 sauna.
1497 1705 1600 1775 (iiten.)
1631 1704 1793 1760 Notandum
1818 1706 1866 1776 quia

140 1799 360 1866 praceptorum,
377 1799 409 1847 ul
424 1793 452 1847 in
467 1793 572 1847 timore
588 1792 703 1847 Ilamini
722 1797 911 1863 permaneret.
1040 1792 1161 1863 aposloli
1178 1791 1275 1857 Jacob,
1292 1791 1390 1855 israel,
1407 1797 1435 1845 et
1452 1807 1548 1845 semen
1565 1792 1865 1863 Abrahaeappellautur,

104 1868 107 1874 ⁴
173 1882 296 1936 Vaastl.
318 1880 749 1948 -Illtu,israel,seruemeus.
772 1880 985 1950 (lo.)Ilominus
1040 1877 1262 1950 quibuspostea
1287 1877 1369 1948 quasi
1394 1876 1487 1931 serris
1511 1885 1539 1934 et
1561 1877 1732 1932 homiuibus
1754 1876 1864 1933 dicitur:

138 1968 173 2023 ad
190 1968 511 2040 apostolusaiieetuose,
528 1973 594 2034 ete,
609 1983 694 2037 usque
726 1967 873 2039 adposlea
902 1969 985 2024 alecti
1040 1967 1104 2020 Noli
1117 1968 1219 2031 timere,
1242 1967 1341 2021 sernia
1370 1966 1462 2031 Jacob,
1489 1970 1541 2020 elc.
1572 1965 1704 2020 Christus
1723 1972 1866 2021 autemnon

139 2058 169 2113 in
183 2057 338 2115 amicitiam
356 2058 405 2112 [lei
416 2058 576 2129 jungimur.
1039 2070 1136 2109 acmen
1147 2054 1232 2108 Jacob
1241 2054 1283 2109 vel
1299 2055 1395 2119 israel,
1412 2056 1460 2109 sed
1471 2069 1568 2108 serras
1581 2053 1696 2110 dicitur.

173 2146 254 2202 Vens.
269 2147 295 2200 9.
315 2175 345 2188 -
362 2148 397 2202 Et
408 2162 425 2200 a
436 2147 601 2214 longinquis.
619 2146 681 2199 tam
696 2144 831 2216 usquead
858 2149 987 2200 exlrema
1076 2141 1144 2195 Dedi
1158 2141 1305 2209 Spiritum.
1321 2141 1351 2195 ln
1367 2141 1570 2210 conceptioue;
1587 2138 1665 2195 vinda
1679 2140 1801 2210 Spiritus
1820 2155 1868 2195 sarr

137 2234 227 2289 Judaei
241 2233 373 2305 dispersi,
389 2239 419 2288 el
435 2233 501 2289 inda
520 2233 554 2288 ad
576 2233 661 2288 linem
677 2233 760 2288 multi
777 2233 877 2289 secati.
1040 2232 1098 2282 otrus
1125 2228 1298 2300 superveniet
1324 2231 1354 2283 in
1365 2233 1398 2296 te,
1423 2233 1476 2282 etc.
1494 2228 1579 2297 (Phil.
1597 2229 1638 2296 u).
1657 2229 1690 2283 Et
1704 2227 1733 2282 iu
1748 2228 1869 2300 baptismo

172 2324 252 2379 Vens.
271 2323 311 2378 ll.
330 2353 363 2364 -
390 2323 494 2379 Vermis
516 2321 677 2394 donabile.)
704 2322 821 2376 vermes
851 2322 987 2378 dicuntur
1040 2315 1676 2387 claruit,cumSpiritusinspeciecolumbae
1696 2317 1869 2389 supcripsun

138 2410 270 2481 apostoli,
299 2415 436 2482 tanquam
464 2411 526 2481 ejus
549 2409 706 2465 imitatores
731 2409 780 2481 qui
807 2409 876 2464 dicit
903 2411 987 2479 :qu
1040 2405 1269 2477 requieritlluc.
1286 2406 1317 2477 ι).

137 2516 197 2555 sum
211 2501 412 2554 sembernon
436 2499 512 2553 bomo
540 2498 623 2569 (Paul.
652 2500 718 2566 xxi).
735 2498 769 2552 Et
794 2498 987 2554 sicutvermis
1076 2493 1156 2548 l'em.
1182 2496 1207 2548 3.
1232 2524 1266 2533 —
1296 2495 1395 2548 tinum
1423 2496 1574 2563 ruminans.
1604 2493 1799 2550 Sacerdotium
1823 2496 1870 2565 jau

136 2591 269 2659 penetrat
286 2591 402 2651 terram,
428 2586 468 2641 „ic
495 2585 662 2657 proedicario
693 2601 791 2640 eorum
821 2587 906 2642 corda
932 2603 986 2641 gu.
1040 2581 1356 2653 paneexsliuctumde
1376 2581 1435 2636 lino
1463 2588 1559 2636 alitem
1581 2582 1615 2637 lit
1639 2583 1808 2638 sacerdotale
1832 2598 1872 2635 ve-

137 2675 289 2734 dieutium.
1041 2671 1218 2725 alimentum.

173 2766 228 2830 Qui
250 2766 351 2819 mortui
372 2766 436 2819 estis
468 2764 614 2819 eolsrael.
640 2764 717 2819 Sicut
733 2763 779 2819 ille
799 2762 849 2834 qui
877 2763 947 2819 dicit
976 2781 983 2819 :
1077 2758 1184 2814 Educet
1212 2758 1358 2829 judicium.
1381 2759 1532 2829 iudicabit,
1550 2758 1740 2827 scilicet‚non
1760 2768 1874 2815 metuens

138 2852 265 2920 Quotidie
290 2855 388 2908 morior
419 2857 531 2923 propter
573 2856 691 2907 uestram
728 2853 854 2919 utorium,
882 2855 986 2919 fratres
1040 2848 1151 2902 Scribas
1162 2852 1189 2901 el
1201 2848 1369 2904 Pharisaeos.

137 2944 163 3010 (1
175 2944 236 2999 cor.
251 2941 352 3012 xv);et
366 2940 457 2997 alibi:
487 2943 659 2997 Viooautem
682 2941 742 3010 jam
761 2955 873 3010 noueqo
893 2934 1021 3006 ςυιυίιΰ
1075 2938 1157 2991 Vens.
1180 2937 1206 2990 4.
1232 2965 1267 2978 -
1295 2938 1352 2992 Non
1373 2939 1426 2991 erit
1451 2938 1548 2992 tristis.
1567 2936 1632 3008 (ln.)
1662 2938 1721 2992 iloc
1743 2938 1877 2992 tlatlhcus

136 3045 199 3086 uero
211 3033 240 3085 in
253 3045 294 3085 me
309 3030 431 3087 Christus
446 3031 524 3097 (Gal.
549 3028 589 3099 ιι).
652 3059 658 3071 ·
1039 3039 1097 3078 uon
1112 3023 1218 3096 posuit,
1243 3024 1301 3079 sive
1331 3025 1407 3078 iuter
1426 3024 1568 3096 judicium
1583 3031 1613 3080 et
1631 3026 1776 3096 judicium
1798 3027 1879 3081 media

171 3119 251 3174 Vens.
283 3120 325 3173 lb.
346 3148 379 3158 —
407 3119 470 3186 Euo
489 3119 571 3187 posui
593 3122 618 3171 te
642 3119 724 3188 quasi
750 3117 913 3188 plaustrum.
936 3117 986 3172 Vir
1040 3112 1188 3183 scriptoris
1212 3128 1308 3167 errore
1333 3112 1445 3168 sublata
1474 3118 1549 3168 sunt.
1579 3115 1627 3168 Est
1655 3119 1754 3169 autem
1780 3131 1878 3179 sensus,

136 3205 343 3261 ecclesiasticus
355 3205 441 3261 habet
456 3204 669 3277 predicationis
679 3209 780 3272 rostra,
807 3208 872 3271 etc,
900 3219 986 3275 usque
1040 3201 1233 3271 equalitatem
1250 3201 1432 3256 vllltusomni
1447 3206 1577 3273 tempore
1589 3203 1793 3258 conservabit:
1810 3202 1880 3268 Quod

137 3294 174 3350 ad
188 3298 218 3348 ut
232 3295 307 3348 male
322 3293 487 3364 cougregati
504 3294 576 3348 bene
588 3293 761 3348 dividantur.
1040 3290 1075 3344 de
1091 3288 1206 3344 Socrate
1216 3288 1286 3343 salso
1311 3289 1474 3362 gloriantur
1491 3289 1669 3362 philosophi,
1696 3290 1774 3363 qued
1787 3291 1881 3346 scilieet

170 3383 252 3436 Vens.
285 3383 327 3436 rs.
352 3411 387 3421 -
413 3382 488 3436 Dabo
524 3384 552 3435 in
575 3381 749 3436 solitudinem
779 3381 888 3436 cedrum
917 3382 982 3452 (lu.)
1038 3377 1640 3448 plussolitonontristisluserituechetus.

135 3469 279 3524 Arborum
292 3468 443 3524 varietates
472 3469 666 3524 diversitatem
695 3468 852 3540 spiritualis
886 3470 985 3540 gratiae
1074 3468 1106 3521 ln
1127 3471 1201 3521 terra
1220 3466 1367 3535 judicium.
1404 3467 1507 3522 Unde:
1541 3467 1726 3537 iujudicinm
1763 3469 1883 3536 egerem

137 3558 310 3628 significant,
334 3571 370 3611 ne
393 3556 493 3611 saltem
523 3571 580 3611 una
607 3557 715 3611 chorda
742 3556 777 3611 de
799 3557 908 3611 cithara
927 3559 985 3613 llo-
1039 3557 1067 3608 in
1097 3555 1166 3609 laune
1189 3554 1318 3610 mundum
1345 3556 1444 3624 utqui
1482 3571 1536 3611 non
1563 3555 1658 3610 uiderat
1687 3555 1814 3624 uideant,
1838 3560 1881 3610 eta

113 3646 219 3712 -mini,
247 3649 275 3699 et
305 3643 401 3716 aliqua
424 3645 514 3699 virtus
549 3645 707 3715 gratiarum
733 3644 856 3699 Ecclesia
887 3644 985 3700 deesse
1039 3644 1133 3711 (dean.
1150 3644 1196 3712 ist.

136 3735 268 3790 rideatur
298 3751 305 3788 :
334 3749 456 3805 quarum
486 3733 690 3788 sublimitatem
708 3733 743 3788 ad
767 3732 984 3787 coelesliafesli-
1073 3733 1154 3787 Vens.
1181 3732 1521 3787 tl.-·lustitia.tuslum
1548 3731 1603 3786 hait
1623 3735 1657 3787 ut
1676 3733 1817 3789 transiret
1843 3748 1883 3805 per

135 3826 252 3876 nantem
264 3819 408 3875 illuminat
423 3821 534 3892 lignum
549 3821 643 3889 olivre,
657 3821 749 3876 fomes
772 3820 854 3889 lucis,
870 3822 984 3894 requies
1040 3821 1183 3892 apostolos
1198 3821 1232 3875 ad
1249 3823 1348 3891 gentes
1363 3825 1546 3890 contemptus
1563 3836 1577 3873 a
1592 3819 1712 3875 Judaeis.

134 3908 292 3964 laborantis
306 3909 350 3964 vel
365 3909 471 3964 lassati.
1075 3910 1156 3963 Vens.
1187 3913 1213 3963 7.
1238 3936 1274 3950 -
1307 3909 1441 3964 Vinctum.
1472 3907 1802 3979 Funibuspeccatorum
1829 3908 1881 3964 :in

171 3998 292 4068 Spinum,
304 4002 329 4051 et
344 4001 474 4066 myrtum,
500 4002 526 4052 et
554 3998 657 4066 lignum
671 3997 757 4053 oliuae.
769 3997 831 4052 Lxx
847 4014 854 4052 :
869 3998 983 4067 Setbim,
1040 3996 1201 4067 Evangelio,
1218 4011 1303 4067 quem
1316 3994 1572 4051 Satanasvinxerat
1587 3996 1728 4050 Dominus
1743 3996 1838 4053 solvil.

136 4100 201 4155 qtvoe
220 4083 443 4139 estarboralbae
469 4083 686 4155 spinaesimilis,
716 4089 781 4153 etc,
802 4084 938 4154 usquead
955 4090 984 4140 et
1074 4086 1196 4140 Vana&
1225 4115 1260 4124 -
1278 4085 1376 4139 Alteri.
1411 4082 1497 4138 Filius
1521 4087 1550 4139 el
1568 4083 1693 4155 Spiritus
1720 4089 1838 4141 sanctus
1858 4084 1882 4139 iu

135 4173 199 4228 ideo
214 4172 405 4227 consolatores
417 4177 521 4226 sanctae
537 4173 667 4227 Ecclesia
679 4172 829 4242 significat.
996 4218 1019 4271 D
1041 4172 1150 4227 [leitale
1163 4175 1272 4229 aPatre
1287 4174 1359 4227 alter
1369 4188 1427 4226 non
1441 4176 1491 4240 est,
1511 4175 1539 4227 el
1552 4171 1616 4227 ideo
1630 4173 1771 4228 eamdem
1786 4178 1815 4230 et
1835 4174 1882 4246 glo

169 4261 251 4315 Vens.
275 4263 321 4315 22.
360 4289 395 4300 -
419 4262 599 4315 annuntiate.
627 4261 690 4332 (Iu.)
735 4260 883 4331 Significat
916 4262 984 4332 quia
1019 4261 1111 4317 ·riam
1129 4265 1158 4316 et
1171 4261 1286 4316 laudem
1301 4259 1395 4315 hahet.

136 4346 274 4402 idolanec
290 4346 426 4402 audiendi
453 4362 506 4400 nec
534 4346 728 4417 respondendi
741 4346 850 4402 habeut
868 4348 984 4404 facolta-
1073 4351 1155 4405 Vnus.
1173 4353 1199 4404 9.
1229 4378 1264 4391 ·-
1301 4349 1382 4405 Vobis
1397 4350 1511 4417 sariam.
1536 4349 1571 4404 llt
1598 4348 1704 4414 sciatis,
1740 4350 1813 4422 quia
1840 4365 1885 4421 ege

135 4442 204 4502 teni,
221 4435 713 4506 etc.‚usqueadpatclquodidola
741 4440 804 4507 post
826 4437 982 4494 adventurn
1037 4439 1186 4505 Dominus,
1207 4441 1323 4493 nonest
1342 4436 1595 4508 aliusprreterme
1624 4452 1632 4491 ε
1658 4440 1687 4492 el
1715 4438 1771 4510 qui
1797 4439 1885 4512 priora

136 4524 240 4580 Christi
254 4540 350 4578 vocum
365 4523 533 4580 amiserunt.
1036 4526 1153 4583 cernitis
1167 4526 1296 4596 impleta,
1307 4525 1428 4580 credatis
1440 4541 1505 4597 quae
1516 4525 1655 4597 polliceor
1673 4525 1787 4583 futura.

170 4614 250 4667 Vens.
268 4615 312 4667 35.
328 4612 409 4667 -Si
427 4613 552 4681 potestis.
569 4611 666 4682 Neque
681 4609 828 4666 daemones
851 4616 981 4684 possunt,
1072 4616 1152 4669 Vens.
1172 4616 1213 4669 ru.
1243 4615 1401 4670 —Il'ouum
1424 4614 1455 4668 ln
1477 4613 1602 4667 novitate
1615 4611 1758 4684 Spiritus,
1778 4632 1838 4671 nou
1860 4616 1885 4670 in

135 4701 192 4756 uisi
207 4701 257 4757 Dei
273 4699 471 4772 permissione,
488 4700 565 4771 qrrod
584 4699 711 4753 assident
738 4698 823 4754 idolis
849 4701 916 4773 quia
930 4717 984 4756 nec
1035 4707 1175 4758 vetustata
1201 4702 1324 4769 litterae3
1350 4717 1403 4756 nec
1418 4702 1511 4756 solum
1535 4699 1568 4754 in
1581 4700 1675 4756 Veteri
1691 4702 1884 4771 Testamenta,

134 4805 245 4860 porcas,
273 4804 325 4843 nec
349 4788 439 4843 sancti
460 4787 513 4843 lah
526 4788 658 4859 jumenta
683 4792 842 4859 potuerunt
870 4789 982 4862 disper·
1038 4789 1232 4847 sedetiamin
1242 4788 1351 4844 Novo.'

135 4879 203 4934 dere
217 4877 280 4933 sine
295 4876 344 4932 llei
367 4876 567 4949 permissione.
585 4877 691 4931 Paulos
721 4893 837 4949 quoque
865 4877 984 4933 tradidit
1073 4879 1128 4944 Qui
1150 4877 1312 4933 descenditis
1326 4880 1357 4933 in
1379 4893 1463 4933 mare.
1480 4877 1542 4950 (ln.)
1559 4877 1640 4932 Prius
1663 4877 1830 4950 piscatores
1851 4879 1886 4951 pi·

134 4967 247 5022 Satanae
261 4964 411 5037 quosdam.
1037 4966 1138 5036 scium,
1154 4966 1389 5038 posthumiuum;
1405 4966 1481 5022 unde
1493 4966 1529 5023 ad
1537 4966 1662 5022 litteram
1674 4983 1681 5022 :
1691 4968 1791 5025 multa
1806 4966 1888 5023 maria

88 5079 104 5102 ·
169 5055 250 5110 Vens.
275 5058 318 5108 tlt.
347 5083 382 5095 -
402 5053 547 5108 suscitavi.
572 5051 639 5121 (lu.)
667 5052 767 5107 Adhuc
789 5056 887 5107 eontra
905 5051 983 5108 idola
1037 5054 1223 5112 transierunt.

135 5141 263 5212 loquitur
273 5145 407 5194 etcantra
419 5139 541 5193 cultores
555 5154 667 5206 eorum,
694 5143 760 5207 etc,
790 5153 874 5209 usque
899 5139 984 5195 adut
1072 5145 1154 5198 Vens.
1170 5146 1259 5199 tl.-
1279 5141 1377 5199 aeder.
1406 5142 1494 5198 Filius
1509 5141 1667 5197 ismaelis:
1699 5142 1843 5201 Saraceni
1860 5142 1888 5199 ab

135 5230 252 5285 credaut
265 5229 296 5283 in
307 5244 374 5284 eum
394 5227 444 5301 qui
460 5227 538 5282 veuit
553 5227 588 5282 ab
605 5233 670 5283 ortu
681 5229 759 5284 sotis.
1037 5245 1081 5298 eo,
1096 5229 1146 5300 qui
1156 5229 1260 5284 melius
1273 5229 1418 5301 agareni:
1440 5229 1489 5285 sed
1504 5228 1622 5284 nomine
1651 5229 1757 5286 liberte
1786 5234 1889 5288 velare

171 5319 302 5373 Venedi.
313 5347 349 5360 -
362 5319 429 5385 Quis
439 5320 615 5372 annuntiavit
626 5317 660 5371 ab
675 5317 806 5374 ceordic?
816 5317 897 5390 quasi
911 5317 984 5373 dics·
1038 5317 1306 5390 runtignominiam
1321 5318 1440 5373 ancille.
1462 5318 1563 5373 lsmael
1578 5317 1656 5372 enim
1671 5318 1757 5375 lilius
1782 5321 1889 5376 ancilla

136 5410 232 5460 caret:
249 5406 347 5460 Nullus
361 5406 391 5460 in
406 5405 540 5476 gentibus
563 5405 618 5460 luit
633 5408 682 5476 qui
706 5406 919 5461 annuntiaverit
933 5406 983 5460 ad·
1036 5408 1113 5476 Agar
1132 5405 1198 5475 fuit,
1226 5406 1261 5461 ab
1287 5405 1341 5461 hac
1363 5405 1505 5461 Saraceni.
1528 5404 1683 5461 Duodecim
1709 5408 1794 5464 enim
1810 5410 1891 5465 duces

138 5499 256 5549 ventum
285 5494 359 5548 iilii.
380 5493 408 5547 Si
434 5499 477 5548 est
491 5498 587 5548 autem
603 5494 652 5565 qui
668 5493 891 5563 annuntiaverit,
906 5494 982 5550 diee-
1038 5494 1147 5564 genuit.
1167 5494 1290 5549 Nomine
1305 5509 1421 5566 queque
1433 5494 1495 5566 ejus
1508 5492 1571 5566 ipsa
1596 5492 1708 5550 dicitur
1732 5499 1890 5569 pruvincia
