3892 6106
66 240 134 292 aes
625 242 754 302 ocosse
777 241 980 300 onotnsnn.
1005 213 1039 282 ἰ-
1063 241 1126 298 ae.
1142 243 1250 300 tsue.
1751 249 1819 304 rese

98 362 180 416 Vens.
201 364 243 417 lb.
259 392 294 403 -
309 362 384 427 Quid
397 366 427 416 ta
447 364 511 417 hic?
537 367 574 417 Ac
603 364 626 418 si
642 365 770 421 diceret:
792 367 849 421 Cur
863 364 953 420 ubit
972 366 1044 420 'lum
1060 365 1094 420 de
1109 364 1243 420 omnibus
1262 364 1348 434 vitiis,
1370 369 1431 420 lam
1452 366 1486 421 de
1502 366 1659 422 heresibus
1686 369 1740 423 hoc
1753 385 1818 424 sen·

60 448 419 504 vissedilicnredomum‘l
445 454 672 520 etc.‚usv1uead
697 470 784 525 quam
815 454 914 524 sepul·
967 455 1049 520 titur,
1066 454 1134 527 qaia
1146 471 1203 509 ana
1219 463 1300 525 cepta
1315 454 1372 509 alia
1387 454 1574 524 pertimescit,
1604 456 1676 510 etin
1698 456 1817 512 alterius

60 553 142 592 crttm
158 542 187 592 et
200 537 343 592 memoria
358 538 575 609 appellandam.
967 543 1136 597 confusione
1151 542 1240 596 altera
1254 558 1283 595 se
1299 542 1467 614 capiendam
1483 544 1580 597 sentit.

96 627 176 681 Vens.
210 629 251 681 l8.
280 656 315 668 -
343 627 479 682 Coronans
507 629 646 682 coronabit
665 633 697 684 te.
725 629 779 694 Oui
808 627 916 683 scilicet
1004 633 1084 686 vans.
1101 634 1127 691 b.
1148 663 1182 673 —
1204 634 1337 697 Transito,
1361 632 1473 696 utulate,
1494 633 1543 701 qui
1570 631 1713 688 habitatis.
1738 632 1818 689 Sicut

57 715 207 786 quendem
223 715 350 769 habebas
364 730 499 769 eoronam
524 714 679 786 pontilicis,
698 721 726 770 et
754 717 913 771 sanctitica-
968 736 1056 790 supra
1083 719 1191 773 dictam
1220 724 1273 786 est,
1302 736 1368 773 cam
1396 735 1454 773 non
1480 724 1598 790 possent
1627 720 1816 776 Nabuchodo-

60 803 170 857 tionem
187 803 215 857 in
232 802 472 867 laminaeurilin
496 803 703 875 quaeeriptum
732 810 914 859 eratnoaten
968 824 1054 862 nosor
1080 809 1219 871 resistere,
1243 807 1445 862 festinaverant
1469 806 1519 879 qui
1547 813 1707 878 potuerant
1731 824 1817 863 nares

61 892 134 958 Dei),
148 891 336 946 tribulatione
352 893 526 962 elongastis
546 892 736 948 coronaberis.
968 896 1159 950 conscendere
1175 912 1182 950 :
1198 895 1246 950 alii
1261 901 1461 950 remanserunt
1474 895 1503 949 in
1516 895 1637 950 civitate.

100 980 296 1036 Tribalatione.
314 982 367 1036 Pro
383 979 491 1034 lamina
517 995 605 1034 aurea
632 981 662 1034 in
691 998 748 1052 qnia
776 981 913 1051 scriptum
1005 984 1122 1037 ramo.
1138 1014 1172 1024 —
1188 984 1319 1054 Nuuqant
1343 999 1396 1038 non
1422 984 1578 1038 bernano
1605 989 1654 1051 est,
1682 1000 1742 1055 qne
1756 986 1817 1054 plo-

60 1075 123 1122 eret
143 1084 251 1122 nomen
281 1069 405 1135 Domini,
435 1068 569 1139 qaamin
598 1070 693 1125 tronto
716 1069 848 1141 portabat
874 1086 915 1124 sa·
968 1070 1095 1124 riabntor
1117 1088 1133 1125 a
1155 1071 1248 1126 diebus
1258 1073 1385 1140 pristinis
1412 1074 1632 1140 inantiouitole‚
1654 1072 1815 1137 atanassi

59 1157 409 1210 cerdossemeliaanno.
969 1159 1075 1213 diceret
1103 1176 1108 1212 :
1140 1161 1204 1214 llaec
1245 1159 1310 1214 ideo
1350 1159 1497 1230 praecipio,
1528 1160 1595 1231 quia
1620 1161 1689 1214 urbs
1725 1165 1818 1216 vestra

96 1244 184 1311 Quasi
202 1247 298 1314 pilam.
317 1245 394 1300 Sicut
410 1244 522 1315 sphaera
537 1243 568 1298 in
590 1244 652 1299 loco
678 1244 779 1300 declivi
795 1249 822 1299 et
849 1262 914 1316 spa·
967 1248 1065 1318 Tyrus,
1081 1248 1209 1318 deposito
1225 1264 1320 1302 errore
1333 1248 1432 1315 veteri,
1457 1248 1590 1303 transibit
1607 1250 1639 1302 ed
1655 1249 1816 1304 veritatem.

58 1333 418 1403 ciosostarcnoapotest,
439 1332 740 1406 sicpopnlustuusin
767 1332 842 1387 orbis
858 1337 913 1387 ter·
1004 1337 1083 1390 Vane.
1099 1339 1125 1391 8.
1141 1366 1176 1376 -
1197 1335 1336 1405 Principes
1364 1339 1502 1391 institores
1522 1338 1580 1405 ejus
1612 1339 1709 1406 inclyti
1729 1343 1816 1405 terre,

60 1422 157 1475 minos
170 1422 362 1493 dispergetur.
969 1428 1021 1479 etc.
1039 1424 1102 1494 (lo.)
1117 1426 1191 1479 luter
1206 1425 1276 1479 alios
1290 1424 1494 1496 negotiatores,
1510 1425 1553 1478 vet
1568 1424 1653 1479 etiem
1664 1424 1694 1480 in
1708 1425 1815 1497 regnis.

96 1510 238 1564 Veneto.
255 1540 290 1551 -
317 1510 431 1565 Seruum
446 1525 534 1564 meum
549 1509 676 1565 Eliaclm.
703 1510 757 1563 Per
789 1507 913 1563 Sobnam
1007 1513 1086 1567 Vens.
1116 1515 1142 1567 9.
1176 1544 1201 1553 -
1224 1514 1269 1568 Ad
1295 1516 1472 1581 ignominiane
1496 1512 1647 1583 deduceret,
1673 1519 1726 1570 etc.
1755 1516 1817 1570 Non

58 1598 230 1668 superbum,
247 1603 313 1663 ete,
328 1613 414 1668 usaue
427 1598 465 1652 ad
479 1599 583 1652 Filium
607 1598 703 1652 Neleia
730 1596 758 1651 id
774 1595 914 1668 estpatris
929 1644 950 1698 Β
970 1600 1110 1656 Dominus
1129 1601 1296 1672 ignominie.
1315 1607 1412 1656 auctor
1441 1607 1492 1669 est,
1520 1602 1569 1656 sed
1597 1602 1674 1674 quod
1689 1602 1817 1673 ignomi-

60 1686 187 1741 Domini.
970 1689 1083 1744 uiosum
1110 1694 1152 1744 est
1165 1689 1303 1757 ostendit,
1327 1690 1485 1745 secundam
1512 1690 1608 1745 illud:
1637 1691 1816 1746 Contamina-

96 1774 176 1827 Vens.
202 1775 247 1827 22.
277 1802 311 1812 -
341 1775 458 1829 Clavem.
485 1774 538 1827 Per
566 1774 674 1827 clavem
703 1788 791 1844 qaam
825 1789 913 1843 super
967 1780 1038 1832 tione
1059 1780 1255 1833 contaminabit
1278 1795 1347 1846 cum,
1374 1795 1432 1833 non
1464 1779 1541 1850 qaod
1570 1778 1702 1833 sacerdos
1717 1784 1816 1834 consta⁸

57 1863 215 1916 humerum
231 1865 337 1930 portet,
352 1868 496 1932 sceptrum
523 1861 605 1932 regni
624 1866 652 1916 et
678 1860 793 1933 signum
824 1861 911 1916 victo·

59 1952 121 2016 ria,
138 1950 228 2004 idest
248 1965 353 2005 ennena
368 1965 512 2020 possumus
535 1950 696 2020 intelligere
722 1964 810 2020 quam
829 1947 912 2003 Chri-

57 2045 122 2092 stus
137 2037 244 2108 ipsein
260 2053 311 2091 sno
325 2039 445 2108 proprio
460 2037 585 2108 portavit
600 2038 732 2092 humero.

99 2128 203 2181 Danaus
228 2126 325 2181 Dauid.
356 2127 479 2180 Domum
509 2127 595 2181 David
627 2132 708 2182 vocat
733 2126 836 2181 domus
858 2126 912 2180 Do-

59 2215 145 2283 mini,
162 2215 192 2269 in
205 2231 262 2286 qua
275 2220 336 2269 erat
350 2231 439 2270 auree
453 2216 548 2271 clavis.

97 2308 133 2360 Et
161 2306 275 2373 aperiet.
294 2305 373 2360 Unde
398 2321 404 2359 :
434 2306 487 2372 Qui
518 2308 608 2375 aperit
634 2309 660 2359 et
692 2319 768 2359 nemo
797 2302 912 2369 otendit,

58 2392 169 2448 claudit
191 2398 216 2447 et
242 2409 318 2448 nemo
342 2396 440 2463 aperit.
467 2395 549 2459 Quod
578 2395 607 2449 in
639 2395 772 2466 passione
804 2407 912 2448 resera-

59 2483 102 2536 vit
116 2481 209 2537 claudi
222 2482 409 2553 nonpoterit;
430 2483 507 2554 quod
536 2481 567 2536 in
594 2482 772 2537 carentoniis
800 2480 912 2545 clausit,

62 2586 152 2624 nemo
168 2571 285 2641 aperiet.

97 2659 292 2714 Vens.ti.—
315 2659 527 2728 Etsuspendnns
551 2673 641 2728 super.
671 2657 749 2713 Unde
764 2656 795 2712 in
824 2657 913 2710 Evan-

60 2748 139 2818 gelio
155 2765 162 2802 :
178 2748 273 2802 Omnis
282 2747 398 2817 populus
420 2747 556 2816 pendebat
576 2763 609 2801 aa
637 2761 675 2801 eo.
692 2746 782 2802 Hodie
797 2760 914 2817 quoqne

59 2837 97 2892 ad
114 2837 233 2892 verbum
249 2834 397 2907 sapientise
412 2834 473 2905 ejus
484 2835 620 2906 pendent.

967 1865 1133 1920 minationis
1152 1871 1252 1920 auctor
1267 1866 1313 1929 sit,
1329 1866 1376 1920 sed
1393 1866 1470 1937 quod
1489 1868 1614 1921 ostendit
1641 1866 1818 1921 contamina·

968 1961 1030 2009 tam
1046 1970 1113 2008 eam
1128 1970 1214 2024 quem
1231 1954 1371 2008 mundam
1388 1955 1529 2025 putabant
1544 1954 1638 2009 malti.

1002 2045 1082 2098 Vens.
1108 2045 1149 2098 to.
1171 2072 1205 2085 -
1232 2042 1354 2108 Flumen,
1385 2043 1620 2114 Babyloniorum.
1652 2044 1742 2114 Super
1764 2047 1817 2113 {tu-

966 2134 1041 2186 mina
1056 2131 1207 2199 Babylonis
1220 2132 1276 2186 illic
1295 2130 1416 2186 sedimus
1443 2137 1468 2186 et
1490 2135 1622 2202 moinus,
1648 2133 1712 2187 dum
1727 2148 1817 2187 recor·

966 2222 1097 2275 darentur
1112 2221 1175 2276 Sion
1190 2219 1274 2290 (Psal.
1291 2223 1407 2282 cxxxvi).

1002 2309 1145 2381 Cinpulum
1167 2310 1241 2363 ultra
1257 2308 1316 2363 tibi.
1340 2305 1487 2362 Fortitudo
1512 2307 1672 2373 resistendi,
1701 2307 1818 2380 cingulo

968 2397 1045 2452 enim
1061 2398 1174 2452 lambos
1197 2396 1419 2467 restringimus:
1438 2395 1467 2449 in
1493 2395 1599 2451 lurrrbis
1621 2395 1818 2451 tortitudinem

969 2487 1074 2541 habere
1089 2485 1222 2540 dicimur.

1001 2575 1080 2627 Vens.
1105 2577 1146 2627 ll.
1164 2603 1200 2614 -
1213 2572 1392 2626 Conturbaott
1408 2588 1501 2641 repon.
1529 2571 1642 2627 Scilicet
1665 2570 1814 2641 AEgyptio·

968 2678 1032 2717 rum
1059 2666 1088 2715 et
1105 2660 1305 2727 Moabitarum,
1329 2664 1357 2714 et
1385 2660 1508 2715 aliarum
1533 2660 1708 2715 incircuitu.
1742 2659 1816 2728 tyro

967 2749 1045 2804 euim
1061 2754 1143 2819 capta
1159 2755 1187 2802 et
1211 2748 1356 2817 subversa,
1385 2748 1441 2803 alia
1464 2764 1553 2819 regna
1568 2747 1736 2802 conturbata
1751 2751 1820 2801 sunt

967 2839 1081 2893 timore.
1112 2839 1243 2908 Regnum
1259 2852 1375 2908 quoque
1389 2824 1502 2907 AEgypti
1518 2852 1571 2908 pro
1597 2835 1733 2890 subversa
1744 2836 1818 2906 Tyro

98 2927 179 2980 Vens.
196 2927 240 2979 25.
255 2955 289 2965 —
305 2924 457 2990 Auferetur
465 2923 602 2995 pacilius.
617 2923 686 2989 Qua
699 2922 833 2978 dicuntur
847 2925 913 2991 etc,
929 2921 949 2976 C
969 2927 1065 2982 datum
1084 2931 1123 2980 est
1140 2924 1410 2979 Nabuchodonosor.

60 3030 148 3084 aeque
161 3013 199 3067 ad
208 3012 299 3068 iudaei
313 3017 517 3067 convertentur
532 3013 566 3066 ad
582 3011 679 3067 iidem.

382 3100 496 3155 CAPUT
516 3100 594 3156 llllll.

1005 3015 1086 3069 Vens.
1104 3016 1144 3068 tr.
1165 3042 1194 3053 —
1227 3013 1297 3067 ltalia
1314 3011 1432 3069 Sidonis.
1458 3011 1519 3080 llo.)
1545 3012 1576 3066 ln
1590 3015 1666 3064 terra
1683 3010 1818 3066 Chanaan

969 3100 1300 3173 suntTyrusetSidon;
1330 3100 1430 3154 unde:
1463 3100 1563 3155 Nalier
1589 3098 1735 3154 Cbnanaee
1761 3114 1814 3154 ex·
1900 3139 1903 3142 -

99 3193 183 3248 Vens.
202 3191 364 3247 l.-Onus
394 3191 470 3257 Turi.
495 3191 585 3259 Tyrus
614 3187 793 3242 nobilissima
814 3186 914 3242 civitas
969 3191 1020 3245 ivit
1035 3191 1070 3245 de
1085 3189 1191 3244 linibus
1210 3188 1277 3260 Tyri
1300 3192 1329 3243 et
1355 3187 1468 3242 Sidonis
1497 3202 1650 3242 occurrens
1678 3187 1818 3243 salvatori

61 3283 291 3336 Chananmorum
314 3283 378 3344 etc,
403 3292 488 3345 usquc
514 3277 638 3331 adhunc
664 3276 809 3331 miseriem
836 3291 914 3346 prm·
969 3278 1078 3347 (Nullis.
1095 3277 1150 3348 xv).

64 3369 137 3424 dicit
156 3367 242 3424 isaias
263 3383 270 3421 :
289 3367 362 3423 Onus
379 3366 458 3438 Tyri,
473 3369 526 3419 ete.
1007 3368 1177 3432 Transsreta.
1206 3365 1286 3435 Seepe
1309 3363 1437 3419 videmus
1464 3363 1605 3435 quosdam
1633 3380 1648 3417 a
1674 3362 1818 3436 proposito

102 3458 215 3513 titulato.
228 3456 259 3510 ln
273 3456 370 3511 Graeco
379 3455 524 3526 apertius:
543 3454 664 3521 Ululale,
689 3469 773 3508 naves
797 3452 913 3508 Cartha·
969 3472 1020 3510 suo
1039 3454 1160 3509 transire
1182 3453 1216 3509 ad
1240 3453 1329 3519 aliud,
1346 3470 1362 3507 a
1379 3453 1481 3508 militia
1510 3452 1546 3507 ad
1567 3451 1817 3523 negotiationem:

62 3542 371 3618 ginis:ros,scilicet,
399 3541 449 3613 qui
467 3542 573 3612 'lycum
611 3540 708 3595 venire
741 3540 915 3594 consuevisti
969 3543 1139 3598 acaasisad
1163 3558 1243 3597 erma
1271 3540 1579 3605 mutantindustriam,
1606 3540 1818 3596 etmatentin·

61 3651 148 3690 causa
163 3631 378 3705 negotiationis.
397 3629 537 3699 Carthago
553 3628 664 3684 colonia
679 3628 733 3683 luit
753 3628 854 3700 tyriis,
878 3627 914 3681 ab
968 3633 1142 3688 felicitatem.
1170 3631 1235 3698 Sed,
1272 3629 1537 3701 Deodispensante,
1563 3629 1660 3684 omnia
1685 3629 1821 3684 eveniunt

64 3723 108 3778 eis
119 3725 278 3776 constructa
293 3725 321 3775 et
337 3719 422 3774 calta
969 3719 1121 3787 contraria,
1139 3723 1169 3772 nt
1195 3734 1247 3789 per
1276 3718 1405 3772 miserias
1418 3716 1506 3771 coacti
1527 3734 1584 3772 non
1613 3716 1643 3771 in
1668 3734 1708 3782 se,
1725 3715 1819 3772 sedin

101 3811 300 3866 Naaesmaris.
336 3805 471 3863 Hebraico
486 3805 609 3872 thanis,
624 3804 653 3859 id
690 3807 733 3857 est
756 3801 913 3874 exploratio
970 3807 1091 3862 Domino
1106 3808 1233 3858 creatore
1244 3804 1397 3858 conlident.

64 3897 164 3968 gaudii
175 3896 217 3951 vel
241 3894 458 3965 contemplatio,
474 3891 653 3964 qtsiagaadii
668 3888 872 3962 contemplatio
887 3893 915 3944 et
1004 3896 1086 3950 vaes.
1114 3897 1154 3949 13.
1181 3923 1216 3932 -
1246 3893 1319 3946 Talis
1349 3893 1465 3961 populus
1492 3907 1545 3946 non
1573 3893 1639 3958 fuit.
1669 3891 1763 3961 Usque
1784 3890 1817 3945 ad

64 3985 176 4040 laetitiae
192 3988 318 4038 vertetur
332 3981 361 4036 in
377 3983 526 4052 lacrymas.
970 3988 1092 4038 mortem
1131 3979 1393 4035 Nabuchodonosor
1421 3976 1568 4033 tortissimi
1599 3991 1685 4047 saper
1718 3988 1819 4029 omnes

105 4074 184 4126 Vsssss·
202 4075 227 4127 3·
259 4102 291 4111 -
317 4071 478 4138 Militiam·
504 4068 826 4140 (filil-iN‘ssffliflmfflb
848 4069 913 4129 ete,
971 4070 1095 4129 Chaldaei
1112 4074 1139 4125 et
1161 4068 1288 4140 Assyrii:
1327 4071 1426 4137 postes
1450 4066 1572 4138 populas
1598 4065 1761 4120 Graecorum
1791 4067 1820 4118 et

66 4162 198 4231 usquead
212 4163 241 4214 et
255 4159 290 4214 de
302 4158 366 4214 aliis
380 4158 455 4213 vitiis
470 4158 504 4212 ad
519 4157 576 4212 alia
591 4161 748 4211 transeunt.
972 4163 1164 4216 Romanorum
1178 4156 1281 4212 tortior
1294 4154 1357 4211 tuit.

102 4250 195 4305 ΒΜ
216 4250 274 4304 Nili
297 4250 390 4302 mettii
418 4247 538 4316 Numluli
566 4247 669 4314 smoth
700 4250 753 4299 ⁰10·
778 4243 825 4299 Sic
852 4258 916 4297 ⁰0¹1·
1006 4249 1193 4319 suffoderunt.
1215 4244 1335 4311 Quando
1365 4240 1625 4299 Nabuchodonosor
1653 4238 1818 4312 lyramin-

66 4335 401 4392 struiturssenrenb'ili
426 4333 629 4389 tlaminiseret
654 4333 799 4387 messiset
817 4331 916 4401 trugas
970 4339 1041 4393 rasit
1065 4335 1189 4407 navigio,
1222 4349 1281 4389 non
1310 4332 1401 4387 solum
1431 4345 1558 4395 marum,
1585 4328 1632 4384 sed
1663 4333 1692 4383 et
1719 4327 1820 4384 domos

65 4427 140 4496 ejus,
157 4420 917 4494 scilicet'l’yri.TerraChananoeornm,iniqaaTyrus
970 4422 1126 4483 steterentin
1153 4423 1180 4472 et
1206 4422 1348 4487 quaerat
1376 4414 1533 4486 negotiatio
1560 4413 1718 4476 civitatum,
1748 4411 1821 4466 lacte

66 4519 121 4580 est,
133 4512 269 4567 infertilis
284 4515 327 4565 est
342 4527 349 4565 s
364 4512 511 4582 AEgyptus,
522 4525 609 4580 quem
625 4508 727 4579 irrigat
741 4509 830 4574 Nilus,
860 4507 916 4561 ser·
971 4515 1013 4566 est
1031 4525 1083 4580 per
1095 4505 1275 4577 septuaginta
1290 4519 1380 4558 annos
1395 4502 1509 4557 siccatio
1521 4517 1698 4572 sagenarum.

67 4603 127 4657 tilis
142 4601 283 4671 frugibus,
304 4615 375 4670 quas
388 4600 477 4669 Tyrus
490 4597 525 4651 ab
548 4597 686 4668 tigyptiis
714 4595 916 4651 commutabat.
1006 4600 1086 4651 Vens.
1113 4596 1203 4650 lle-
1231 4595 1317 4649 Nanos
1344 4595 1508 4653 marismtc.
1539 4591 1676 4646 Hebraico
1696 4587 1819 4654 Thersis,

104 4690 185 4745 Vens.
203 4690 229 4743 t.
246 4719 280 4727 —
293 4689 379 4742 blare.
390 4685 491 4741 Steculi
513 4684 658 4738 scilicetin
674 4700 730 4755 qno
746 4699 831 4754 parve
853 4681 918 4736 ani·
972 4690 1037 4750 eta,
1048 4699 1132 4754 ttsque
1142 4681 1180 4736 ad
1188 4681 1232 4735 vir
1245 4679 1451 4735 ecclesiasticus
1461 4678 1583 4733 destruit
1592 4681 1621 4731 et
1633 4672 1819 4747 subjicitsibi.

71 4779 157 4835 malie
170 4793 234 4833 cum
246 4775 368 4846 magnis,
379 4775 463 4829 draco
475 4774 574 4844 (qoem
586 4772 725 4827 Dominus
736 4771 869 4826 formavit
883 4769 918 4824 ad
1008 4772 1089 4826 Vens.
1107 4773 1149 4826 lb.
1163 4798 1199 4810 -
1212 4767 1489 4839 Septuagintaannis.
1506 4764 1611 4835 (Ηιιιιι.)
1623 4764 1712 4833 'lyras
1727 4775 1821 4832 quon·

69 4867 251 4924 illudendum
268 4864 305 4935 ei)
320 4863 420 4917 videns
436 4878 485 4916 eos
501 4879 516 4916 e
529 4861 713 4916 venatoribus
728 4859 833 4915 Christi
845 4858 918 4930 capi,
972 4862 1038 4917 dam
1054 4859 1225 4931 angustiata,
1238 4861 1303 4922 ete,
1319 4870 1403 4925 usque
1418 4855 1456 4909 nd
1470 4853 1535 4925 quis
1563 4868 1631 4922 ergo
1645 4866 1702 4905 non
1718 4849 1822 4905 hebeat

68 4949 582 5029 qaiadaemonibusiueruntcapti,
603 4950 672 5006 dicit
692 4948 920 5004 contrariatur·
973 4965 1053 5019 spem
1081 4947 1190 5011 salutis,
1212 4945 1327 4999 sibene
1354 4941 1499 5009 cecinerit,
1527 4940 1549 4995 si
1574 4939 1703 5004 chordas,
1725 4936 1753 4992 id
1780 4939 1822 4991 est

64 5043 190 5111 ,titudini
201 5047 371 5096 venatorum
384 5041 482 5111 (qnam
491 5038 754 5110 significetsidonl:
767 5037 919 5100 Erubesce,
972 5039 1101 5103 virtutes,
1118 5036 1188 5089 benc
1202 5029 1415 5102 composuerit?

70 5133 171 5191 Sidon.
1008 5126 1073 5189 (lnl
1102 5122 1285 5193 septenarius
1313 5125 1340 5175 et
1365 5117 1605 5190 septuagesimas,
1634 5115 1684 5186 qui
1702 5113 1822 5168 velsin-

105 5224 166 5280 Non
190 5220 341 5291 parturivi.
372 5215 458 5282 Quasi
473 5216 604 5271 diceret:
632 5214 706 5271 Nihil
722 5214 831 5287 proluit
854 5228 921 5284 par·
975 5210 1235 5285 gulisdiebns,vel
1256 5215 1364 5280 septem
1393 5206 1545 5262 decadibus
1567 5201 1723 5276 perficitur.
1754 5217 1823 5272 per-

71 5309 186 5377 turisse,
201 5307 348 5380 peperisse
376 5310 404 5360 et
428 5305 569 5360 enutrisse
597 5305 726 5376 Juvenes,
750 5303 922 5376 qaiaTyrus
976 5303 1077 5356 lectam
1093 5297 1236 5367 significat
1254 5295 1465 5366 poenitentiam,
1480 5297 1513 5346 nt
1526 5296 1655 5363 tempore
1678 5289 1823 5360 preniten-

70 5401 135 5455 sine
149 5396 315 5453 defensione
330 5400 413 5466 cepta
428 5401 479 5449 est.
976 5389 1024 5443 tim
1038 5388 1163 5455 expleto,
1177 5385 1242 5452 jare
1254 5385 1344 5454 'lyras
1367 5382 1402 5437 ad
1430 5381 1581 5451 antiquum
1609 5381 1714 5432 statum
1739 5375 1822 5432 resti·

114 5488 191 5539 vens.
210 5489 235 5540 5.
252 5514 288 5526 -
316 5486 382 5540 Cum
404 5483 529 5538 nuditum
555 5482 641 5548 fuerit
670 5482 699 5534 in
727 5483 922 5550 AEppplo,elc.
977 5479 1084 5532 tuetur.
