3892 6106
124 248 156 303 7Ι
439 241 639 301 illusarum
658 240 782 300 stilae!
801 239 900 301 ΙΙΙΙΙ).
921 239 1004 298 NON.
1025 235 1105 295 OPl‘.
1121 235 1212 295 Plus
1229 238 1299 295 1.-
1318 236 1547 294 Tuuouoalcn.
1843 237 1878 294 7)
1921 289 1926 297 .

124 363 184 421 diei
193 368 246 435 est,
260 365 329 439 quia
346 364 468 422 infantia
483 369 582 421 nostra
609 363 759 422 oblivionis
786 360 893 419 diluuio
921 360 971 416 de·
985 369 1009 422 Α
1027 360 1110 427 ιί)ιιι·,
1122 364 1155 415 ιι)
1167 359 1198 415 in
1210 358 1272 431 ipsa
1281 359 1448 416 inconcusse
1461 366 1610 416 maneatur
1625 377 1632 418 :
1646 360 1713 434 quie
1726 360 1750 417 si
1760 362 1877 435 culpam

127 454 211 511 tetur.
1027 427 1170 504 re'crimdo
1186 447 1325 516 eliminat,
1347 449 1528 521 cogitationis
1552 455 1659 506 nostre
1679 450 1791 506 foribus
1806 450 1878 506 assi-

163 545 243 600 Vens.
261 546 337 599 3.-
357 542 519 615 «Dixitque
545 544 642 598 Deus:
662 541 798 597 Fiatlux.
829 540 924 608 (Auo,
941 536 974 591 de
1027 538 1107 605 dens,
1123 538 1221 593 utsibi
1253 539 1408 610 aporiatur,
1442 540 1547 609 pulsat.
1574 537 1654 593 Unde
1683 537 1724 592 ait
1743 539 1876 610 Noysee:

127 633 196 688 Gen.
205 632 244 688 od
259 633 321 695 litt..
338 632 389 687 lib.
406 649 426 698 1,
454 646 478 688 c.
509 635 553 700 ΙΙ,
568 636 638 685 )οιιι.
656 630 715 697 ΙΙΙ.)
740 629 797 683 Lux
809 627 904 699 primo
927 626 973 680 die
1028 646 1043 679 ιι
1067 627 1152 682 Facta
1171 631 1214 682 est
1237 627 1303 694 lux;
1329 646 1344 679 ιι
1365 630 1394 681 ο)
1409 629 1493 697 paolo
1517 630 1600 698 post:
1618 627 1761 682 «Factum
1777 632 1822 682 est
1835 645 1879 684 ιο

127 722 202 779 facta
229 721 386 793 spiritualis
425 723 469 777 vel
506 719 662 791 corporalis
700 717 883 788 intelligitur,
906 721 972 783 etc,
1028 730 1152 784 speres
1187 715 1304 772 Creator
1335 715 1425 780 enim,
1455 715 1697 786 humanmculpae
1728 716 1877 786 praescius,

127 826 213 881 usque
241 810 279 865 ed
302 827 387 866 mane
411 809 501 865 futuri
527 808 683 863 inchoatio.
712 808 808 873 (Dans,
831 804 973 874 Heraens.)
1026 805 1095 857 tunc
1118 802 1257 874 expressit
1276 802 1306 856 in
1334 806 1464 872 tempore
1487 802 1563 873 quod
1592 819 1668 858 nunc
1692 809 1826 859 versatur
1849 805 1880 860 in

128 899 156 956 Si
171 904 267 955 autem
280 899 375 971 primo
390 898 436 953 die
449 896 605 969 corporalis
624 897 673 951 lnx
686 896 760 951 facta
771 899 824 958 est,
847 908 974 965 congrue
1027 896 1132 946 mente.
1149 892 1258 947 anen
1273 906 1399 962 namque
1421 890 1600 945 rectitudinis
1621 891 1751 963 sequitur
1775 893 1879 947 umbra

128 988 231 1043 mundi
245 994 362 1042 ornatos
382 988 473 1042 aluce
498 984 660 1052 inchoator,
686 984 765 1040 undo
780 987 894 1053 caetera,
908 997 973 1055 qure
1027 979 1204 1035 tentationis.
1221 980 1273 1035 Sed
1303 980 1373 1050 quia
1397 979 1554 1034 electorum
1576 979 1625 1034 lux
1640 979 1802 1035 tentatione
1817 996 1876 1035 non

128 1074 551 1143 creandeerant,videbantur.
571 1073 601 1130 Si
622 1079 719 1129 antem
745 1071 894 1144 quaeritor,
923 1069 974 1126 ubi
1027 1067 1229 1138 exstinguitur,
1258 1083 1317 1121 non
1340 1082 1407 1136 nox,
1428 1067 1477 1121 sed
1501 1083 1619 1138 vespera
1642 1067 1716 1122 facta
1731 1084 1876 1123 memora·

127 1168 170 1220 est
197 1163 279 1228 iacta,
304 1177 369 1216 cum
390 1161 509 1232 abyssus
537 1176 652 1216 ornnem
678 1164 763 1215 terrra
790 1157 974 1212 altitudinem
1027 1159 1084 1224 tur,
1102 1155 1171 1227 quia
1185 1155 1304 1211 tentatio
1320 1155 1417 1211 lumen
1430 1155 1551 1227 justitia
1567 1157 1725 1223 abscondit,
1749 1173 1809 1213 non
1830 1158 1875 1211 in-

102 1251 263 1324 tegeret?
287 1253 366 1321 patet
393 1250 469 1320 quod
497 1249 528 1304 in
560 1248 617 1304 illis
640 1247 779 1319 partibus,
807 1261 878 1318 quas
897 1260 974 1300 nunc
1028 1245 1149 1301 terimit.

126 1338 518 1395 illustratsolisdiurnalnx.
535 1339 593 1393 Nee
615 1336 721 1391 mirum
745 1332 973 1405 lnceminaquis
1062 1333 1287 1403 (Ano.,deGen.
1320 1332 1358 1388 οι)
1381 1334 1447 1401 litt,
1468 1333 1486 1387 l.
1511 1349 1586 1399 rv,c.
1607 1336 1652 1402 tt,
1672 1335 1805 1402 tatem.
1823 1336 1876 1401 ΙΙΙ,

126 1443 211 1499 posse
225 1428 332 1494 lucere,
349 1443 413 1481 cum
427 1430 675 1481 etiamnautarum
690 1423 856 1495 operatione
870 1423 974 1494 sapius
1027 1421 1082 1477 col.
1108 1424 1170 1487 ΙΙΙ,
1191 1422 1264 1492 ΙΙΙ.)
1289 1422 1462 1486 Notandum,
1491 1422 1567 1493 quod
1586 1426 1695 1477 caterae
1719 1430 1875 1489 creaturae,

125 1516 315 1581 illustrentur,
330 1515 380 1586 qui
395 1515 425 1568 in
454 1513 595 1585 profundo
620 1513 717 1579 mersi,
743 1511 829 1566 misso
861 1527 896 1565 ex
923 1526 972 1566 ore
1027 1510 1545 1579 etc..usquecdutilludscilicetad
1566 1511 1642 1566 diem
1658 1513 1878 1584 pertinentium

126 1605 201 1670 oleo,
214 1620 302 1675 aquas
317 1602 370 1658 sibi
384 1603 545 1658 illustrant:
561 1617 626 1674 quae
641 1607 710 1656 tunc
737 1600 829 1655 multo
849 1599 972 1654 rariores
1028 1598 1063 1654 ad
1079 1614 1236 1670 vesperam.

126 1691 398 1767 quamsintmodo,
415 1691 495 1747 fuere
515 1691 545 1746 in
574 1690 724 1763 principio,
753 1687 823 1761 qnia
844 1662 1009 1744 nondumB
1065 1688 1187 1742 Veas.d.
1204 1716 1285 1745 ——...
1304 1707 1318 1739 ιι
1335 1687 1632 1753 ΙΙοΙΙΙιοιιιιιοιι)ιιιο,
1649 1711 1663 1739 ι
1689 1693 1741 1745 etc.
1765 1691 1877 1763 (Grec,

127 1786 308 1852 congregata
323 1779 353 1835 in
373 1796 431 1834 arno
449 1779 523 1834 loco.
1028 1775 1049 1831 l.
1066 1792 1140 1841 xxvii
1160 1778 1270 1843 flerat,
1297 1793 1322 1832 c.
1353 1777 1410 1849 ΙΙ.)
1433 1778 1576 1849 angelica
1603 1779 1733 1846 virtutes,
1756 1795 1823 1851 qnae
1847 1779 1878 1835 in

163 1868 325 1941 «Dixitque
344 1870 441 1924 Deus:
468 1868 529 1923 Ιίιι)
555 1868 613 1922 lux.
629 1888 643 1917 ιι
673 1868 752 1936 (Aac.
780 1863 861 1929 itin,
884 1878 909 1919 c.
936 1862 974 1932 2.)
1030 1863 1082 1919 Dei
1096 1879 1195 1919 amore
1208 1864 1404 1936 perstiterunt,
1431 1867 1483 1921 hoc
1503 1866 1534 1921 in
1556 1866 1744 1924 retributione
1758 1883 1878 1938 accepe-

127 1957 396 2030 Nontempcraliter
412 1973 418 2012 :
434 1957 545 2012 sienim
570 1955 777 2028 temporaliter,
801 1957 829 2008 et
850 1951 973 2007 mutabi·
1028 1956 1106 2020 runt,
1122 1957 1154 2007 ut
1181 1953 1212 2007 in
1232 1954 1472 2025 contemplatione
1496 1955 1657 2010 conditoris
1670 1956 1791 2027 perenni
1813 1956 1878 2011 feli·

127 2047 213 2115 liter;
234 2047 257 2101 si
278 2045 468 2115 mutabiliter,
492 2050 521 2100 et
545 2061 599 2116 per
621 2044 778 2114 subjectam
802 2046 973 2110 creaturam,
1027 2039 1112 2095 citato
1128 2047 1274 2104 maneant,
1292 2048 1321 2097 et
1335 2042 1365 2096 in
1378 2041 1514 2113 hocquod
1529 2043 1650 2097 conditae
1666 2048 1732 2098 sant
1753 2049 1877 2099 asterna-

127 2151 187 2193 non
202 2135 303 2190 estlux
318 2133 563 2206 primacreatura.
583 2133 636 2189 Sed
649 2132 779 2197 forsitan,
804 2133 869 2196 eto,
890 2141 975 2196 usque
1027 2128 1094 2184 liter
1115 2129 1281 2186 subsistant.
1307 2130 1385 2186 Unde
1413 2131 1490 2200 apud
1514 2132 1628 2202 floysen
1653 2132 1757 2187 coelum
1770 2132 1878 2188 factum

127 2224 166 2281 ud
177 2228 209 2279 nt
224 2223 260 2277 sit
274 2225 303 2278 et
317 2227 349 2278 ut
363 2229 485 2277 maneat.
1027 2215 1144 2283 dicitnr,
1160 2222 1188 2274 et
1203 2218 1280 2273 idem
1303 2223 1400 2289 postea
1423 2219 1638 2274 firmamentum
1661 2225 1785 2288 vocatur,
1802 2221 1872 2292 quia

165 2331 179 2363 ι
194 2311 256 2367 Fiat
268 2310 326 2366 lnx.
343 2330 358 2363 ιι
372 2310 452 2382 (Aue.
484 2309 565 2376 ibid,
580 2325 607 2364 c.
627 2310 654 2375 l,
666 2313 693 2376 5,
706 2306 747 2377 9.)
757 2308 797 2363 da
810 2303 974 2362 conditione
1027 2305 1156 2378 angelica
1172 2310 1274 2362 natura
1288 2307 1369 2379 prius
1383 2307 1497 2363 subtilis
1510 2307 1590 2363 estin
1600 2307 1799 2378 superioribus
1810 2324 1876 2362 con-

128 2401 237 2457 scilicet
265 2415 322 2472 que
345 2404 446 2454 cuncta
460 2398 619 2453 subsistunt
634 2395 864 2468 intemporaliter
876 2395 906 2447 in
924 2391 974 2447 Dei
1028 2393 1098 2461 dita,
1123 2399 1152 2450 et
1173 2399 1248 2466 post,
1275 2410 1312 2451 ne
1332 2412 1460 2468 unquam
1482 2396 1583 2452 cadere
1599 2395 1698 2468 possit,
1716 2396 1877 2452 mirabilius

129 2487 280 2559 sapientie,
293 2485 462 2557 priusquam
477 2484 508 2539 in
521 2484 631 2556 seipsis.
648 2502 662 2534 a
689 2484 722 2538 Et
735 2483 808 2538 facta
823 2484 864 2536 est
882 2480 942 2546 lux,
961 2499 972 2527 ι
1030 2482 1209 2539 confirmata.

127 2573 157 2631 id
172 2579 215 2629 est
238 2573 367 2645 angelica
381 2578 410 2628 ct
423 2571 545 2628 caelestis
574 2569 740 2640 substantia,
755 2570 785 2625 in
812 2586 841 2625 se
863 2572 975 2637 tempo·
1067 2590 1081 2623 ι
1095 2572 1155 2627 fiat
1168 2572 1394 2640 firmamentum,
1412 2594 1424 2623 ι
1439 2578 1493 2629 ο)ο.
1506 2575 1598 2645 (Auo,
1614 2574 1632 2628 l.
1649 2590 1667 2628 ιι
1693 2573 1727 2628 de
1755 2576 1824 2630 Gen.
1841 2573 1879 2629 οι)

127 2663 245 2731 naliter,
259 2661 332 2717 sicut
360 2661 463 2716 eratin
486 2660 628 2731 sapientis
647 2663 788 2731 quantum
804 2658 839 2712 ad
858 2657 920 2728 eius
934 2654 976 2709 in·
1028 2659 1096 2725 titt„
1122 2675 1146 2714 c.
1172 2662 1198 2715 Ι,
1217 2660 1271 2716 col.
1292 2659 1383 2733 264.)
1405 2660 1552 2725 Quaeritur
1574 2666 1671 2716 utrum
1687 2660 1759 2716 illud
1774 2662 1878 2718 eoelum

127 2748 428 2816 commutabilitatem,
457 2749 640 2803 eternaliter.
664 2747 713 2802 Vel
750 2750 866 2801 notatur
888 2744 976 2815 hujus
1027 2763 1105 2803 nunc
1143 2747 1194 2804 liat
1219 2748 1296 2820 quod
1318 2750 1427 2805 excedit
1449 2749 1523 2805 aeris
1544 2749 1646 2821 spatia,
1662 2754 1728 2819 etc,
1742 2765 1828 2821 usque
1842 2749 1879 2805 nd

127 2841 266 2894 creatura
280 2837 441 2893 informitas
453 2836 561 2892 scilicet
579 2840 607 2891 et
620 2832 798 2907 imperiectio
822 2836 976 2904 antequam
1030 2837 1098 2909 quia
1113 2836 1295 2893 intervallum
1311 2837 1373 2910 ejus
1394 2837 1482 2894 dividi
1497 2838 1572 2894 inter
1599 2840 1736 2911 quosdam
1757 2855 1880 2911 vapores

128 2927 301 2982 formaretur
315 2926 344 2981 in
359 2941 456 2980 amore
468 2923 648 2980 Conditoris:
664 2922 807 2979 formatur
822 2921 900 2976 enim
910 2935 975 2975 cum
989 2951 1010 3006 c
1030 2941 1172 2997 aquarum
1187 2931 1215 2980 et
1230 2941 1318 2997 aquas
1330 2942 1395 2998 qum
1410 2926 1515 2982 suntin
1534 2927 1628 2982 terris.

128 3015 304 3072 convertitur
319 3013 353 3069 ad
363 3012 596 3068 incommutabile
608 3012 706 3068 lumen
721 3010 815 3066 Verbi.
1067 3032 1078 3061 ι
1093 3011 1154 3067 Fiat
1168 3011 1393 3079 firmamentum,
1410 3032 1424 3064 ιι
1441 3019 1494 3069 etc.
1512 3013 1606 3082 (Auo,
1623 3014 1705 3080 itm,
1719 3030 1746 3071 c.
1762 3015 1803 3084 Ι.)
1820 3017 1878 3072 Νο·

166 3103 255 3158 ..Fiat
269 3102 328 3158 lux.
346 3102 453 3172 ιι(Αοο.
470 3101 553 3164 iord..
572 3117 597 3156 c.
616 3103 659 3168 lD,
682 3102 726 3169 ll,
742 3098 797 3171 fe.)
819 3098 849 3154 Si
875 3112 976 3168 corpo·
1029 3100 1151 3156 tsndmn
1174 3101 1251 3172 quod
1265 3100 1481 3158 firmamentum
1496 3117 1554 3157 non
1578 3107 1697 3174 propter
1712 3102 1877 3172 stationem,

129 3191 227 3248 reliter
253 3189 302 3245 lux
325 3189 399 3245 iacta
427 3194 479 3254 est,
494 3194 561 3257 etc,
585 3204 670 3259 urque
690 3186 728 3243 ed
754 3186 884 3241 noudum
898 3186 976 3240 enim
1030 3193 1093 3253 etc,
1108 3189 1241 3259 usquead
1255 3189 1305 3245 sed
1319 3190 1526 3263 quoquomodo
1540 3190 1580 3246 ibi
1595 3191 1661 3259 sint,
1683 3191 1725 3247 ibi
1745 3207 1878 3249 essenon

129 3285 211 3337 erant
221 3277 358 3334 animalia
371 3278 478 3350 quibus
492 3275 728 3332 lraecvicissitudo
741 3275 933 3330 exhiberetur.
1029 3277 1205 3334 dubitamus,

168 3368 250 3422 vans.
264 3366 291 3421 4.
309 3395 341 3407 -
360 3385 374 3416 ιι
391 3367 423 3421 Ε)
436 3365 507 3420 vidit
520 3365 595 3420 Deus
616 3364 750 3430 lucem»
780 3366 836 3418 etc.
856 3361 975 3431 (Sanan.)
1069 3387 1080 3415 ι
1097 3365 1159 3422 Fiat
1173 3365 1387 3422 firmamentum
1400 3366 1430 3421 in
1438 3366 1566 3422 medio.»
1582 3366 1676 3438 (Dans,
1687 3369 1717 3423 tn
1727 3367 1877 3437 Hennam,

129 3452 233 3529 Lucerp
248 3458 277 3509 et
290 3453 422 3509 tenebras
436 3453 504 3508 fecit
527 3454 612 3519 Deus,
623 3451 700 3508 unde
717 3452 787 3507 Dan.
803 3466 844 3505 ιιι.
861 3451 976 3505 «Dem-
1031 3459 1053 3512 t.
1070 3455 1116 3525 ΙΙ.)
1132 3453 1213 3519 Coeli,
1244 3454 1274 3509 in
1300 3471 1359 3526 quo
1382 3454 1440 3510 lixa
1456 3459 1523 3510 sunt
1542 3455 1641 3517 sidera,
1655 3460 1722 3523 etc,
1737 3472 1823 3526 usque
1841 3459 1879 3513 ad

131 3542 226 3609 dicite,
240 3542 288 3596 lux
301 3546 330 3596 et
343 3540 478 3608 tenebrae,
496 3539 630 3609 Domino,
653 3560 667 3590 ιι
685 3555 751 3595 cum
777 3538 871 3594 omnis
896 3554 977 3593 crea·
1029 3542 1255 3609 erslesautem,
1271 3544 1349 3599 etad
1364 3543 1433 3615 quid
1452 3545 1548 3612 utiles,
1564 3545 1643 3600 novit
1664 3545 1715 3617 qui
1739 3547 1876 3603 condidit.

128 3636 192 3688 turn
208 3631 242 3687 ad
255 3629 481 3698 benedicendum
492 3628 639 3684 inritatur.
1066 3632 1149 3687 Vnus.
1166 3635 1193 3687 7.
1206 3660 1239 3672 -
1256 3651 1270 3683 ιι
1287 3632 1321 3687 Ε)
1345 3632 1411 3688 fecit
1442 3634 1516 3688 Deus
1537 3632 1760 3699 firmamentum,
1787 3655 1801 3685 ιι
1823 3641 1876 3692 ete.

166 3720 253 3788 tisim,
267 3721 297 3774 in
313 3718 389 3786 Dera,
405 3731 429 3772 c.
450 3717 492 3787 2.)
511 3715 601 3771 Habet
616 3715 738 3788 quisque
756 3714 788 3770 in
801 3713 935 3786 operibus
949 3719 978 3769 et
1030 3718 1126 3786 (Aua,
1141 3717 1161 3773 l.
1177 3735 1197 3772 ιι
1219 3719 1252 3773 de
1265 3720 1333 3774 Gen.
1351 3719 1389 3774 od
1403 3721 1468 3787 litt,
1484 3736 1509 3775 c.
1525 3721 1617 3789 8,col.
1633 3723 1706 3789 269.)
1734 3721 1879 3786 Duaeritur

129 3812 207 3864 recta
219 3807 288 3874 vita,
304 3805 452 3861 distinctos
464 3820 511 3859 sex
525 3804 597 3875 dies,
609 3807 675 3875 post
688 3819 759 3875 quos
773 3802 904 3874 requiem
917 3819 978 3874 spe-
1031 3820 1120 3878 qnare
1135 3821 1201 3861 cum
1222 3806 1355 3862 dixisset:
1375 3828 1386 3857 ι
1410 3807 1473 3862 Fiat
1494 3807 1709 3864 firmamentum
1727 3814 1756 3864 et
1770 3810 1878 3866 factum

129 3901 190 3953 ret:
206 3896 301 3968 primo
321 3893 378 3956 die,
396 3893 489 3949 lucem
503 3892 582 3959 fldei,
599 3892 737 3964 quoniam
761 3891 855 3965 primo
874 3890 977 3946 invisi·
1030 3897 1075 3949 est
1093 3893 1143 3960 ita,
1162 3914 1173 3942 ι
1202 3899 1300 3964 postea
1323 3895 1417 3950 addit:
1443 3914 1457 3946 ιι
1483 3898 1515 3952 Ε)
1534 3897 1602 3953 fecit
1621 3898 1695 3952 Dens
1709 3898 1878 3953 firmamen-

130 3983 335 4042 bilibuscredit
355 3988 471 4056 propter
485 3998 573 4055 qnam
587 3980 674 4036 iidem
691 3979 827 4037 Dominus
839 3994 977 4053 apparere
1030 3985 1103 4050 tum,
1139 4002 1150 4031 ι
1185 3987 1251 4049 etc.,
1283 3997 1367 4053 usque
1398 3984 1436 4039 cd
1467 3984 1613 4041 dicenszs
1649 3985 1782 4059 Dixitque
1806 3989 1880 4043 Deus

120 4074 264 4146 dignatus
282 4076 335 4127 est.
1030 4069 1090 4135 flat,
1107 4074 1190 4126 rete.

169 4183 183 4212 ιι
197 4163 372 4231 Factumque
386 4163 429 4214 est
445 4173 602 4230 vespere·
633 4157 770 4228 (Are.,de
792 4157 857 4214 Gen.
884 4160 978 4211 contra
1066 4157 1236 4230 (ΙὸιίΙ.,ο.Ι,
1253 4159 1880 4234 ³,5.)Superaerempurnsignis,etc.,ru·

128 4248 288 4315 lfontrlr.,l.
303 4264 322 4314 ι,
339 4263 364 4302 c.
378 4247 411 4313 43
430 4248 514 4315 Deos,
528 4251 558 4301 tn
570 4246 720 4316 Hennam.)
736 4245 887 4301 occidente
910 4244 973 4299 luce
991 4244 1012 4299 D
1030 4261 1082 4316 que
1094 4246 1133 4300 od
1148 4246 1224 4302 Facit
1237 4262 1306 4318 ergo
1320 4247 1456 4320 frigidam
1472 4265 1613 4322 aquarum
1636 4253 1879 4322 supercoelestium

130 4335 281 4410 paulatim,
294 4339 323 4389 et
339 4338 407 4406 post
421 4333 546 4406 spatium
561 4333 664 4388 divina
688 4333 878 4405 longitudinis
905 4332 977 4386 infe·
1032 4334 1171 4390 vicinitas.

129 4424 222 4479 riores
248 4427 344 4495 partes
371 4422 525 4488 subeunte,
554 4421 661 4476 factum
686 4425 729 4476 est
754 4436 879 4492 vespere,
905 4420 978 4475 sicut
1068 4423 1160 4490 (ibid.)
1180 4423 1343 4478 Notandum
1367 4441 1434 4480 vero
1459 4427 1537 4497 quod
1559 4427 1713 4498 primadie
1729 4429 1881 4486 cumfacta

130 4529 210 4570 nunc
224 4512 330 4568 usitato
344 4509 495 4566 circumitu
510 4509 577 4565 solie
599 4510 670 4565 rotet
698 4509 769 4565 lieri.
797 4511 912 4565 Factum
934 4513 979 4564 est
1032 4513 1075 4564 est
1088 4509 1147 4576 lux,
1172 4509 1280 4566 dictum
1301 4516 1345 4567 est
1367 4517 1498 4571 tantum:
1513 4535 1528 4566 ιι
1557 4515 1620 4570 fiat
1634 4516 1721 4585 lux‚r
1737 4521 1767 4572 et
1781 4517 1834 4572 hoc
1849 4518 1880 4573 in

131 4607 230 4658 sutem
244 4598 441 4656 maneeadem
457 4604 661 4670 superterram
674 4596 823 4664 redeunte,
841 4601 871 4652 et
889 4596 978 4652 alium
1032 4597 1128 4664 serbo,
1144 4601 1173 4653 et
1197 4618 1211 4651 ιι
1237 4599 1311 4655 iacta
1330 4604 1374 4656 est
1396 4602 1455 4671 lux,
1471 4622 1483 4656 ι
1505 4603 1534 4658 in
1549 4619 1646 4674 opere,
1659 4604 1880 4677 statimquead-

130 4690 207 4747 diem
223 4690 388 4753 inchoante,
403 4686 502 4743 etdies
515 4688 645 4758 expletus
659 4690 785 4742 estonus
798 4684 899 4757 uiginti
910 4701 979 4756 qua·
1031 4685 1117 4741 baesit
1135 4686 1268 4743 increatae
1292 4689 1349 4744 larci
1363 4690 1412 4744 lux
1433 4695 1537 4754 creata,
1567 4696 1598 4747 ot
1620 4692 1741 4748 vicinior
1757 4698 1785 4749 et
1799 4696 1879 4750 omni

131 4784 198 4835 tuor
208 4779 357 4834 horarum.
373 4775 537 4832 Notandum
547 4774 700 4846 veroquod
714 4773 808 4829 noxin
821 4774 871 4828 illo
881 4773 978 4829 triduo
1031 4779 1162 4830 creatora
1176 4775 1316 4847 capacior.
1333 4779 1365 4833 In
1381 4779 1507 4834 secunda
1522 4779 1569 4834 die
1582 4781 1716 4852 quaedem
1732 4798 1811 4837 mora
1826 4788 1879 4848 est,

131 4867 250 4923 omnino
264 4866 418 4922 tenebrose
432 4864 498 4931 fnit,
509 4878 573 4936 quae
587 4867 654 4935 post
664 4867 758 4918 creata
772 4862 866 4919 sidera
882 4861 979 4934 aliqua
1033 4867 1061 4918 et
1072 4865 1225 4919 vorborum
1239 4864 1451 4936 multiplicatio,
1468 4887 1483 4917 ιι
1499 4866 1558 4934 flat,
1578 4889 1589 4918 ι
1608 4874 1637 4924 et
1652 4889 1664 4919 ι
1681 4869 1748 4925 fecit
1763 4871 1838 4926 Deus
1866 4891 1880 4923 ιι

131 4955 194 5010 Ιοοο
208 4955 312 5010 claruit
326 4971 333 5009 τ
349 4953 467 5011 decebat
481 4953 567 5008 etiam
582 4956 616 5007 ut
631 4951 717 5007 diesa
732 4952 793 5007 luce
807 4951 977 5022 inciperent,
1032 4956 1062 5008 et
1075 4971 1089 5003 ιι
1104 4953 1213 5011 factum
1239 4957 1282 5008 est
1301 4952 1341 5008 ita
1358 4974 1369 5002 ι
1384 4970 1390 5009 :
1409 4959 1440 5010 nt
1461 4954 1657 5028 intelligamus
1679 4958 1746 5012 istas
1764 4963 1882 5013 naturas

132 5044 205 5099 etin
217 5058 302 5097 mane
318 5042 464 5115 sequentis
479 5042 537 5097 diei
550 5041 712 5109 tenderent,
728 5044 760 5096 ut
781 5055 868 5112 opera
896 5038 979 5094 Deie
1032 5041 1068 5095 ad
1097 5040 1286 5098 deliciandum
1313 5059 1430 5114 pronas,
1457 5048 1487 5100 et
1506 5045 1541 5100 ad
1570 5045 1763 5103 obediendum
1786 5049 1883 5104 minus

131 5128 195 5184 luce
220 5128 354 5184 inchoata
367 5134 397 5184 et
419 5129 449 5184 in
466 5129 559 5186 lucem
581 5128 726 5202 completa
748 5144 808 5184 esse
831 5127 979 5199 significa·
1032 5135 1124 5200 aptae.

131 5223 241 5273 rentur.
1069 5219 1184 5288 (ΙΙιιιοιι
1200 5259 1207 5287 ,
1223 5219 1241 5274 l.
1259 5225 1377 5276 xcontro
1395 5223 1504 5291 donin,
1520 5227 1541 5279 t.
1558 5223 1594 5290 ΙΙ,
1605 5223 1660 5279 οοΙ.
1673 5226 1721 5278 tlt
1733 5224 1753 5290 .)
1774 5224 1882 5281 Notan-

167 5306 248 5360 vnis.
275 5309 301 5360 5.
318 5335 353 5346 -
369 5327 441 5360 ....ι
470 5307 643 5378 Factumque
665 5309 708 5361 est
732 5321 895 5378 vespere»
922 5310 977 5363 etc.
1034 5305 1205 5363 demetiam
1217 5308 1600 5381 qnodbujusdieisecondi
1622 5313 1882 5383 operasecundum

133 5393 242 5465 (Gneo,
264 5396 284 5450 Ι.
310 5410 358 5448 vin
384 5394 493 5461 floret,
525 5409 549 5449 c.
564 5397 592 5462 6,
616 5394 723 5466 tomi.)
747 5395 933 5467 Nequaquam
947 5395 979 5451 in
1034 5394 1169 5451 Debrnos
1202 5413 1260 5453 non
1293 5398 1529 5467 dicuntnrbona,
1545 5400 1702 5456 cambone
1723 5401 1778 5456 sint
1810 5402 1883 5458 sicut

130 5480 252 5538 baceita
266 5497 319 5553 per
341 5480 570 5537 exercitationem
587 5479 709 5553 justitie
727 5486 875 5554 peecatum
896 5482 977 5537 dese·
1034 5489 1157 5541 cetera:
1172 5485 1251 5558 quod
1266 5485 1300 5543 lit
1313 5491 1433 5559 propter
1446 5487 1591 5545 binarium
1614 5489 1772 5564 principem
1795 5492 1882 5548 alter·
