3892 6106
96 263 164 318 lid-‘i
248 266 256 279 ‘
469 259 663 314 institutor
684 258 806 314 STthl
826 258 845 313 F
850 257 927 312 tito.
949 257 1028 314 uon.
1050 258 1137 313 Pstis
1157 259 1177 313 l.
1207 289 1232 297 <-
1252 258 1484 316 Tflssotoolcu.
1781 261 1842 316 stoi

132 384 377 440 truse-teo.
405 381 484 436 Idem
499 381 543 435 leo
558 396 610 451 pro
636 379 739 434 virtute
764 378 863 444 animi,
890 376 977 448 quit
1036 380 1122 434 Voltis
1146 383 1266 434 visionis.
1292 380 1378 434 LXX:
1406 379 1484 447 Sion,
1510 379 1537 434 id
1556 379 1842 450 estspeculse,seili·

97 474 261 545 speculator
276 470 465 542 preerogatira
480 467 741 539 contemplationis.
997 473 1041 521 cet
1062 468 1201 523 Ecclesioe.

133 562 368 631 superspecutom
388 559 504 613 Domini.
536 557 634 622 idest,
660 572 712 626 per
727 555 802 609 diem
829 553 943 609 incon·
1033 557 1169 622 Quidnam
1190 558 1369 626 tibiquoque.
1389 555 1475 622 0υωί
1503 555 1635 611 diceret:
1660 556 1732 611 Cum
1756 556 1843 628 philo·

58 658 60 663 '
99 649 285 721 temptatione
301 646 421 717 positus,
439 645 539 700 diebus
567 643 869 714 acuoetibusparatus
892 658 943 696 nu·
998 645 1097 715 sophie
1109 651 1136 697 ct
1149 645 1288 715 sapientia
1313 644 1467 711 emolliaris,
1496 645 1531 698 de
1550 644 1728 700 sublimibus
1755 645 1843 715 dispu-

98 737 159 793 dire
174 741 202 790 et
213 734 291 804 loqui
308 749 373 803 quos
390 732 568 802 preceperit.
997 736 1072 794 tans,
1088 733 1300 802 simplicitatem
1317 732 1448 787 Ecclesicc
1459 738 1636 802 contemnat,
1655 748 1719 800 cnr,
1733 741 1764 786 tu
1780 749 1842 803 qno·

132 825 213 880 Stons
238 825 301 877 totis
325 822 457 876 noctibus.
485 821 519 875 Ut
542 836 587 874 me
612 817 770 873 custodiam
798 813 834 870 ob
864 813 945 868 omni
999 834 1054 888 quc
1069 818 1327 872 sectarisoxcelsa‘l

98 917 224 985 peccato,
240 916 272 965 ut
284 910 337 964 sim
348 911 454 980 dignus
470 909 570 964 audire
581 907 699 961 veritum
712 903 836 959 Domini.

1034 908 1116 962 Vens.
1140 911 1165 961 2.
1181 936 1215 947 -
1246 906 1341 980 Pleno.
1370 906 1503 961 Doctrina
1529 906 1740 963 haereticorum
1764 907 1841 978 plene

136 1000 534 1055 l'nus.ti.—dcceistocenit
559 1001 610 1051 uir.
640 995 719 1060 Quod
749 992 888 1064 sequitur,
915 1007 944 1045 se
999 1001 1041 1050 est
1055 995 1238 1066 multiloquio
1254 1000 1283 1049 et
1299 995 1434 1049 clamore.

97 1088 369 1158 ridissesigoilicat,
404 1087 499 1140 venire
528 1086 634 1140 scilicet
656 1085 831 1138 Salvatorem
859 1095 946 1151 super
1035 1086 1174 1151 Interfecti
1195 1086 1244 1138 tui.
1260 1084 1364 1155 (iiten.)
1392 1083 1489 1150 Vallis,
1509 1084 1619 1139 scilicet
1643 1084 1725 1152 Sion,
1746 1085 1839 1139 rolon-

97 1177 194 1247 bigam
214 1177 372 1240 sedentem,
386 1180 414 1229 et
429 1175 542 1230 duobus
558 1173 740 1240 animalibus,
752 1170 778 1224 id
795 1174 847 1235 est,
865 1169 944 1223 asino
1000 1179 1058 1227 tete
1095 1172 1221 1244 propria,
1261 1173 1296 1228 ad
1332 1172 1481 1226 hereticos
1509 1172 1617 1228 scilicet
1657 1173 1840 1238 transierunt,

100 1272 128 1320 et
144 1265 261 1329 camelo,
278 1279 367 1317 unum
382 1279 497 1317 currum
509 1263 692 1333 jungentem.
1001 1261 1219 1334 comparatione
1236 1277 1335 1316 eornm
1352 1261 1402 1332 qni
1420 1266 1487 1332 post
1515 1261 1652 1332 prelium
1683 1261 1753 1317 victi
1776 1267 1840 1326 sunt,

135 1352 246 1419 Cecidit,
263 1352 368 1407 cecidit.
385 1351 497 1423 Cyroct
521 1351 604 1405 Dario
631 1349 803 1418 Babylonem
831 1350 946 1399 veston-
1001 1351 1143 1405 infelicius
1157 1351 1344 1404 vulnerantur
1368 1349 1418 1420 qui
1437 1355 1537 1419 sponte
1553 1366 1584 1404 se
1607 1350 1754 1406 trudunt:
1779 1367 1841 1421 quo-

100 1441 187 1508 tibns,
204 1440 465 1495 etiamidolasunt
483 1439 635 1505 contrecta,
662 1435 770 1506 templo
801 1433 860 1488 Reli
884 1433 947 1487 sub·
1002 1437 1088 1492 modo
1114 1437 1145 1490 in
1171 1437 1320 1508 martyrio,
1344 1436 1393 1508 qni
1422 1438 1487 1506 post
1514 1451 1616 1506 poeuas
1638 1440 1738 1507 neget,
1765 1436 1842 1491 letius

100 1545 182 1583 verso
197 1533 225 1583 ct
238 1528 305 1599 igne
321 1532 513 1583 concremato.
1002 1526 1120 1595 punitur
1134 1540 1219 1596 quem
1234 1525 1283 1596 qui
1298 1524 1359 1578 sine
1372 1523 1538 1578 necessitate
1554 1523 1703 1578 Christum
1721 1522 1840 1595 abnegat.

138 1618 216 1671 Vsus.
234 1618 454 1672 t0.-Trituro
479 1631 547 1670 mco.
564 1614 649 1680 Quasi
667 1631 673 1670 :
690 1616 766 1673 dicat
792 1615 983 1709 Opopule,B
1038 1613 1117 1667 Vnus.
1135 1614 1161 1667 3.
1181 1614 1333 1667 -Cuncti
1356 1614 1504 1683 principes,
1530 1617 1584 1667 etc.
1611 1612 1692 1667 Sicut
1721 1612 1752 1666 in
1777 1613 1840 1666 iere·

102 1705 150 1777 qni
165 1704 361 1759 recondendus
372 1720 401 1757 es
413 1704 442 1756 in
458 1703 561 1757 horrea
578 1718 649 1766 mea,
668 1719 753 1774 quem
768 1706 833 1759 trivi
863 1705 948 1758 variis
1005 1701 1062 1756 mia
1074 1701 1190 1772 legitur,
1207 1701 1356 1756 Sedectrias
1370 1708 1454 1755 nocte
1464 1716 1516 1771 per
1530 1701 1609 1754 muri
1629 1701 1773 1768 foramen,
1787 1707 1838 1767 cto,

100 1793 252 1865 angustiis,
273 1798 305 1847 ut
333 1798 495 1846 excuterem
521 1791 618 1861 paleas
633 1796 662 1845 et
686 1794 813 1848 triticum
829 1809 946 1864 purum,
1003 1790 1172 1858 usqueodet
1186 1789 1216 1843 iu
1233 1789 1405 1859 Babylonem
1420 1789 1586 1844 ductisunt.

101 1881 260 1934 conferrem
286 1879 317 1933 in
340 1880 443 1933 borres
473 1894 537 1949 quan
553 1878 647 1933 erudiri
672 1897 686 1932 a
704 1881 823 1936 Domino
838 1899 869 1936 es
891 1883 947 1936 lieo
1038 1880 1183 1947 Fugerunt.
1200 1879 1231 1931 in
1246 1877 1312 1947 iuga
1328 1876 1630 1948 concordes,qnorum
1652 1876 1786 1948 princeps
1806 1886 1839 1931 est

102 1970 271 2034 lsrael,etc.

140 2058 280 2110 versit.
302 2085 338 2096 -
365 2056 437 2111 Onus
457 2057 557 2109 Domo.
589 2056 674 2110 tux:
706 2058 851 2126 Idomene,
881 2065 947 2125 etc,

105 2159 189 2212 usqrte
203 2144 239 2197 ud
254 2160 326 2197 onus
339 2144 431 2197 liuma
445 2143 479 2198 ad
496 2160 541 2197 me
554 2144 666 2199 clamat.

141 2232 187 2287 rid
226 2247 267 2285 me
303 2232 412 2286 clomot.
444 2231 547 2300 (Hier.)
593 2232 677 2298 licus,
722 2233 829 2289 scilicet
857 2239 950 2289 custos

106 2335 198 2387 meus,
218 2325 283 2374 etc..
299 2334 384 2387 usque
408 2318 591 2389 adloquitur
614 2321 718 2375 deinde
739 2324 892 2393 gentibus:
921 2323 952 2378 Si

104 2423 145 2461 mc
158 2410 292 2476 queritis,
304 2406 460 2461 studiosius
475 2411 587 2476 querite
600 2407 690 2475 (ioan.
708 2409 754 2481 rx).

141 2496 220 2549 Vens.
237 2498 278 2550 tu.
296 2524 330 2535 -
348 2496 530 2561 Veniimnne,
554 2502 608 2550 etc.
642 2496 727 2562 0υωί
751 2500 859 2569 populo
886 2515 951 2554 meo

1003 1966 1088 2021 droco
1103 1965 1227 2036 fugiens,
1240 1966 1358 2020 coluber
1374 1971 1528 2019 tortuosus.

1041 2056 1120 2108 Vnus.
1138 2058 1163 2110 5.
1180 2084 1214 2093 —
1238 2056 1273 2109 Et
1293 2056 1412 2122 fletuum.
1430 2053 1493 2124 tio.)
1522 2053 1614 2108 ixx:
1639 2054 1763 2108 Erroris.
1790 2054 1840 2108 Non

1004 2142 1083 2213 qrrod
1103 2141 1187 2196 lletos
1206 2145 1234 2195 et
1264 2157 1344 2195 error
1372 2141 1526 2196 cDomino
1551 2141 1604 2209 sit;
1633 2141 1684 2196 sed
1709 2143 1841 2196 occasione

1004 2229 1215 2300 scripturarum
1232 2243 1303 2299 quas
1326 2228 1406 2283 dedit
1420 2229 1460 2283 cis
1486 2229 1635 2300 legendus,
1660 2231 1788 2285 nescitur
1807 2247 1842 2284 er·

1004 2316 1078 2370 roris
1094 2315 1215 2382 occasio,
1231 2322 1260 2370 et
1275 2321 1394 2386 possunt
1418 2316 1538 2372 dicere:
1569 2317 1664 2383 Quare
1689 2334 1740 2373 nos
1768 2335 1843 2373 erran

1004 2407 1095 2473 iecisti
1103 2421 1120 2458 o
1133 2408 1180 2458 oin
1196 2409 1243 2459 tuo
1255 2410 1266 2457 i
1279 2405 1333 2472 (iso
1344 2405 1433 2475 nxrrr.)

1041 2495 1128 2549 Vnus.
1145 2496 1171 2547 o.
1185 2494 1319 2548 -iiiom
1334 2493 1468 2548 Civitates
1478 2493 1508 2548 in
1518 2493 1639 2550 Perside
1651 2495 1841 2566 provincia,in

105 2583 178 2637 dabo
191 2582 288 2638 lumen
303 2583 421 2651 loetitiae,
438 2589 504 2651 etc,
518 2584 654 2653 usquead
672 2587 848 2656 operatione.
869 2593 897 2642 et
913 2588 952 2642 sic
1007 2600 1064 2655 qua
1077 2581 1179 2653 optimi
1189 2581 1329 2651 sagittarii
1343 2599 1350 2637 ι
1364 2582 1758 2652 Elomsumpsitpboretrom.
1771 2584 1845 2638 Elam.

104 2672 220 2727 endiam
232 2688 289 2726 ros.

140 2761 224 2814 Vnus.
243 2762 284 2814 ta.
302 2790 336 2813 .—
362 2760 436 2815 Onus
451 2763 480 2815 in
507 2761 627 2817 Arabio.
653 2763 760 2817 Arabes
775 2767 842 2817 sunt
867 2764 951 2819 Sera·

105 2848 180 2918 ceni,
196 2853 240 2903 etc
255 2864 338 2919 usque
353 2848 390 2902 od
403 2848 468 2904 iude
488 2849 645 2921 alloquitur
673 2851 747 2905 Deus
771 2851 884 2906 iudaeos
907 2853 952 2907 iu-

104 2937 293 3008 gientessic:

140 3028 171 3080 ln
185 3026 258 3079 sotto
273 3024 309 3079 od
322 3040 471 3095 ocspcrom.
488 3025 625 3092 hindei,
637 3024 687 3097 qui
701 3026 879 3082 obsidionem
896 3030 950 3082 Ba-

103 3112 248 3183 byloniam
257 3112 373 3184 fugietis
387 3112 417 3168 in
429 3113 512 3179 saltu,
523 3113 551 3168 id
563 3120 605 3168 est
616 3114 646 3168 in
658 3115 950 3170 sitrisSaracenorum

104 3201 265 3268 dormietis,
281 3201 424 3273 fugientes
443 3201 590 3256 Cbaidaeos
606 3202 635 3257 in
661 3204 768 3258 semitis
798 3204 948 3272 Dodanim‚

103 3288 177 3361 qood
192 3288 398 3354 iuterpretatur
412 3293 441 3342 in
457 3291 625 3359 propinquos
645 3291 686 3344 vol
703 3297 839 3358 oopnotos,
852 3291 879 3347 id
895 3299 947 3360 est,

102 3377 132 3431 in
149 3378 193 3429 via
207 3377 359 3447 qnaeducit
375 3376 557 3446 propinquos
573 3383 679 3431 vestros
696 3379 860 3435 Saracenos.

141 3464 295 3532 Vesperom.
317 3465 379 3531 (lo)
399 3464 468 3528 Quae
497 3469 539 3517 est
561 3464 738 3535 principium
765 3468 867 3522 noctis.
895 3470 949 3534 Qui

102 3566 219 3620 peccare
235 3550 345 3620 incipit,
363 3551 392 3604 in
408 3566 525 3621 vespera
540 3557 595 3619 est;
609 3553 704 3623 quiad
723 3569 868 3610 summum
897 3574 949 3612 rc·

103 3638 155 3707 nit,
172 3639 201 3692 iu
214 3639 306 3693 media
319 3643 411 3693 nocte.
430 3640 519 3693 iledie
531 3646 613 3695 nocte
629 3642 821 3713 primogenita
836 3645 948 3717 AEgypti

102 3728 282 3782 occiduntur.
304 3728 402 3781 Petrus
426 3734 520 3799 negat,
537 3730 598 3783 luce
610 3731 670 3800 jam
697 3732 789 3786 vicina
817 3735 947 3804 poenitet.

137 3818 170 3870 In
181 3818 292 3869 semitis.
313 3815 375 3885 (lo.)
386 3815 456 3880 Ouia
472 3832 589 3887 vespera
603 3818 777 3888 principium
794 3821 947 3889 motorum,

102 3908 167 3960 etc..
183 3917 266 3971 usque
281 3903 318 3956 od
332 3904 446 3974 quaudo
461 3910 560 3958 contra
575 3911 685 3975 patrem
699 3907 856 3962 rebellavit.

139 3993 216 4044 t'uus.
234 3992 276 4045 tt.
292 4021 326 4029 —
352 3991 509 4046 Occurcntcs
535 3993 639 4046 sitienti
662 3995 740 4060 ferte.
768 3995 824 4049 iloc
850 4001 947 4050 contra

102 4095 150 4131 eos
164 4083 256 4148 potest
271 4077 335 4141 dici,
354 4078 403 4149 qui
419 4080 477 4132 otio
493 4085 522 4133 et
537 4080 651 4134 desidite
668 4098 697 4135 sc
712 4084 893 4137 tradiderunt
920 4090 948 4139 et

1007 2686 1140 2725 ascensus
1173 2685 1284 2738 eorum,
1320 2669 1347 2725 id
1389 2675 1431 2724 est
1470 2671 1606 2742 superbie
1642 2673 1844 2728 hereseorum.

1007 2759 1129 2831 sumpsit
1143 2759 1318 2829 pharetram,
1333 2763 1364 2812 ut
1385 2761 1496 2826 sagittet
1505 2761 1535 2814 in
1549 2759 1665 2815 obscuro
1674 2768 1763 2816 rectos
1772 2760 1845 2815 emir.

1042 2850 1183 2904 Periclem.
1202 2847 1331 2901 Ecclesiae
1349 2846 1543 2918 firmamenta,
1557 2849 1662 2920 clypeo
1679 2865 1746 2921 suo,
1768 2849 1795 2904 id
1813 2852 1847 2903 est

967 2932 987 2986 G
1006 2934 1224 3007 impugnatione
1240 2936 1367 2991 nudavit.

1041 3026 1122 3079 trus.
1138 3027 1213 3080 8.-
1242 3025 1453 3095 Operimcntum.
1466 3025 1620 3097 Templum
1649 3028 1731 3098 quod
1759 3027 1845 3095 genti·

1006 3114 1058 3168 bus
1073 3119 1101 3168 et
1116 3112 1234 3184 pollutis
1248 3119 1314 3168 ente
1330 3119 1462 3184 opertum
1477 3120 1504 3168 et
1518 3116 1650 3170 clausum
1667 3122 1741 3171 etat.

1039 3203 1299 3257 Armomentorium.
1341 3202 1423 3257 iuxta
1462 3203 1603 3273 templum
1650 3210 1717 3259 eret
1756 3205 1846 3261 domus

1005 3304 1089 3361 qrrsm
1119 3289 1270 3344 edificavit
1305 3290 1394 3344 David
1421 3291 1455 3345 sd
1499 3292 1671 3361 reponenda
1706 3309 1796 3360 arma,
1821 3294 1845 3346 io

1004 3382 1084 3448 cuius
1109 3378 1228 3432 circuitu
1255 3377 1371 3433 orbores
1395 3380 1509 3444 multum
1546 3375 1623 3435 unde
1655 3381 1766 3437 dicitur
1801 3384 1844 3436 do·

1004 3484 1068 3523 mus
1081 3467 1179 3521 saltus.
1196 3467 1384 3537 lpannoque
1395 3483 1450 3521 nou
1463 3467 1583 3538 lapides,
1599 3469 1650 3523 sed
1666 3469 1766 3540 lignea
1779 3471 1826 3525 icit
1839 3486 1844 3523 :

1004 3573 1036 3611 ex
1057 3557 1176 3611 humore
1192 3556 1268 3609 enim
1285 3555 1417 3610 cementi
1431 3561 1460 3610 et
1474 3556 1604 3627 lepidum
1618 3558 1664 3628 (ιιι
1679 3559 1773 3627 aiunt}
1790 3574 1844 3613 ern·

1003 3646 1084 3718 giuet
1099 3645 1218 3698 ier-rum.

1040 3735 1119 3787 Vens.
1136 3735 1162 3787 9.
1178 3762 1212 3772 -
1240 3734 1275 3787 at
1303 3736 1495 3800 congregastis.
1521 3734 1608 3788 Terra
1640 3735 1843 3806 promissionis,
1884 3776 1888 3789 .

1003 3820 1134 3892 quamvis
1146 3819 1302 3888 uberrima,
1315 3825 1387 3887 etc,
1398 3826 1461 3885 etc..
1473 3821 1735 3891 usqueodinierior
1745 3841 1806 3896 qoae
1816 3825 1843 3878 rb
1884 3836 1888 3863 ²

1003 3909 1131 3964 hostibus
1143 3909 1205 3979 cepi
1220 3913 1342 3980 poterat,
1356 3909 1486 3979 superior
1500 3926 1565 3981 quae
1580 3927 1642 3964 oon
1659 3918 1786 3983 poterat.

1040 3999 1119 4052 Vnus.
1156 4001 1197 4051 tt.
1227 4027 1261 4036 —
1285 4000 1319 4052 nt
1351 3998 1447 4051 tursum.
1480 3998 1540 4068 (lo.)
1570 3999 1632 4052 Non
1659 4008 1784 4072 puteum
1804 4000 1842 4073 qni

1002 4102 1106 4157 aquam
1123 4086 1238 4139 vitatem
1255 4085 1340 4140 habet
1355 4090 1384 4140 et
1395 4092 1543 4155 eternam,
1555 4087 1605 4141 sed
1619 4089 1842 4163 laeusgeontdus

101 4165 218 4237 propria
243 4165 333 4219 saluto
357 4168 484 4222 contenti
509 4171 584 4236 sunt,
615 4185 666 4223 nec
680 4169 893 4240 poeniteniibns,
920 4178 948 4227 et
968 4174 1052 4263 1,qm
1066 4174 1211 4228 continere
1227 4174 1393 4228 nouralent
1407 4190 1521 4246 aquam.

100 4253 243 4305 conversis
254 4269 373 4307 manum
390 4255 551 4325 porrigunt.

136 4342 247 4395 sitienti
258 4343 328 4406 ferte
340 4338 449 4410 tronum.
466 4342 600 4413 Fatigatis
616 4343 751 4398 iratribus
767 4346 868 4402 erdore
897 4365 944 4402 so-

101 4429 135 4483 lis
149 4434 177 4482 ct
202 4429 264 4482 sitis
279 4429 349 4483 ierte
363 4445 478 4500 aquam,
494 4446 531 4483 ne
546 4430 576 4483 in
588 4430 880 4504 solitudinepereant.

136 4518 218 4571 Vnus.
238 4521 278 4570 ro.
295 4517 390 4571 Adhuc
404 4522 433 4571 in
448 4535 510 4584 uno,
536 4523 588 4572 etc.
616 4519 702 4584 Quasi
726 4521 833 4578 diceret
850 4539 856 4578 :
873 4524 944 4589 Ouia

98 4620 156 4659 uon
176 4604 317 4659 habuistis
331 4605 360 4659 iu
376 4622 425 4660 eos
438 4607 676 4677 misericordiam,
703 4626 792 4680 prope
823 4615 943 4666 sustine

16 4698 20 4702 '
99 4693 165 4746 bitis
187 4693 359 4764 captivitatis
374 4694 530 4748 miseriem.
560 4696 626 4749 Post
651 4713 760 4752 annum
790 4701 945 4756 aindcica

98 4781 261 4851 captivitate
277 4786 306 4836 ot
317 4782 473 4837 Jerusalem
488 4782 683 4851 subversione,
698 4784 727 4838 hi
749 4802 865 4859 qnoque
894 4806 943 4843 ra·

98 4871 163 4923 stati
177 4875 251 4924 sunl.

132 4959 219 5024 Quasi
234 4961 262 5013 in
286 4975 356 5014 nono
379 4961 565 5015 mercenarii:
587 4960 649 5031 (to.)
672 4961 749 5031 qrrod
778 4967 841 5017 est:
867 4964 943 5030 οιιο-

95 5048 180 5102 modo
195 5048 388 5102 merceuarius
404 5063 511 5101 eunom
529 5065 623 5114 suum,
639 5056 705 5119 etc,
725 5051 861 5118 usquead
890 5067 941 5121 pn·

93 5150 219 5205 nemque
234 5136 376 5189 coelcstcm
392 5135 578 5189 comederint.

413 5224 526 5278 CAPUT
546 5225 623 5279 xxti.

128 5307 208 5362 Vens.
227 5311 300 5364 t.-
322 5310 395 5365 Onus
420 5312 510 5365 uoltis.
530 5312 687 5367 ierusalem
717 5313 864 5385 quondam
894 5314 940 5370 do-

91 5393 169 5447 mina
184 5397 325 5464 gentium,
340 5403 406 5464 etc,
434 5414 519 5469 usque
532 5399 629 5472 cdqni
642 5401 677 5455 de
706 5401 823 5458 sublimi
852 5420 938 5459 sensu

89 5480 297 5552 scripturarum
310 5485 343 5539 sd
357 5486 454 5542 lutino
469 5493 650 5545 corruerunt.

1036 4261 1111 4315 iuter
1137 4260 1204 4314 duos
1236 4275 1336 4315 muros.
1366 4261 1478 4318 Scilicet
1509 4267 1537 4316 et
1566 4264 1680 4321 Novum
1710 4275 1742 4324 ct
1774 4269 1842 4323 ictos

1002 4347 1225 4416 Testamentum,
1251 4348 1381 4404 iecerunt
1405 4349 1459 4404 sibi
1473 4365 1560 4404 novas
1579 4368 1682 4423 eques,
1711 4373 1785 4428 quas
1809 4359 1840 4410 io·

1000 4436 1120 4491 teriorcs
1134 4441 1237 4506 putent
1252 4441 1280 4490 et
1295 4437 1404 4508 majore
1430 4438 1576 4495 continere
1600 4444 1748 4513 mysteria
1771 4461 1840 4517 quan

1000 4525 1084 4578 Vctus
1098 4524 1321 4580 Testamentum.

1034 4614 1113 4667 Vnus.
1134 4616 1175 4666 li.
1193 4643 1223 4654 -
1245 4615 1398 4669 lituocolu't
1419 4615 1552 4671 Dominus
1576 4620 1649 4674 Deris
1670 4625 1839 4678 exercituum.

998 4701 1130 4766 Quotidie
1148 4706 1286 4771 provocat
1313 4703 1450 4757 Dominus
1472 4705 1622 4761 hereticos
1651 4710 1688 4764 ad
1716 4714 1840 4783 poenitur

999 4790 1078 4854 tiam,
1108 4794 1173 4855 etc,
1201 4804 1285 4858 usqtte
1306 4790 1344 4844 mi
1370 4791 1417 4844 sed
1438 4791 1649 4863 vilipendentes
1696 4804 1728 4853 et
1758 4800 1839 4869 despe

997 4881 1093 4930 rantes
1108 4875 1239 4930 dicebaut
1256 4892 1262 4931 :
1278 4877 1452 4933 comedamus
1466 4886 1490 4934 ct
1520 4879 1656 4951 bibemus,
1689 4900 1756 4941 cros
1783 4889 1838 4940 enin

996 4966 1142 5018 moriemur
1153 4948 1368 5035 (ieremsxrxrv).

1032 5052 1110 5106 Vnus.
1135 5053 1175 5106 tl.
1192 5081 1218 5094 -
1241 5055 1488 5125 Moricmini.(lo.)
1516 5055 1609 5122 Vitiis,
1636 5065 1691 5115 aut
1722 5060 1837 5118 cumeis

996 5140 1355 5212 udinierosdescendctis,
1383 5146 1602 5213 etc.,usquecd
1632 5164 1703 5219 quae
1736 5152 1781 5207 bic
1802 5149 1834 5203 di·

995 5234 1099 5283 cuntur
1123 5245 1182 5283 non
1211 5230 1355 5300 pertinent
1375 5231 1409 5286 sd
1436 5233 1634 5304 captivitatem
1650 5237 1762 5295 iactam
1777 5246 1833 5294 ten·

994 5317 1213 5388 poreEreclriae.
1878 5384 1881 5389 ,

1028 5405 1109 5461 Vsus.
1129 5408 1170 5460 ts.
1188 5435 1222 5446 -
1246 5406 1372 5462 Soiuom.
1393 5408 1494 5479 (Hecu.)
1509 5410 1650 5469 Converte
1677 5432 1768 5482 nrruc,
1783 5424 1831 5474 ete.

993 5493 1126 5564 usquead
1149 5493 1265 5550 undeet
1281 5495 1492 5553 hominuslroec
1512 5500 1588 5555 uiola
1605 5502 1750 5562 minatur.
