3892 6106
92 276 149 327 ‘lib
666 271 791 328 etosst
811 271 1013 328 oltblrttttls.
1033 302 1068 312 -
1088 272 1155 327 ΗΒ.
1174 271 1296 329 TOBIAE.
1796 274 1850 332 ‘lib

92 392 296 465 inscripturis
322 392 470 460 indicarit,
496 393 532 449 de
557 409 614 465 quo
644 393 794 448 dieiturto
822 394 1107 465 SerpensACantus
1135 394 1293 465 pullorum,
1308 399 1374 461 etc,
1390 408 1475 464 terque
1489 395 1526 450 ud
1541 397 1679 450 veraciter
1705 397 1850 454 Christum

93 488 160 538 erat
172 482 301 538 callidior
322 482 432 537 cunctis
452 482 646 537 animantibus
661 486 746 536 terrae
769 483 844 540 (den.
861 481 944 552 ur),a
1001 482 1082 537 hoste
1111 485 1245 554 superato
1274 497 1411 552 sponsum
1441 499 1502 538 asse
1526 490 1630 539 sancta·
1656 485 1786 541 Ecclesiae
1802 502 1850 541 co·

95 576 128 627 et
139 571 222 626 alibi:
244 591 257 622 e
272 572 347 627 Num
362 572 528 642 ignoramus
539 570 658 625 astutias
673 572 734 642 ejus
745 571 784 640 (ll
798 572 859 627 Cor.
876 573 915 641 ιι).
930 590 945 624 a
1001 573 1171 643 guoberunt.

96 662 146 716 Fel
176 677 291 732 quoque
320 660 458 731 reposuit,
488 659 556 730 quia
585 665 692 730 quanto
708 659 825 714 malitias
850 660 947 716 lurore
1036 661 1117 714 Vens.
1136 663 1178 714 l'l.
1206 689 1240 700 —
1265 680 1279 711 e
1310 659 1509 715 Benedicimus
1534 665 1575 728 te,
1602 662 1850 720 nominemus..

95 753 199 804 eontra
215 765 305 820 genus
331 747 490 802 humanum
506 747 616 814 saeviat,
632 748 667 801 ad
683 747 800 802 cautelae
819 749 948 804 studium
1002 748 1064 819 (lo,
1078 748 1161 819 ibid.)
1182 747 1424 819 LoetaturRaguel
1441 749 1476 803 de
1491 748 1547 804 vita
1562 750 1669 817 Tohrae,
1687 756 1752 821 etc,
1767 767 1853 822 usque

96 837 185 892 scribi
197 843 225 892 et
246 837 408 892 conservari
431 835 534 891 voluit.
554 836 637 890 Jecur
652 836 789 906 reposuit,
806 837 872 907 quia
887 853 943 892 ma·
1001 837 1039 891 od
1051 841 1118 891 sunt
1131 836 1219 891 crassi
1233 836 1325 907 gratia
1340 852 1472 908 supernae
1485 835 1647 891 dilectionis
1663 838 1770 901 relecti,

95 927 178 997 ligna
194 927 255 996 ejus
285 924 402 980 consilia
417 925 568 979 adversum
583 940 637 977 nos
664 940 716 994 per
730 924 860 978 doctores
875 926 946 980 veri·
1037 927 1116 980 Vnus.
1145 928 1241 979 22-
1271 944 1286 977 «
1315 927 1390 980 Duas
1416 942 1541 997 quoque,
1564 947 1576 976 ι
1605 928 1737 995 etc.,tln.,
1767 928 1849 1000 ibid.)

94 1013 357 1068 latisinsinuarit:
381 1013 468 1067 Aiunt
482 1013 558 1067 enim
575 1011 703 1082 physici:
733 1013 800 1083 quia
814 1014 906 1068 calore
921 1018 949 1068 et
1001 1014 1154 1086 Apostolus
1168 1015 1298 1086 gentium
1322 1032 1369 1070 eos
1397 1015 1448 1086 qui
1471 1015 1506 1069 ad
1521 1015 1608 1070 tidem
1619 1021 1765 1081 venerant,
1782 1021 1849 1082 etc.,

96 1103 211 1158 occulta
238 1103 340 1156 virtute
369 1102 474 1173 jecoris
501 1107 697 1172 excoquantur
724 1106 752 1156 ct
783 1102 949 1173 digerantur
1001 1119 1086 1172 usque
1101 1104 1139 1158 od
1153 1104 1202 1174 qui
1213 1105 1312 1175 epulas
1328 1120 1361 1158 ax
1377 1106 1418 1159 eis
1430 1120 1552 1175 quorum
1573 1104 1740 1158 reficiuntur
1754 1119 1849 1158 exem·

95 1191 165 1246 eibi.
184 1191 254 1246 Cum
283 1206 348 1244 vero
363 1206 428 1260 quae
443 1204 527 1260 agere
542 1188 730 1259 disponimus,
748 1191 846 1246 sedula
869 1192 948 1262 cogi·
1002 1192 1057 1264 plis
1070 1192 1223 1264 accipiunt.

95 1279 209 1335 tatione
236 1295 293 1349 qno
323 1278 423 1332 ordine
447 1279 504 1331 siut
524 1278 634 1348 agenda
658 1278 841 1348 requirimus,
867 1280 950 1350 quasi
1039 1280 1195 1345 nouatuor
1209 1281 1323 1336 arietes.
1341 1281 1439 1346 »Quia
1453 1281 1542 1335 sancti
1554 1282 1686 1335 doctores
1700 1285 1729 1338 at
1744 1284 1850 1352 marty·

95 1372 231 1437 acceptos
255 1367 286 1421 in
315 1370 460 1421 stomacuo
488 1366 578 1435 eibos,
608 1365 709 1421 ardore
733 1367 840 1437 jecoris
863 1384 949 1423 erco-
1002 1383 1047 1420 res
1063 1371 1185 1438 quatuor
1196 1367 1283 1422 libros
1298 1367 1444 1438 Evangelii
1459 1368 1514 1421 lide
1530 1372 1558 1421 et
1570 1384 1655 1437 opere
1670 1372 1850 1434 conservant,

97 1456 228 1526 quimus.
1003 1455 1166 1526 prudentia,
1180 1455 1302 1526 justitia,
1319 1455 1498 1522 tortitudine,
1509 1456 1700 1526 temperantia
1716 1455 1850 1510 muniun-

134 1563 150 1594 ι
171 1545 245 1600 Sunt
268 1542 345 1598 enim
360 1542 421 1597 haec
436 1542 638 1597 necessaria.»
661 1542 771 1597 Astatia
791 1543 894 1599 diaboli
920 1551 950 1601 et
1003 1548 1060 1610 tur,
1087 1548 1115 1597 et
1144 1549 1269 1615 quatuor
1301 1544 1430 1615 partibus
1455 1543 1557 1599 mundi
1586 1543 1732 1599 instruunt
1758 1545 1850 1599 Eccle-

94 1632 229 1703 nequitia
260 1631 375 1703 cognita
415 1630 498 1684 nobis
530 1631 565 1685 ad
602 1632 746 1686 medelam
777 1632 947 1703 proficiunt:
967 1631 1074 1732 Bsiem
1083 1632 1143 1687 [tei.

95 1725 207 1791 quanto
236 1721 367 1775 enimes
392 1721 497 1774 certius
525 1720 715 1792 exploramus,
741 1725 820 1776 tanto
841 1722 949 1777 certius
1040 1721 1162 1777 «Occidi
1189 1719 1264 1776 lecit.
1281 1740 1295 1773 s
1312 1719 1384 1786 Quia
1401 1720 1449 1774 alii
1472 1726 1573 1792 sponte
1597 1721 1849 1776 mortificantcor·

95 1808 287 1863 declinamus.
1002 1824 1074 1880 pora
1100 1825 1161 1875 sua,
1191 1814 1224 1862 ut
1257 1809 1314 1863 sint
1341 1809 1432 1863 hostia
1460 1809 1537 1864 viva:
1566 1809 1615 1864 alii
1643 1809 1718 1865 inter
1747 1824 1852 1864 manus

135 1898 218 1958 Vnus.
229 1901 255 1952 6.
272 1916 336 1948 -a
359 1897 470 1952 Assavit
491 1913 592 1952 carnes
607 1897 679 1969 ejus,
696 1919 710 1947 »
728 1903 781 1953 etc.
798 1898 884 1965 Bene,
901 1898 949 1952 ubi
1002 1897 1163 1951 infidelium
1192 1897 1316 1952 subeunt
1343 1897 1499 1968 martyria:
1515 1912 1567 1967 per
1595 1913 1674 1951 arma
1703 1897 1852 1968 justitiaea

96 1985 206 2055 supro.)
226 1984 369 2055 Quidquid
384 1985 438 2039 sibi
465 2001 497 2039 ex
512 1985 567 2039 hoe
581 1985 657 2055 pisce
671 1986 865 2057 assumpserit,
882 1990 948 2055 ete,
1002 1984 1107 2039 dextris
1117 1991 1147 2040 et
1164 2002 1180 2039 a
1209 1984 1340 2051 sinistris,
1357 1984 1387 2039 id
1415 1990 1468 2054 est,
1484 1985 1513 2039 in
1530 1984 1675 2055 prosperis
1685 1989 1714 2039 et
1727 1984 1852 2040 adversis

96 2089 187 2143 usque
212 2073 249 2128 od
277 2073 369 2128 donee
395 2073 425 2127 iu
453 2073 590 2144 gentibus
613 2074 745 2130 Ecclesiae
764 2073 951 2129 fundamenta
1003 2072 1116 2151 hostem
1131 2073 1276 2127 vincentes
1292 2073 1454 2143 antiquum.

99 2162 275 2216 locarentur.
1040 2162 1124 2216 Vens.
1155 2164 1199 2215 23.
1225 2188 1259 2202 -
1285 2179 1300 2211 u
1330 2161 1362 2214 Et
1385 2160 1527 2230 adjurarit
1555 2161 1664 2232 llaguel
1692 2161 1852 2217 Tomara.»

137 2251 223 2303 Vras.
239 2251 280 2304 tr.
296 2279 331 2289 -
347 2268 361 2301 a
376 2250 409 2303 Et
424 2253 544 2320 oportet.
564 2272 575 2299 a
593 2249 656 2322 (ln,
673 2250 758 2321 ibid.)
773 2251 881 2321 Raguel
897 2266 950 2321 po·
1003 2250 1100 2320 (Bene,
1124 2249 1203 2317 ibid.)
1232 2248 1407 2319 adjuramus
1423 2249 1567 2306 Christum
1579 2257 1611 2304 ut
1627 2255 1743 2304 maneat
1757 2250 1854 2305 nobis·

99 2342 206 2410 pulum
221 2337 351 2408 gentium
366 2338 468 2408 signat,
485 2342 553 2405 etc,
575 2353 660 2408 usque
683 2338 720 2392 ud
734 2343 763 2393 et
787 2338 837 2408 qui
853 2337 950 2393 audire
1003 2355 1081 2409 cum,
1109 2339 1200 2393 donee
1225 2338 1428 2409 perlectionem
1443 2337 1546 2408 quietis
1566 2354 1617 2409 per
1627 2337 1749 2408 Spiritus
1763 2337 1854 2392 sancti

98 2427 301 2497 dignussitzr
329 2428 391 2481 iarn
408 2442 466 2481 uon
482 2426 574 2481 dicam
599 2428 829 2494 vosservos,sed
845 2427 951 2482 amicos
1004 2428 1126 2498 gratiam
1153 2442 1375 2498 consequamur,
1401 2443 1457 2498 qua
1486 2426 1696 2497 requiescamus
1712 2431 1740 2481 et
1760 2441 1854 2498 apec-

99 2531 185 2571 meoa
200 2514 288 2586 (Toou.
305 2517 360 2584 xv).
1005 2516 1075 2571 catis
1106 2517 1136 2570 in
1163 2531 1292 2587 corpore,
1329 2520 1358 2570 et
1391 2531 1409 2570 e
1442 2515 1537 2587 pravis
1566 2514 1785 2585 cogitationibus
1822 2515 1854 2570 iu

442 2631 628 2686 “PUTVH'
1005 2608 1111 2660 mente.
1351 2675 1519 2731 CAPUTlx.

137 2740 218 2793 Vnae.
237 2741 278 2792 ll.
291 2769 324 2779 -
343 2759 354 2787 ι
373 2738 434 2803 Quo
451 2737 549 2794 audito
571 2737 657 2793 verbo
676 2738 785 2809 Raguel
800 2736 948 2808 expavit»
1040 2765 1121 2819 Vm·
1138 2767 1164 2819 3·
1178 2794 1213 2803 -
1225 2784 1239 2813 ι(
1253 2764 1360 2818 Tamen
1390 2764 1508 2818 obsecro
1520 2766 1558 2818 te,
1574 2785 1589 2813 ‚,
1604 2763 1701 2835 (Bm,
1716 2778 1751 2818 ,x
1770 2761 1851 2834 Μὰ)

99 2832 156 2881 ⁸²⁰·
174 2828 274 2897 (Bima
290 2827 338 2881 ²⁴⁶5
350 2827 459 2897 wilm)
473 2827 599 2881 miens
609 2826 733 2897 P⁰P¹¹¹⁰⁵
749 2825 950 2896 ὅθῦῖίΰωθῗ·
1004 2851 1123 2923 Aliquos
1138 2852 1172 2907 de
1187 2852 1370 2907 credentibus
1385 2853 1541 2906 servientes
1555 2850 1607 2907 tibi
1627 2851 1733 2923 quibus
1751 2850 1856 2924 predi·

97 2915 171 2970 bum
197 2914 274 3012 fid⁰ij
305 2919 370 2983 ⁸¹⁰2
399 2930 484 2986 “siue
511 2915 548 2971 αα
575 2919 605 2970 ut
632 2913 784 2986 q⁰i⁸u¹¹²³
810 2914 1090 3019 dicerentvectandi
1103 2940 1265 2994 committas
1280 2939 1407 2995 officium
1424 2941 1457 2995 ad
1473 2940 1647 3011 colligendas
1660 2945 1771 3012 gentes,
1786 2956 1852 3012 quae

99 3003 189 3057 ⁵2⁰¹st
203 3006 340 3074 Pfflfem·
1006 3027 1134 3081 nondum
1150 3027 1217 3082 lldei
1242 3028 1411 3099 mysterium
1426 3033 1622 3099 susceperunt,
1634 3030 1680 3083 sed
1698 3033 1794 3083 tamen
1809 3029 1853 3083 ia·

436 3106 548 3162 CAPUT
561 3107 632 3164 Vlll.
1006 3132 1083 3171 mam
1097 3116 1265 3172 audieruut:
1294 3122 1323 3173 et
1344 3118 1487 3172 talentum
1502 3117 1581 3172 verbi
1596 3118 1672 3189 quod
1687 3118 1763 3172 lama
1776 3117 1853 3173 didi·

137 3221 224 3275 vm
242 3223 266 3274 q,
283 3239 347 3271 ..4
377 3221 533 3291 postquam
557 3235 624 3274 ,em
654 3223 848 3286 efflaverunt,
868 3240 879 3268 .
896 3224 950 3276 θη,
1005 3210 1117 3266 cerunt,
1134 3221 1186 3274 per
1200 3205 1267 3260 lidei
1283 3205 1475 3260 obedientiam
1489 3206 1620 3261 reddant.
1650 3206 1743 3260 Novus
1760 3206 1856 3277 quoti·

97 3311 199 3380 (liuns,
215 3312 245 3363 in
261 3309 379 3374 Tedium,
396 3312 465 3363 tom.
480 3308 528 3381 ll.)
543 3309 723 3364 Introductus
736 3308 838 3364 Tobiae
852 3310 888 3365 ad
902 3326 952 3365 cu·
1005 3293 1051 3349 die
1083 3294 1206 3365 P⁰P¹¹¹⁰³
1235 3294 1266 3348 5¹1
1294 3294 1417 3349 E⁰⁰²⁶⁸i³
1445 3294 1599 3366 effingitur,
1632 3299 1726 3366 9⁰²0&
1757 3300 1855 3350 ΜΘΗ

98 3399 229 3454 biculum
246 3398 376 3469 protulit,
401 3403 455 3453 ete.
473 3397 546 3452 Deus
558 3402 727 3468 accepturus
750 3397 902 3454 Ecclesiam
916 3399 952 3455 de
1003 3381 1166 3451 fficiam&
1196 3382 1329 3454 inullitib
1357 3382 1408 3455 (1υἱ
1422 3383 1549 3438 niteram
1575 3383 1645 3453 ¹⁰8ss
1669 3383 1854 3455 ⁵⁰Pl¹¹⁸tii¹¹l⁸

100 3486 292 3560 gentibua,iu
320 3485 546 3556 desponsationis
572 3485 665 3551 initio,
679 3486 839 3557 jubeteam
865 3486 952 3543 abre-
1004 3469 1176 3542 inlefpmffl
1208 3476 1407 3564 ῑὶθῦθῐκῑῦὓῖ,Ι
1425 3476 1453 3526 Ol
1481 3472 1547 3528 id⁶⁰
1585 3472 1673 3527 fidem
1697 3471 1780 3526 citius
1806 3489 1854 3527 ⁸⁰·

99 3574 237 3631 nuntiare
252 3574 375 3642 diaholo,
403 3579 433 3628 et
459 3574 593 3628 omnibus
607 3574 722 3647 pompis
743 3574 805 3645 eJ'us
819 3580 848 3629 et
859 3576 950 3631 confi·
1004 3564 1165 3631 meierum·

99 3663 155 3719 teri
166 3663 254 3718 iidem
268 3668 371 3717 sauctae
395 3662 542 3718 Trinitatis
557 3662 587 3716 iu
603 3662 802 3717 remissionem
823 3668 953 3736 peccatb-

98 3767 182 3808 rum:
201 3751 279 3822 quod
307 3754 350 3805 est
377 3749 478 3805 intima
503 3749 591 3822 piscis
606 3752 713 3805 viscera
739 3750 951 3807 viviscremare

97 3838 281 3893 carbonibus.

135 3925 234 3995 (Banu,
259 3927 306 3980 ubi
328 3928 438 3996 supro.)
468 3926 540 3991 Quia
568 3932 633 3998 post
669 3926 951 3983 abrenuntiationem

98 4013 218 4081 diaboli,
256 4020 322 4085 post
354 4014 562 4069 consessionem
600 4029 674 4070 verae
712 4016 791 4084 fidei,
821 4016 951 4089 sequitur

98 4107 284 4174 peccatorum
299 4103 439 4166 remissio,
469 4119 641 4175 peraquam
670 4103 804 4175 baptismi
832 4105 949 4176 expulso

97 4189 226 4256 diabolo,
249 4189 396 4245 diabolum
427 4191 624 4263 ligavit:quia
649 4207 665 4244 a
689 4190 818 4246 fidelium
832 4192 948 4247 laesione

99 4277 438 4348 cessandocompescuit,
463 4295 536 4350 qnos
560 4283 589 4334 et
614 4279 639 4333 si
667 4279 822 4351 aliquando
837 4285 948 4336 tentare

99 4365 299 4438 probationem
328 4367 515 4438 permittitur,
552 4383 688 4438 superare
722 4372 819 4423 umen
847 4369 947 4440 prohi-

98 4454 193 4510 betur.

133 4545 216 4599 Vnus.
241 4546 270 4599 3.
298 4573 333 4584 -
349 4561 364 4595 e
379 4542 527 4616 Religavit.
554 4565 569 4594 »
593 4545 740 4600 [lasanum
756 4548 785 4599 et
809 4543 949 4617 AEgyptus

99 4632 187 4688 corda
213 4630 374 4687 infidelium
397 4631 570 4704 significant,
596 4649 662 4706 quae
689 4649 706 4688 a
735 4634 792 4688 Deo
821 4634 946 4689 deserta:

98 4720 167 4792 quia
181 4720 244 4791 ejus
258 4719 433 4774 habitatione
445 4719 574 4792 indigna,
591 4726 621 4776 et
638 4722 722 4792 juxta
734 4721 947 4794 interpretatio·

99 4824 166 4863 nem
181 4807 296 4878 AEgypti
310 4807 436 4878 perfidiae
458 4823 517 4863 snae
531 4808 658 4865 tenebris
671 4809 832 4865 obscurata.
848 4810 947 4866 blerito
1345 4793 1459 4849 CAPUT
1480 4793 1524 4850 ΧῙ·
1852 4848 1874 4892 7

97 4902 196 4952 autem
211 4896 337 4966 etquia
367 4897 426 4951 Deo
454 4897 626 4953 deseritura
649 4896 794 4953 daemonio
808 4898 945 4970 repletur.
1040 4902 1122 4956 Vens.
1139 4903 1165 4956 3.
1190 4930 1225 4942 -
1252 4921 1266 4949 r
1291 4900 1526 4957 praecedamus.»
1551 4898 1650 4970 (Bana,
1671 4897 1720 4953 ubi
1741 4898 1851 4968 supra)

97 4985 302 5056 Angelusvero
314 4985 475 5040 daemonem
488 4987 539 5058 qui
553 4986 807 5042 Tobiamoccidere
823 4987 946 5055 volebat,
1003 4990 1158 5059 Postquam
1168 4988 1347 5044 illuminatus
1357 4992 1401 5043 est
1421 4988 1544 5060 populus
1562 4987 1702 5058 gentium,
1718 4985 1854 5056 praecedit

96 5073 127 5129 in
141 5073 256 5129 deserto
269 5073 378 5145 ligavit,
393 5073 444 5145 qui
455 5073 614 5129 cohibitum
631 5091 647 5129 a
662 5074 805 5143 ildolihus,
816 5075 867 5147 qui
881 5081 948 5131 sunt
1003 5077 1100 5133 divina
1113 5079 1206 5149 gratia
1221 5078 1257 5132 ad
1272 5075 1490 5133 illuminandam
1502 5074 1659 5129 caecitatem
1673 5075 1850 5142 iudaeorum,

97 5162 230 5217 membra
244 5161 358 5227 Christi,
377 5162 524 5218 diabolum
538 5163 569 5217 in
595 5163 760 5219 infidelibus
772 5168 884 5219 tantum
894 5164 948 5219 do-
1003 5164 1082 5220 utin
1109 5165 1191 5220 libris
1218 5163 1276 5219 suis
1290 5167 1463 5234 cognoscant
1477 5162 1622 5218 Christum
1638 5176 1738 5217 verum
1755 5161 1850 5217 homi·

97 5250 206 5314 minari
220 5249 372 5322 permittit,
399 5251 429 5306 in
454 5252 560 5324 quibus
584 5257 681 5309 tamen
695 5257 775 5309 tanet
794 5268 859 5308 eum
879 5253 948 5325 liga·
1003 5269 1069 5308 nem
1080 5257 1109 5308 et
1119 5268 1220 5308 verum
1237 5254 1337 5319 ileum,
1351 5257 1380 5307 et
1396 5251 1436 5306 sic
1459 5251 1575 5305 tandem
1587 5249 1669 5323 quasi
1679 5250 1738 5305 viso
1750 5251 1852 5322 angelo

97 5344 171 5401 tnm,
187 5339 319 5411 quienec
333 5339 410 5411 ipsos
424 5340 653 5398 tantumlcedere
668 5342 845 5414 permittitur
859 5357 949 5414 quan·
1003 5345 1031 5396 et
1046 5341 1106 5396 illio
1135 5358 1186 5396 sno
1208 5356 1281 5412 quos
1313 5339 1362 5396 diu
1385 5355 1445 5394 non
1478 5339 1609 5394 videraut
1637 5340 1760 5395 multum
1784 5355 1853 5412 gau·

96 5432 163 5483 tum
177 5427 287 5483 nititur.
1002 5431 1103 5496 deant;
1134 5428 1261 5494 undem,
1299 5428 1453 5495 scilicet‚se
1483 5426 1613 5483 Ecclesiae
1637 5428 1672 5482 de
1707 5428 1850 5499 gentibus,

135 5518 216 5570 vans.
245 5519 288 5571 ll.
317 5536 380 5566 -·«
403 5517 438 5572 Et
461 5517 568 5574 lactum
593 5520 650 5573 est.
675 5536 690 5570 a
718 5522 771 5574 ete.
788 5518 850 5590 (ln,
865 5517 948 5590 ibid.)
1003 5523 1184 5591 congregate
1198 5518 1401 5590 mysteriorum
1415 5516 1617 5573 communione
1632 5517 1796 5589 conjungat.

1349 3631 1462 3687 CAPUT
1476 3633 1506 3686 Χ.

1040 3719 1121 3774 Vnae.
1152 3720 1177 3773 8.
1207 3738 1268 3769 -r
1295 3721 1332 3774 At
1350 3734 1419 3772 vero
1442 3718 1562 3789 Raguel,
1584 3738 1596 3767 ι
1616 3722 1681 3783 etc,
1704 3718 1792 3789 (Bra.
1808 3719 1855 3773 ubi

1002 3806 1110 3877 supro.)
1126 3807 1196 3861 Cum
1209 3805 1359 3877 plenitudo
1371 3806 1501 3876 gentium
1511 3805 1671 3872 intraverit,
1689 3821 1774 3860 nemo
1786 3823 1855 3876 pro-

1002 3894 1102 3950 hibere
1117 3898 1218 3966 potest,
1236 3893 1307 3966 quin
1324 3894 1462 3949 Dominus
1488 3893 1608 3948 salutem
1624 3893 1710 3947 lsrael
1735 3892 1854 3961 tribuat,

1003 3988 1032 4038 et
1045 3982 1202 4038 cecitatem
1229 3983 1301 4054 ejus,
1322 3998 1387 4053 quae
1408 3998 1441 4036 ex
1456 3986 1538 4054 parte
1558 3981 1688 4052 contigit,
1708 3981 1852 4052 respiciat.

1002 4072 1159 4127 Recordata
1191 4074 1234 4125 est
1267 4070 1345 4125 enim
1382 4070 1479 4125 divine
1518 4069 1680 4137 clementia,
1715 4069 1854 4141 quoniam

1002 4160 1118 4215 tristitia
1134 4175 1238 4231 magna
1252 4165 1281 4214 et
1294 4159 1448 4213 continuus
1462 4158 1545 4214 dolor
1560 4162 1603 4214 est
1614 4157 1721 4214 Judaeis
1735 4158 1853 4213 creden·

963 4249 985 4304 Ι)
1003 4248 1080 4305 tibus
1093 4264 1146 4319 pro
1160 4247 1295 4303 fratribus
1309 4247 1484 4303 infidelibus.

1039 4335 1121 4392 Vens.
1156 4337 1198 4392 lb.
1227 4364 1260 4377 -
1291 4355 1305 4385 a
1328 4333 1466 4403 Tradidit,
1492 4338 1576 4390 nete.
1602 4332 1798 4389 Remittuntnr
1823 4331 1854 4386 iu

1004 4422 1061 4478 tine
1090 4422 1219 4477 doctores
1236 4422 1366 4478 Ecclesia
1378 4423 1414 4478 ad
1429 4422 1584 4489 Christum,
1598 4437 1664 4476 cnm
1682 4420 1744 4493 ipsa
1760 4421 1853 4476 Eccle-

1004 4511 1055 4578 sia,
1076 4511 1216 4567 virtutum
1240 4511 1347 4567 divitiis
1363 4512 1457 4583 plena,
1474 4510 1508 4566 ad
1533 4510 1620 4566 tidem
1640 4509 1852 4578 illustrandam,

1003 4598 1203 4670 bonorumque
1221 4614 1343 4670 operum
1358 4597 1517 4653 substantia
1528 4596 1676 4653 ditandam
1690 4596 1852 4652 ludaeorum

1004 4690 1131 4759 gentem,
1148 4703 1183 4742 ex
1197 4703 1254 4759 qua
1269 4687 1320 4743 Dei
1331 4688 1418 4743 Filius
1429 4686 1553 4759 sumpsit
1566 4700 1692 4741 earnem.
