3892 6106
54 263 109 314 557
607 258 734 316 ocosse
753 258 956 316 onerabant.
976 290 1011 301 -
1031 260 1094 316 nte.
1115 259 1127 316 1
1146 257 1227 316 aad.
1758 256 1811 313 ets

55 373 263 445 significantur
275 373 352 428 euim
367 374 459 444 gratia
472 374 554 441 lacte,
566 374 619 430 hcc
633 379 677 429 est
687 374 765 431 enim
779 374 811 431 in
822 381 945 434 carneh
1000 379 1081 449 (han.
1097 381 1128 433 in
1139 379 1186 434 lib.
1198 377 1278 447 ch.)
1290 377 1425 433 lonathas
1434 377 1533 433 dilexit
1547 378 1636 434 David
1651 377 1716 434 :vir
1731 378 1809 434 ride·

54 464 233 535 gratuitum3
253 463 561 540 ubivsro'matarnon
578 462 833 535 quaeritaccipere,
856 465 906 520 sed
962 465 1028 522 licet
1051 466 1202 522 bellicosus
1227 465 1364 537 juvenem
1396 470 1494 537 aptum
1528 466 1642 539 pugnis.
1668 467 1807 523 lcuatbas

54 552 135 612 dare.
148 552 238 623 gratis
251 553 309 619 dat,
325 555 353 605 et
365 551 564 606 constristatur
582 551 606 606 si
622 551 694 606 desit
709 552 759 622 qui
775 552 905 624 accipiat.
961 554 1102 626 significat
1117 571 1164 610 cos
1178 555 1229 625 qui
1239 553 1274 610 de
1291 553 1399 609 ludaeis
1415 553 1445 609 in
1460 555 1605 611 Christum
1625 554 1809 610 crediderunt

56 639 192 696 Ostendit
208 639 295 695 David
311 639 404 710 legem
424 639 486 694 sine
500 639 591 711 gratia
606 639 719 711 operari
734 656 793 695 non
807 657 905 712 posse;
961 649 1000 710 et,
1022 648 1156 715 percepta
1178 644 1271 714 gratia
1291 642 1416 715 Spiritus
1437 643 1537 709 sancti,
1556 660 1610 716 pro
1635 643 1747 701 Christo
1761 659 1809 699 re·

56 727 344 799 camillosquinque
359 726 479 799 lapides,
496 728 600 799 quibus
615 726 852 799 significaturlex
876 729 906 785 in
960 731 1033 786 lictis
1058 732 1191 787 omnibus
1217 732 1312 803 ipsum
1342 731 1431 786 secuti
1468 736 1544 786 sunt.
1573 731 1652 787 Unde
1687 733 1807 787 Petrus:

56 817 188 889 quinque
202 816 293 882 libris,
320 816 493 887 conjungere
518 816 619 872 volens
635 816 745 887 mahar,
770 817 866 888 posuit
877 818 908 872 in
960 821 1085 877 doceam
1100 821 1259 889 reliquimus
1279 821 1370 876 omnia
1383 823 1409 874 et
1431 821 1516 874 secuti
1540 833 1635 874 stemus
1653 823 1678 874 te
1693 819 1808 889 (Marti.

56 922 121 960 vase
137 904 287 978 pastorali,
302 921 359 977 qno
372 904 415 958 lac
438 905 547 960 solebat
567 904 701 976 mulgeri.
718 904 766 960 llis
780 908 907 960 armatus
959 905 1028 978 xix).
1041 906 1086 962 Sic
1098 906 1177 962 euim
1191 908 1328 963 lonathas
1342 907 1420 963 dedit
1435 905 1523 961 liavid
1537 906 1707 962 vestimenta
1722 922 1773 962 sua
1792 923 1809 963 a

55 993 199 1065 processit
215 997 313 1047 eontra
328 992 493 1063 superbum.
508 992 586 1047 Tulit
601 992 727 1063 lapidem
750 1008 851 1059 unum,
879 997 907 1048 et
960 994 1057 1049 tunica
1070 1010 1162 1065 usque
1186 994 1221 1049 ad
1236 995 1373 1061 balteum,
1389 1009 1455 1048 cum
1468 993 1616 1048 credentes
1630 992 1729 1049 omnia
1744 1010 1808 1065 quse

55 1083 162 1154 dejecit
175 1097 276 1147 unum,
291 1081 321 1135 in
332 1079 427 1135 fronte
441 1080 582 1151 percussit
595 1084 623 1135 et
634 1079 734 1135 cecidit
749 1097 781 1136 ex
795 1098 829 1136 eo
845 1081 906 1136 loco
959 1081 1130 1148 habuerant,
1141 1083 1171 1136 in
1187 1082 1290 1137 Christi
1307 1082 1455 1137 servitium
1472 1083 1666 1138 contulerunt.

55 1170 185 1242 eorporis
208 1169 256 1224 ubi
285 1169 400 1240 signnm
422 1168 527 1223 Christi
549 1184 608 1223 non
637 1168 745 1224 habuit.
776 1169 907 1241 Quinque
996 1172 1075 1225 Vsus.
1091 1175 1116 1225 7.
1131 1199 1165 1210 -
1185 1171 1326 1225 Percussit
1344 1171 1423 1233 Saul,
1439 1175 1492 1224 etc.
1518 1171 1577 1225 lloc
1601 1170 1655 1225 luit
1683 1168 1808 1225 semina·

54 1259 176 1331 accepit,
194 1273 286 1314 unum
304 1257 392 1312 misit.
414 1256 547 1329 Quinque
575 1256 641 1313 libri
661 1256 743 1312 electi
758 1262 836 1324 saint,
858 1256 906 1312 sed
961 1258 1036 1313 rium
1060 1258 1120 1313 odii
1144 1264 1241 1313 contra
1259 1258 1356 1313 David.
1378 1258 1423 1313 Sic
1441 1258 1533 1313 ludaei
1556 1258 1704 1313 audientes
1724 1257 1807 1313 Chri·

54 1348 152 1402 unitas
180 1347 276 1402 vincit.
304 1346 431 1402 Pluitudo
459 1362 527 1417 ergo
562 1346 628 1414 leqr's
654 1346 786 1412 charitas,
811 1350 844 1400 ut
867 1345 909 1400 ait
961 1353 1036 1403 stum
1053 1362 1139 1418 quem
1160 1346 1369 1410 crucifixerant,
1391 1347 1422 1401 in
1444 1345 1568 1401 ecclesiis
1596 1347 1757 1417 praedicari,
1779 1351 1808 1402 et

53 1436 218 1507 Apostolus.
242 1435 406 1504 Sufferentes
428 1437 543 1489 inuicem
575 1435 604 1488 in
619 1433 770 1500 dilectione,
796 1435 908 1489 solliciti
961 1435 1109 1490 victoriam
1128 1450 1185 1505 qua
1200 1435 1312 1488 hostem
1326 1433 1478 1504 antiquum
1492 1433 1558 1488 vicit
1573 1439 1601 1488 et
1615 1434 1761 1490 credentes
1777 1433 1807 1488 in

53 1539 167 1579 serum
187 1526 318 1578 unitatem
333 1523 455 1592 Spiritus
475 1525 506 1576 in
524 1522 631 1576 vinculo
651 1524 728 1591 pacis
754 1520 838 1592 (lipia.
857 1521 905 1594 iv).
961 1525 1045 1579 laudc
1061 1523 1122 1594 ejus
1138 1522 1286 1594 gratulari,
1302 1522 1426 1593 graviter
1440 1523 1577 1577 tulerunt.

53 1612 107 1666 lllo
130 1611 253 1682 dejecto,
282 1609 410 1681 gladium
437 1608 566 1675 abstulit,
592 1612 680 1678 caput
711 1608 753 1662 illi
776 1607 904 1663 abscidit.
941 1630 943 1634 ’
996 1611 1156 1667 Sculmille.
1170 1610 1281 1665 Scilicet
1295 1628 1344 1664 eos
1357 1610 1405 1681 qui
1416 1610 1558 1681 fugientes
1573 1608 1656 1664 occisi
1676 1613 1752 1666 sunt.

54 1699 185 1755 Christus
208 1699 353 1754 diabolum
370 1697 405 1751 de
424 1698 482 1751 suis
504 1696 641 1751 membris
656 1696 768 1762 occidit,
786 1698 901 1768 quando
999 1699 1092 1755 Dauid
1106 1699 1195 1754 decem
1209 1701 1305 1755 millia.
1324 1698 1436 1754 Scilicet
1450 1699 1648 1754 Philisthaeum
1667 1699 1727 1770 qui,
1749 1716 1806 1754 uno

52 1787 345 1858 crediderantmagi‚
361 1786 496 1858 quasilla
513 1784 541 1839 in
565 1801 651 1839 manu
676 1785 808 1848 habebat,
826 1786 907 1841 etde
964 1787 1084 1858 dejecto,
1101 1803 1200 1842 omnes
1216 1788 1245 1841 in
1256 1787 1353 1859 lugam
1373 1787 1459 1842 misit.

52 1877 162 1949 quibus
188 1876 259 1930 alios
290 1874 461 1942 trucidabat,
478 1877 674 1928 convertentes
700 1873 813 1945 linguas
842 1890 909 1928 suas
998 1877 1080 1932 Vens.
1105 1879 1146 1931 tii.
1165 1906 1200 1916 —
1224 1878 1400 1945 Tenebatque.
1429 1875 1474 1931 Sic
1501 1873 1675 1947 predicante
1698 1874 1808 1930 Christo

51 1970 154 2019 contra
177 1964 336 2031 diabolum,
360 1968 388 2017 ct
411 1963 450 2017 sie
467 1962 555 2017 Goliae
575 1962 669 2033 gladio
688 1977 740 2015 suo
759 1966 844 2032 caput
859 1961 909 2016 ab·
964 1963 1161 2034 Evangelium‚
1175 1964 1265 2020 Judaei
1280 1965 1457 2019 conabantur
1472 1969 1595 2019 mortem
1614 1964 1730 2018 inferre.
1754 1963 1808 2019 Sed

52 2053 207 2109 scinditur.
963 2050 1032 2105 dum
1042 2051 1131 2107 illaad
1140 2052 1261 2108 sulutem
1282 2053 1413 2123 gentium
1424 2052 1540 2120 secedit,
1554 2056 1666 2107 tanturn
1683 2064 1808 2108 nocuere

88 2143 175 2196 vans.
197 2142 243 2196 28.
267 2168 302 2181 -
326 2141 398 2197 Novi
418 2138 574 2208 superbiam
596 2143 681 2204 tunm,
708 2141 734 2192 et
757 2139 908 2206 nequitiam
962 2138 1080 2208 seipsos.

52 2231 144 2287 cordis
159 2232 302 2299 iniquia.
320 2228 413 2300 (Rae.)
439 2228 555 2284 Putabat
573 2227 603 2282 in
618 2244 652 2282 ec
677 2233 908 2299 tumorempro·
998 2226 1079 2280 Vsus.
1096 2229 1187 2281 t't.-·
1207 2226 1352 2296 Dicitque.
1370 2227 1446 2297 (lsrn.
1471 2227 1655 2295 inlib.lteq.,
1685 2232 1755 2284 tom.
1773 2229 1805 2284 V.

54 2327 120 2392 pter
141 2318 284 2374 Samuelis
300 2317 476 2383 unctionem,
514 2317 595 2388 quasi
629 2333 661 2371 ex
695 2332 728 2371 ea
758 2315 906 2372 audaciam
961 2329 1023 2384 cap.
1052 2313 1102 2383 11.)
1126 2314 1192 2370 Saul
1224 2314 1343 2368 callidus
1372 2314 1522 2369 simulator
1548 2314 1659 2369 studuit
1690 2315 1808 2386 alligare

55 2407 237 2479 sumpsisset,
263 2410 292 2461 et
329 2405 448 2460 timebat
472 2421 508 2459 ne
539 2404 561 2458 si
592 2403 817 2474 congrederetur
840 2420 904 2459 cum
962 2401 1049 2456 liavid
1077 2402 1178 2458 Michol
1212 2402 1279 2457 filie
1306 2418 1375 2468 sun,
1395 2406 1462 2471 etc,
1487 2401 1629 2473 usquead
1652 2401 1805 2457 locutionis

55 2495 226 2554 Philisthreo
261 2494 478 2549 interficeretur.
510 2492 589 2548 Unde
618 2492 722 2555 subdit,
748 2495 780 2546 ut
801 2492 907 2548 uideres
960 2491 1169 2562 tranquillitate
1187 2496 1343 2546 revocetur.

53 2588 182 2656 praelium
197 2582 371 2649 descendisti,
392 2582 420 2636 id
434 2585 486 2648 est,
513 2581 544 2634 in
554 2580 608 2636 hoc
620 2582 761 2651 superbus
774 2597 905 2652 appares,
996 2583 1078 2638 Vsus.
1094 2585 1138 2638 27.
1153 2614 1187 2623 -
1203 2585 1346 2649 Percussit,
1363 2584 1428 2645 etc..
1445 2585 1471 2636 et
1480 2583 1582 2650 attulit,
1590 2585 1644 2637 etc.
1657 2581 1747 2652 (lita.)
1762 2580 1808 2638 Sic

56 2674 131 2745 quod
156 2688 225 2727 cum
250 2688 307 2726 non
335 2670 441 2725 habeas
471 2669 710 2725 consuetudinem
740 2669 905 2740 praeliandi,
961 2671 1089 2727 Christus
1114 2671 1195 2742 prius
1209 2672 1240 2725 in
1266 2671 1400 2743 gentibus
1421 2670 1591 2725 clarificatus
1613 2674 1666 2737 est,
1691 2669 1806 2741 quando

54 2770 131 2818 actus
144 2761 241 2833 praelii
256 2759 337 2831 quasi
353 2759 436 2813 miles
454 2757 613 2812 sciscitaris.
960 2756 1141 2828 synagogam
1155 2756 1210 2812 sibi
1228 2756 1385 2829 copularet,
1411 2761 1440 2810 et
1457 2754 1538 2827 prius
1551 2755 1583 2810 in
1604 2755 1739 2827 gentibus
1752 2756 1807 2810 im·

88 2852 172 2906 Vens.
188 2852 233 2904 29.
250 2877 281 2889 -
298 2846 496 2915 Nunquidnon
509 2843 640 2900 uerbum?
661 2843 727 2915 (ln.)
753 2844 840 2910 Quasi
860 2843 905 2900 di·
959 2844 1130 2901 munditiam
1143 2843 1273 2899 resecuit.
1290 2843 1356 2900 Cum
1370 2842 1598 2913 enimplmitudc
1618 2845 1740 2916 qentium
1762 2847 1809 2900 in·

54 2945 142 3009 ceret,
160 2944 214 3003 est,
231 2937 371 3008 quianon
399 2940 441 2989 est
455 2935 587 2989 voluntas
611 2931 771 3003 praeliandi,
800 2933 850 2988 sed
875 2937 905 2988 ut
919 2967 939 3024 c
953 2924 1083 3003 ‘nouerit
1099 2938 1161 2989 tunc
1176 2936 1262 2989 omnis
1276 2934 1362 2988 lsrael
1375 2933 1467 2988 solvus
1478 2934 1525 3002 liet
1538 2932 1627 3005 (Rom.
1643 2932 1692 3003 ιι).

55 3028 158 3083 scirem
182 3024 262 3097 quod
284 3022 456 3079 nesciebam.
485 3020 641 3091 Audaciam
673 3024 772 3075 tamen
808 3035 841 3074 ex
868 3037 902 3077 ec

57 3117 228 3188 sumpserat,
256 3111 334 3184 quod
348 3110 487 3182 Spiritum
503 3113 632 3164 sanctam
660 3112 826 3180 acceperat;
853 3124 903 3164 ex·
1278 3075 1392 3131 CAPUT
1411 3075 1477 3131 XIX·

57 3209 155 3276 pertus
173 3200 314 3257 auxilium
341 3199 392 3254 liei
406 3199 438 3252 in
449 3197 532 3252 leone
547 3202 576 3252 et
597 3212 675 3266 urso,
692 3200 720 3251 at
731 3196 792 3251 ideo
816 3196 905 3250 auda·
959 3231 968 3249 ·
1005 3201 1087 3256 Vnus.
1112 3202 1139 3255 3.
1158 3228 1192 3239 -
1210 3200 1243 3254 ln
1264 3214 1341 3269 cqro,
1369 3203 1424 3255 etc.
1444 3199 1506 3263 Quo
1533 3197 1699 3254 consolandi
1722 3214 1808 3255 causa

60 3288 279 3348 ctersoobtulit
297 3288 333 3343 ad
354 3286 499 3358 singulare
528 3289 684 3352 certamen,
704 3299 762 3339 non
784 3288 844 3338 tam
859 3282 904 3337 vi·
959 3287 1057 3344 venire
1084 3291 1279 3353 consueverat,
1313 3286 1365 3342 ubi
1396 3286 1485 3342 occidi
1518 3285 1609 3342 David
1640 3287 1806 3343 condictum

10 3403 13 3409 ·
62 3381 155 3436 ctoriae
181 3376 314 3450 cupidus,
343 3391 401 3448 qua
427 3375 505 3431 ultor
526 3372 770 3445 blasphemiarum
799 3371 850 3426 lici
878 3375 907 3427 et
960 3376 1064 3432 fuerat,

63 3468 233 3541 iujuriarum
245 3463 355 3537 populi.
995 3465 1077 3520 Vnus.
1098 3466 1140 3520 11.
1155 3493 1190 3505 -
1215 3464 1294 3521 alisii
1310 3477 1383 3531 erqo.
1399 3462 1490 3535 (Rau.)
1513 3464 1572 3518 lloc
1587 3477 1646 3517 uon
1674 3462 1710 3518 ad
1736 3478 1804 3519 cru»

94 3556 175 3610 Vns.
188 3554 234 3608 41.
249 3581 286 3593 -
304 3551 364 3606 liat
379 3554 478 3605 cutem
502 3547 583 3621 (Rae.
599 3550 629 3603 in
654 3546 702 3603 lib.
728 3545 805 3618 lieq.)
829 3546 905 3601 Alle-
959 3569 1022 3609 cem
1036 3551 1153 3620 Christi,
1169 3551 1264 3607 sedad
1280 3551 1444 3624 passionem
1468 3549 1605 3622 pertinet,
1630 3554 1698 3619 att„
1721 3565 1808 3622 usque

65 3644 165 3714 gorice,
180 3639 342 3697 Philisthoet
370 3638 527 3705 daemones,
558 3640 612 3692 etc.
639 3649 728 3708 usque
755 3634 793 3691 od
822 3633 907 3707 qnasi
960 3640 1282 3713 auqumipaccatorem
1298 3643 1522 3710 persequuntur.

59 3732 166 3786 'elatum
179 3729 291 3786 Goliam
306 3727 401 3800 gladio
415 3726 658 3782 suodetruncant.
996 3731 1074 3784 vars.
1092 3730 1135 3785 13.
1150 3757 1186 3769 -
1208 3728 1316 3784 Pellem.
1341 3727 1410 3782 Inde
1423 3724 1559 3798 pulvillus
1588 3729 1724 3782 consutus
1750 3726 1808 3783 tuit

93 3820 288 3874 tlnas.5t.-
308 3815 525 3887 ditantibus.
549 3829 584 3869 ex
599 3813 695 3883 Greg.)
718 3811 767 3867 Vir
791 3826 907 3884 quoque
962 3817 1022 3890 qui,
1042 3815 1165 3871 intonsis
1180 3815 1258 3887 pilis,
1282 3818 1367 3887 capnt
1388 3812 1511 3869 involuti
1532 3812 1658 3869 hominis
1672 3813 1704 3869 in
1733 3815 1807 3871 lecto

69 3907 216 3964 athalicus
224 3905 335 3976 colligit
345 3902 545 3959 testimonium
559 3902 725 3973 Scriptura,
741 3904 808 3969 eta,
821 3914 907 3970 usque
961 3905 1143 3961 mentiretur.

70 3997 97 4051 sd
108 3995 262 4052 haereticos
273 3993 331 4048 suis
345 3991 495 4048 sententiis
509 3990 658 4045 vincimus.
859 3980 867 3992 '
997 3994 1079 4049 Vnus.
1095 3994 1137 4048 18.
1156 4019 1186 4031 -
1202 3990 1240 4045 ln
1253 3987 1398 4044 ltumothu.
1410 3986 1514 4042 Civitas
1528 3987 1621 4044 Saulis
1633 3992 1676 4043 est
1688 3988 1806 4045 intribu

95 4087 201 4156 Capul.
216 4082 304 4139 David
317 4086 402 4154 caput
416 4078 574 4136 Philisthaai
596 4077 665 4134 tulit
687 4076 719 4131 in
737 4076 906 4146 Jerusalem,
963 4079 1111 4152 Benjamin
1121 4079 1153 4134 in
1163 4083 1240 4132 sexto
1252 4075 1387 4130 milliario
1403 4075 1437 4129 ab
1452 4074 1533 4130 ltalia
1547 4075 1584 4130 ad
1598 4077 1808 4147 septentriona-

71 4178 94 4229 ut
104 4176 229 4229 terreret
236 4187 296 4239 eos,
313 4184 462 4225 murorum
476 4167 611 4224 firmitate
624 4169 653 4221 et
666 4163 817 4220 altitudine
831 4163 908 4219 insu·
963 4171 1020 4225 lem
1035 4168 1150 4239 plagam
1165 4167 1263 4220 contra
1277 4162 1384 4226 Bethal,
1401 4161 1457 4217 alia
1478 4162 1619 4219 armatha
1641 4168 1685 4219 ost
1700 4164 1731 4220 in
1753 4164 1807 4221 tri.

71 4262 204 4332 parabiles
216 4275 247 4315 se
261 4275 322 4314 esse
340 4257 470 4324 fidentes,
486 4261 518 4312 ut
531 4271 588 4311 non
612 4253 805 4310 discrederent
826 4269 857 4308 se
870 4252 907 4308 ab
923 4276 944 4331 p
961 4258 999 4315 bu
1011 4260 1090 4312 Aser.
1115 4255 1189 4310 Bene
1203 4246 1379 4307 conveniunt
1404 4250 1465 4306 haec
1480 4251 1600 4306 nomina
1624 4253 1709 4308 rebus
1721 4253 1808 4324 gestis

10 4387 14 4395 .
71 4348 109 4407 illu
123 4348 282 4406 vincendos
294 4363 365 4402 esse.
962 4346 1042 4420 ipsis,
1058 4342 1339 4417 quiaprophetarum
1354 4339 1431 4395 dicta
1445 4346 1474 4395 et
1485 4340 1685 4397 celsitudinem
1703 4342 1810 4398 babent

10 4464 15 4498 .
96 4440 179 4494 Vens.
196 4440 242 4493 55.
258 4466 292 4477 -
307 4429 911 4508 Deque.(Aac.)0uqu⁸uletAh110r
963 4435 1089 4492 scientiae
1103 4439 1131 4488 et
1143 4434 1320 4486 venustatem
1335 4429 1519 4501 eloquentiae.

10 4552 18 4587 ε
72 4525 198 4598 ignorent
215 4524 304 4581 liavid
319 4523 394 4595 apud
409 4520 811 4584 eosdiutiuscommoratnm,
840 4516 908 4572 fecit
1000 4525 1080 4578 vm
1095 4522 1237 4576 2qu-
1251 4520 1327 4576 mm
1343 4519 1446 4586 sentos,
1467 4522 1533 4586 eie„
1546 4517 1634 4585 Anser,
1650 4522 1703 4574 οη,
1718 4518 1810 4591 (affl)

10 4640 20 4677 ι
72 4614 163 4683 huba,
175 4629 242 4687 quse
257 4608 432 4668 adolescenti
450 4611 576 4663 creverat
589 4607 658 4663 dum
682 4605 784 4661 absens
807 4604 910 4659 luerat.
965 4604 1032 4661 Saul
1046 4617 1161 4674 quoque
1180 4604 1208 4657 et
1226 4599 1322 4655 nuntii
1345 4600 1408 4672 ejus
1430 4601 1545 4656 ludaeos
1567 4601 1741 4674 significant,
1760 4602 1812 4675 qui

10 4740 21 4752 ·
102 4705 189 4763 Vicit.
207 4702 300 4772 (uas.)
316 4699 386 4756 lluic
401 4697 495 4753 simile
523 4700 567 4750 est
580 4693 672 4749 illud:
694 4692 837 4748 Benedicti
851 4693 912 4750 Na·
965 4692 1033 4747 dum
1047 4687 1191 4746 adversari
1205 4688 1315 4744 Christo
1333 4689 1464 4760 cupiunt,
1480 4688 1586 4744 habent
1600 4690 1630 4745 in
1653 4706 1702 4745 ore
1719 4706 1811 4746 sacra·

76 4790 129 4848 ioth
145 4793 202 4847 Deo
216 4794 241 4845 et
255 4792 323 4858 reqi.
340 4789 414 4854 Quia
431 4800 485 4841 non
510 4786 587 4839 uiuat
608 4784 702 4838 anima
725 4786 784 4850 tun,
808 4795 870 4848 rea,
887 4779 914 4835 si
967 4783 1063 4836 menta
1077 4777 1149 4848 legis
1164 4780 1193 4832 et
1206 4776 1412 4848 prophetarum
1435 4777 1471 4831 ad
1484 4776 1587 4832 Christi
1601 4777 1810 4847 testimonium,

10 4887 23 4938 i
76 4880 197 4949 maisel
220 4877 335 4933 videam
359 4879 481 4931 mortem
504 4877 584 4928 tuam
600 4871 623 4926 si
635 4869 711 4926 nori.
738 4870 770 4927 Si
796 4882 912 4940 quoque
967 4874 1074 4924 etcum
1099 4865 1221 4921 Ecclesia
1246 4864 1329 4937 quasi
1353 4880 1417 4920 cum
1439 4864 1586 4936 prophetis
1600 4865 1635 4920 de
1659 4865 1813 4937 scripturis

10 4991 23 5026 s
79 4969 232 5042 coniunctio
260 4965 415 5039 aliquando
439 4978 492 5034 pro
515 4977 569 5018 non
602 4959 729 5033 ponitur,
758 4957 913 5013 secandum
968 4955 1126 5025 disputant,
1151 4951 1224 5007 sicut
1250 4951 1293 5007 illi
1323 4967 1390 5007 cum
1413 4951 1561 5024 prophetis
1584 4953 1809 5024 prophetabant.

79 5056 167 5114 illud:
192 5057 225 5114 Si
244 5054 396 5111 introibunt
424 5056 454 5108 tn
470 5053 591 5122 requiem
612 5064 700 5104 meam
720 5046 808 5118 (Psoi.
835 5045 913 5118 xcn),
1003 5043 1089 5097 leus.
1110 5041 1155 5096 24.
1171 5038 1407 5115 -Proplielauit.
1435 5039 1483 5093 lsti
1509 5039 1657 5111 prophetie
1686 5043 1814 5115 religiosi

970 5227 1000 5276 et
1014 5218 1152 5275 vacabant
1165 5231 1278 5286 semper
1293 5218 1425 5269 canentes
1439 5214 1561 5286 hymnos
1575 5220 1605 5271 et
1618 5217 1754 5289 psalmos.

1006 5308 1112 5366 Nudus.
1126 5305 1159 5360 Et
1171 5302 1264 5360 ludoei
1274 5301 1332 5358 lide
1347 5307 1431 5374 atque
1442 5303 1601 5359 sacerdotio
1616 5310 1644 5360 et
1655 5321 1744 5378 regno
1765 5324 1816 5363 nu·

379 5372 492 5430 CAPUT
510 5369 606 5429 mn·
973 5394 1042 5463 deti,
1057 5395 1149 5465 legem
1166 5390 1363 5464 etprophetas
1374 5389 1405 5445 in
1420 5406 1470 5446 ore
1485 5390 1602 5448 habent.

107 5503 188 5561 lm.
209 5504 234 5558 l.
252 5529 286 5544 -
300 5500 336 5555 itt
349 5499 454 5567 fuctum
464 5498 522 5569 est,
533 5497 600 5562 etc,
613 5493 640 5549 el
653 5489 762 5560 diem,
774 5490 827 5544 etc.
1007 5485 1080 5543 Nam
1106 5485 1132 5536 et
1158 5480 1226 5537 Saul
1239 5519 1246 5535 .
1286 5479 1472 5535 proverbium
1486 5480 1591 5536 dicitnr
1605 5482 1681 5553 quod
1709 5483 1741 5538 in
1769 5500 1818 5539 ore
