3892 6104
71 278 138 331 llas
578 273 705 331 atussa
725 275 925 330 obtinente.
946 301 982 316 -
1002 274 1067 330 alu.
1091 272 1300 330 sarianum.
1757 285 1823 338 1174

401 399 514 453 CAPUT
536 399 577 452 lx.
931 398 1088 469 Ahlystice
1107 397 1252 468 Sapientia
1284 398 1334 453 llei
1350 404 1489 470 martyres
1515 401 1551 457 ale
1576 403 1823 473 persecutionibus

105 506 184 560 vn„
212 509 238 561 -1⁸
261 535 294 548 ,.
312 507 352 560 ῃ
373 512 461 560 amem
488 506 600 574 papyam,
626 507 679 559 θη,
701 502 795 576 (ΗΑΒ.)
819 504 917 571 David,
973 487 1088 558 eripuit,
1117 494 1146 542 et
1168 487 1302 542 exaltavit
1330 488 1360 542 in
1389 504 1478 558 ragno
1505 490 1623 545 coelesti.
1654 492 1733 547 Unde
1756 508 1822 548 cum

65 595 137 666 qui,
153 595 206 660 vir,
229 599 295 661 010„
321 608 407 663 usqu,
428 594 466 648 ad
492 594 580 648 virtu,
595 600 624 649 et
648 593 788 664 „pientia
815 593 876 660 pei,
891 596 920 649 ,t
972 576 1084 631 Christo
1096 576 1206 631 venturi
1222 584 1290 630 sont
1301 577 1411 647 judices
1430 578 1554 632 hostiam
1566 596 1694 636 sisarum.

67 683 166 754 imago
187 682 407 739 Damasippi,
1009 666 1088 720 Vens.
1107 669 1147 720 15.
1164 695 1198 706 —-
1223 667 1285 721 llaea
1310 668 1438 736 populum
1461 667 1577 736 justum.
1607 669 1700 740 (Rae.)
1726 669 1821 740 llysti·

115 773 196 827 pm
214 775 255 828 53,
278 801 312 812 ,.
329 773 397 836 Qui,
408 774 479 826 mim
491 770 639 827 hommum,
653 770 918 826 Admiraiurexcel.
972 769 1012 808 ee.
1026 753 1140 808 Liberat
1166 754 1239 808 Deus
1263 753 1367 807 electos
1382 770 1478 808 suasa
1494 757 1738 827 persecutoribus,
1755 763 1821 822 etc,

69 860 187 915 lentiam
205 859 918 929 lleiouesi:Oaltitudodiuitiarumsapicntiaet
972 858 1055 913 1111111
1068 842 1106 939 “si
1119 842 1155 898 ¹¹⁶
1185 843 1303 940 praemia
1319 843 1412 913 segnis
1442 844 1491 899 ubl
1517 845 1822 916 ΡΘΓΡθῑῦθάθθθῦῑθῦῑ

68 952 188 1005 scierrttar
204 953 250 1006 ilci
256 956 262 1004 1
282 951 370 1018 (Rom.
382 953 436 1017 xi.)
451 949 493 1014 lit,
508 948 576 1014 Quis
591 951 665 1004 noott
678 963 784 1004 sensum
797 949 918 1012 Domini.
971 929 1071 985 18111199
1084 929 1232 984 ¹¹b⁰f⁸i⁰f¹
1244 946 1305 984 ³¹¹⁰·

68 1044 118 1093 aut
131 1042 194 1109 quis
208 1039 381 1093 corasttinrine
403 1038 461 1108 ejus
475 1038 555 1104 fnit?
567 1037 632 1109 (lea.
648 1045 707 1100 xe.)
1008 1019 1088 1073 Vm·
1113 1020 1156 1072 Ἡ·
1172 1048 1207 1059 ··
1231 1020 1365 1083 0111111111
1390 1022 1534 1089 militium,
1549 1025 1602 1074 ⁰¹⁰·
1626 1020 1692 1077 85⁰⁰
1706 1020 1820 1092 511111911·

105 1129 185 1184 vffi
210 1133 250 1184 Π,
268 1160 301 1169 ,,
316 1127 430 1183 gemm
458 1133 561 1183 autem,
589 1128 677 1182 Nemo
692 1126 744 1182 κῃ
763 1142 829 1200 qum
844 1125 919 1181 flunt
971 1107 1011 1162 tie
1028 1107 1077 1163 liei
1093 1122 1143 1161 nec
1157 1107 1284 1161 homene
1297 1122 1378 1162 inens
1389 1108 1498 1180 aliquid
1520 1109 1605 1180 digne
1615 1110 1751 1181 cogitare,
1768 1126 1821 1166 nec

67 1216 97 1271 iu
121 1216 206 1271 corde
221 1216 346 1271 hominis
364 1216 418 1271 nisi
432 1216 550 1286 spiritus
572 1215 707 1280 hominis,
723 1219 751 1270 et
765 1230 851 1270 nemo
867 1229 918 1268 no·
972 1212 1004 1250 ⁰⁸
1016 1195 1143 1266 Pf⁰f⁰fs⁰
1158 1200 1264 1265 Ρθῖθῧῑῖ
1282 1195 1317 1250 fib
1345 1195 1408 1266 59⁵⁰
1423 1211 1491 1268 ‘¹⁶8⁰
1516 1203 1545 1251 111
1559 1197 1701 1269 5111)11111111
1712 1203 1739 1253 et
1757 1199 1820 1255 0¹⁰·

68 1305 185 1376 vitque
207 1309 274 1360 sont
297 1305 347 1360 Dei
378 1304 433 1359 uisi
448 1304 570 1376 Spiritus
599 1304 658 1360 uei.
685 1305 807 1377 Spiritus
821 1306 918 1357 autem
972 1284 1289 1356 q⁰⁰⁰ll⁸ll0²⁰¹¹d²0⁵¹·

68 1393 167 1449 omnia
181 1397 336 1465 scrutatur,
361 1393 447 1448 etiem
467 1393 609 1465 protunda
638 1393 687 1449 Dei
710 1393 761 1465 qai
775 1391 919 1448 illuminet
1316 1426 1429 1482 CAPUT
1447 1426 1491 1482 XL

67 1482 154 1538 corda
170 1488 343 1539 sanctorum.

1008 1553 1087 1607 vens.
1118 1555 1142 1606 1.
1173 1581 1207 1592 -
1233 1553 1338 1606 Dixerit
1365 1566 1456 1620 opero,
1479 1555 1536 1606 etc.
1572 1553 1662 1622 (lise)
1693 1554 1819 1623 Populus

414 1607 526 1664 CAPUT
541 1609 571 1664 x·
932 1640 1148 1737 BChristianus
1163 1654 1214 1709 per
1239 1637 1382 1693 desertum
1407 1639 1491 1711 hujus
1514 1641 1615 1696 mundi
1639 1641 1818 1711 prophetiam

104 1731 187 1787 Vens.
207 1734 231 1787 t.
252 1762 286 1772 -
303 1735 363 1788 llaec
385 1734 473 1801 illum,
501 1734 550 1804 qui
574 1733 692 1802 primus.
721 1731 816 1801 (Rae.)
831 1728 914 1785 Bnni·
971 1729 1111 1800 sequitur,
1140 1731 1174 1783 ut
1198 1726 1345 1798 perveniat
1367 1728 1403 1784 ed
1423 1729 1543 1798 petriam
1569 1729 1652 1799 regui
1681 1730 1816 1797 coeleetis3

68 1824 127 1875 tete
144 1821 194 1876 liei
220 1820 329 1893 primos
357 1821 578 1888 homocreatus,
595 1821 625 1875 in
652 1819 916 1892 paradisolocems,
972 1818 1049 1872 unde
1078 1817 1197 1872 Petrus:
1227 1817 1361 1871 Habemus
1385 1817 1572 1886 propheticum
1591 1833 1746 1883 sermomm,
1773 1821 1819 1874 cue·

69 1909 386 1964 canctiseuimeutibus
415 1912 563 1983 praelatus:
594 1925 647 1982 per
660 1908 917 1980 transgressionem
973 1907 1035 1961 bene
1060 1907 1155 1972 tacitis
1170 1902 1338 1959 attendentes
1364 1908 1445 1973 quiret
1459 1905 1574 1960 lucerna
1593 1907 1691 1962 lucenti
1706 1910 1734 1961 ia
1749 1909 1817 1962 cati·

69 1997 207 2064 mandati,
231 1997 261 2052 in
285 1998 407 2053 miseriis
436 1998 521 2070 hujus
545 1998 640 2054 seculi
668 1997 794 2068 dejectus
814 2003 873 2064 est;
891 2000 919 2050 et
972 1993 1308 2064 pinosolceotllPetr.1),
1327 1998 1380 2047 ela.
1858 1984 1862 2002 '

69 2101 123 2156 per
144 2087 191 2141 liei
204 2086 386 2157 sapientiam,
398 2087 479 2142 idest
498 2087 651 2154 Christum,
678 2089 836 2158 reparatus,
854 2102 919 2141 ma·
1009 2085 1088 2138 Vens.
1112 2085 1191 2138 1.-
1214 2084 1250 2137 lle
1272 2086 1352 2151 petro
1371 2084 1517 2151 altissima,
1545 2087 1597 2139 etc.
1615 2086 1700 2140 Petra
1721 2089 1818 2140 etitem

70 2188 160 2244 gnum
178 2173 291 2244 pietatis
305 2173 410 2229 divine
423 2174 561 2229 iudicium
576 2180 628 2229 est.
972 2178 1034 2228 erat
1059 2171 1196 2237 Christus,
1225 2170 1276 2242 qui
1299 2170 1378 2241 virge
1393 2171 1484 2225 crucis
1499 2188 1660 2242 percussus,
1680 2188 1745 2244 quae
1758 2175 1820 2226 eret

107 2262 186 2319 Vens.
199 2265 224 2318 3.
241 2293 276 2303 -
296 2264 418 2333 injustas
445 2267 476 2319 in
501 2266 555 2318 ira.
580 2264 616 2319 Ut
641 2262 720 2330 Cain,
736 2262 787 2335 qni
801 2262 918 2318 fratrem
972 2261 1162 2325 inmanibus,
1185 2259 1267 2314 idest
1281 2258 1311 2313 iu
1328 2259 1476 2330 scripturis
1504 2261 1721 2331 prophetarum,
1747 2260 1820 2315 ludit

69 2366 128 2406 non
140 2351 218 2422 juste
240 2352 374 2423 peremit,
403 2352 485 2424 cujus
498 2351 603 2423 piaculi
630 2352 753 2407 vindicta
767 2352 797 2407 in
812 2351 919 2406 diluvio
973 2366 1077 2425 equam
1090 2349 1190 2404 vinem.
1699 2398 1712 2420 ,

69 2439 274 2501 solutecst.ct
301 2441 449 2511 generatio
464 2441 534 2497 Cain
547 2441 654 2496 deleta:
675 2443 723 2496 sed
737 2441 787 2495 Ilei
801 2439 919 2511 sepien-
1007 2443 1090 2495 Vane.
1107 2443 1132 2494 5.
1162 2439 1262 2492 —Per
1291 2451 1350 2507 qnae
1363 2439 1434 2491 natm
1452 2440 1626 2507 panacem.
1653 2436 1743 2507 (lisa.)
1763 2436 1819 2491 lle·

67 2527 109 2583 tie
125 2530 193 2595 Noe,
211 2528 245 2584 de
260 2528 349 2600 stirpe
376 2530 455 2596 Seth,
483 2529 918 2603 adreperetionemorbiscum
973 2524 1091 2579 moretis
1119 2523 1275 2591 beneticiis,
1303 2528 1368 2588 stc,
1398 2525 1532 2594 usquead
1550 2525 1691 2596 siseergo
1708 2524 1819 2595 patien-

70 2618 139 2672 iiliis
149 2619 207 2672 suis
219 2618 250 2672 in
260 2635 324 2673 erce
339 2619 470 2674 servavit.
972 2618 1030 2678 tur,
1046 2612 1105 2667 sive
1118 2627 1186 2678 non,
1198 2613 1290 2683 glorie
1305 2617 1347 2666 est
1359 2612 1410 2667 eis.

104 2706 227 2760 Vsus.3.
244 2707 734 2779 -llaecetinraneeasusupcrbiae,
753 2711 806 2762 eta.
824 2705 918 2775 (Rae.)
1009 2703 1089 2756 Vens.
1114 2703 1155 2756 111.
1182 2729 1216 2741 -
1235 2702 1301 2759 Cum
1323 2701 1394 2756 enim
1423 2704 1527 2756 tentati.
1558 2703 1648 2772 (Rae.)
1680 2699 1822 2756 Israeliten

69 2792 208 2848 Diabolus
235 2809 287 2864 per
303 2795 477 2867 superbiam,
502 2801 565 2863 etc..
587 2812 672 2865 nsque
703 2795 741 2850 ad
772 2796 920 2850 humilitas
973 2788 1225 2861 peccantesdignis
1246 2789 1340 2860 plagis
1363 2789 1502 2861 corripuit
1532 2791 1616 2858 Deus,
1641 2789 1823 2861 etpoeuilen·

69 2881 175 2936 Christi
189 2882 333 2937 adunavit.
974 2883 1016 2933 tes
1038 2880 1197 2933 consolatus
1211 2883 1263 2944 est,
1277 2878 1423 2950 AEgyptioe
1444 2883 1474 2933 et
1491 2879 1668 2934 Chenanaeos
1683 2882 1822 2950 tanquam

108 2971 187 3024 Vens.
217 2973 242 3025 6,
270 3000 306 3012 -
334 2974 394 3027 llaec
414 2972 531 3041 justum,
552 2977 606 3027 etc.
636 2971 707 3027 ilinc
736 2973 836 3026 Petrus
859 2966 1167 3025 elt:Cmisericardie
1190 2967 1324 3038 indiguos
1352 2965 1560 3022 exterminavit.
1589 2970 1741 3034 Tormenta,
1766 2969 1822 3024 etc.

69 3058 220 3113 Civitatem
251 3059 425 3116 Sodomorum
448 3064 473 3114 et
504 3061 734 3117 Gornorrliaeorum
756 3064 786 3115 in
806 3062 920 3115 cinerem
975 3055 1345 3127 hPhareone,ubicouque
1364 3054 1587 3111 scilicetessent.
1606 3057 1664 3126 Vel,
1681 3071 1740 3111 non
1763 3061 1822 3111 tem

67 3147 199 3216 redigens
228 3150 361 3203 mersium
384 3148 543 3217 damnauit3
569 3150 722 3218 exemplum
750 3163 841 3204 eorum
873 3149 928 3218 piri,
975 3145 1086 3217 hiqucs
1101 3143 1237 3199 Israelita
1261 3142 1369 3198 recenti
1391 3144 1471 3200 clade
1483 3159 1535 3214 per
1554 3145 1680 3214 singulae
1695 3143 1823 3199 civitetes

70 3238 258 3305 impieacturt
281 3242 344 3291 rant
367 3251 480 3306 ponens,
509 3241 535 3292 et
544 3237 651 3307 justum
672 3239 719 3292 lot
733 3252 921 3306 oppressnma
975 3237 1169 3304 peremerant,
1196 3231 1288 3303 puniti
1317 3236 1401 3298 sant;
1419 3233 1467 3287 sed
1498 3235 1527 3287 et
1552 3249 1653 3287 omnes
1669 3231 1823 3289 Cheuanoei

68 3324 251 3391 nefandorum
276 3325 397 3394 injuriis,
418 3340 450 3380 aa
476 3325 619 3380 lnauriosu
644 3327 842 3380 convocatione
866 3328 919 3380 eri·
975 3329 1123 3385 audientes
1149 3327 1297 3383 victoriam
1324 3327 1424 3399 populi
1454 3327 1518 3395 llei;
1548 3328 1624 3384 unde
1639 3328 1716 3385 Raab
1736 3328 1821 3384 dicit:

66 3415 184 3486 puittll
195 3415 266 3470 Petr.
291 3413 331 3483 ιι),
348 3416 401 3468 etc.
433 3415 509 3469 Uxor
543 3415 683 3470 hotretro
709 3414 873 3485 respiciens,
889 3414 920 3469 iu
976 3420 1160 3474 lmnttinnos
1186 3421 1373 3472 terroroester
1400 3417 1470 3486 (dos.
1489 3417 1528 3484 iil.
1555 3421 1608 3472 etc.
1640 3417 1755 3489 llystice
1770 3433 1824 3472 eu·

67 3508 194 3558 statuam
222 3501 289 3556 selis
317 3517 453 3556 conversa
477 3506 530 3570 est,
546 3518 583 3557 ne
597 3502 647 3574 qui
661 3519 714 3574 per
732 3502 855 3574 gratiam
871 3503 921 3559 Dei
976 3507 1151 3571 tenr.tudaei‚
1168 3505 1218 3577 qui
1233 3505 1460 3561 incarnationem
1478 3505 1541 3561 Filii
1558 3505 1619 3574 Dei,
1633 3509 1662 3561 et
1684 3505 1825 3578 preadica-

67 3591 104 3648 ed
127 3591 214 3646 vitam
231 3590 322 3646 vocati
338 3606 447 3658 sumus,
463 3597 589 3646 veterem
608 3591 756 3647 hominem
783 3591 921 3662 respicia—
975 3595 1085 3650 tionem
1110 3594 1313 3666 despiciebant,
1333 3593 1439 3665 ubique
1459 3599 1601 3648 terrerum
1616 3593 1691 3665 regi,
1715 3597 1744 3647 et
1757 3608 1825 3665 pro-

68 3694 144 3747 mus,
162 3678 519 3734 mediaviaremanentes.
548 3678 581 3732 ln
609 3683 730 3733 statuam
759 3679 922 3734 setisversa
977 3683 1037 3753 lugi
1059 3682 1145 3737 variis
1164 3682 1292 3738 cladibus
1319 3682 1497 3751 nliligontnr.
1514 3682 1640 3737 Gentiles
1660 3680 1825 3737 veraedll·

69 3767 231 3833 alicsselit‚
261 3767 352 3823 unde:
381 3769 543 3823 Mementote
561 3769 656 3822 uaeris
680 3769 815 3832 totana.
842 3766 921 3836 xvll),
976 3770 1042 3825 dem
1056 3770 1195 3837 conversi,
1207 3775 1237 3825 et
1250 3768 1439 3839 suscipientes
1450 3772 1601 3838 paternam
1617 3768 1825 3824 correctionem

71 3872 110 3910 ne
125 3854 233 3910 scilicet
248 3862 385 3927 tanquam
401 3854 472 3910 latui
490 3855 681 3926 negligemus,
700 3855 749 3909 sed
765 3854 922 3926 prudenter
977 3874 993 3913 a
1009 3858 1059 3914 liei
1074 3857 1268 3912 misericordia
1296 3873 1354 3911 non
1381 3856 1534 3912 recedunt:
1548 3862 1581 3912 ut
1594 3858 1644 3930 qni
1672 3856 1826 3912 fuer-autin

72 3958 236 3998 careamus.
977 3946 1080 4018 capite,
1098 3945 1155 4000 sint
1168 3945 1308 4012 incende,
1327 3949 1355 4000 et
1374 3961 1389 4000 e
1408 3961 1556 4000 converso.

111 4033 191 4086 Vens.
209 4033 235 4087 8.
256 4061 291 4071 -
310 4033 482 4101 Sapientiam
506 4034 586 4097 arim,
603 4036 655 4087 etc.
672 4034 732 4087 llaec
746 4035 845 4101 autem,
862 4036 918 4089 elo.
1014 4036 1097 4090 Vens,
1116 4036 1158 4090 13.
1173 4063 1208 4075 -
1224 4035 1344 4104 Duplam,
1371 4037 1424 4089 etc,
1452 4033 1668 4089 uiolentorum
1685 4034 1826 4089 malorum

73 4120 161 4175 Jacob
198 4120 312 4191 lugiens
339 4122 410 4176 lisea
445 4122 561 4176 tratrem
591 4137 674 4176 suam
702 4120 781 4175 venit
808 4120 843 4175 ed
872 4122 924 4176 Le·
979 4122 1219 4177 recordationen
1242 4122 1393 4190 minuitur,
1414 4126 1445 4178 et
1472 4122 1657 4192 praesentium
1672 4127 1828 4194 tempestas

75 4209 135 4263 ban
146 4210 318 4263 avunculum
330 4225 426 4277 suuni,
442 4215 469 4264 st
484 4209 514 4264 in
529 4209 632 4264 itinere
647 4224 698 4279 per
723 4208 868 4264 somnium
879 4209 923 4263 ui·
945 4216 1110 4307 Daugetur.
1141 4211 1220 4267 Unde
1235 4227 1286 4266 nec
1302 4211 1410 4267 hahent
1432 4227 1512 4283 spem
1527 4210 1659 4278 remedii,
1677 4212 1746 4282 quia
1767 4227 1827 4282 pm·

77 4298 120 4352 dit
135 4298 239 4351 scalam
261 4302 396 4365 erectam,
425 4303 454 4353 et
481 4299 597 4368 angelos
627 4296 675 4352 llei
699 4297 927 4353 ascendeuteset
981 4301 1130 4357 nitentium
1165 4301 1341 4367 simulantes,
1378 4317 1436 4356 nan
1465 4301 1582 4355 student
1611 4300 1827 4371 emendationi3

76 4385 293 4450 descendentes,
309 4390 338 4440 et
350 4386 445 4457 ipsum
456 4386 609 4441 Dominum
623 4385 756 4440 innixum
781 4386 864 4439 scale
880 4385 924 4440 di·
981 4390 1074 4446 unde:
1090 4391 1161 4444 Cum
1173 4390 1306 4444 occideret
1316 4404 1368 4457 eos,
1384 4389 1539 4459 armabant
1553 4405 1623 4456 eum,
1638 4393 1663 4444 ct
1675 4389 1829 4443 diteacrunt

75 4478 201 4538 centem,
217 4473 285 4528 sibi:
302 4473 365 4543 Epo
383 4489 443 4529 sum
472 4476 545 4531 Deos
573 4476 713 4530 Amatam
726 4475 819 4544 patris
836 4476 885 4540 tut,
901 4478 927 4529 et
982 4494 1041 4534 eum
1060 4479 1142 4549 (Paul.
1154 4481 1264 4544 axani),
1280 4483 1334 4532 etc.

77 4564 147 4616 ilaus
168 4560 270 4628 laeam
297 4566 397 4617 terram
423 4565 452 4617 in
478 4579 533 4632 qua
562 4564 664 4619 dormis
679 4563 749 4618 dubo
773 4563 833 4630 titt,
855 4566 928 4618 etse·
1018 4565 1097 4634 yses.
1125 4568 1166 4621 15.
1181 4593 1216 4607 -
1246 4567 1306 4622 Non
1333 4566 1568 4634 similiterjmtts,
1596 4571 1649 4621 etc.
1674 4564 1747 4630 Quia
1770 4577 1830 4619 non

76 4650 426 4720 minitao(Gen.axv1u).
453 4652 576 4707 Veniens
590 4657 686 4707 autem
714 4652 744 4706 in
769 4653 927 4722 llesopote·
983 4652 1115 4709 similiter
1138 4657 1267 4724 peccent.
1297 4653 1407 4724 Septies
1431 4655 1507 4709 enim
1523 4654 1599 4711 aedit
1609 4655 1714 4727 justus,
1730 4657 1759 4709 et
1785 4668 1830 4707 re·

78 4738 169 4794 miem
184 4737 262 4794 Liam
278 4742 307 4793 et
327 4739 432 4795 ltechel
444 4739 533 4807 duxit,
546 4756 599 4812 pre
618 4740 724 4814 quihus
751 4756 818 4796 eves
834 4740 929 4796 luban
982 4741 1090 4813 surgit:
1118 4741 1226 4812 impius
1250 4746 1357 4807 eutem,
1387 4757 1452 4797 cum
1480 4741 1509 4796 in
1527 4743 1702 4815 protundum
1721 4739 1832 4797 venerit

79 4826 130 4881 dio
145 4825 232 4897 pavit.
259 4827 394 4893 Quicum
413 4829 545 4884 mercede
569 4845 621 4884 sua
648 4829 845 4884 fraudulenter
870 4828 929 4900 pri·
984 4832 1135 4898 malornm,
1153 4830 1320 4886 contemnit.

79 4931 145 4970 vere
171 4916 268 4972 voluit.
297 4918 351 4973 Sed
387 4934 439 4990 per
463 4918 634 4989 sapientiam
665 4918 715 4974 Dei
737 4919 866 4988 privatus
888 4921 931 4973 est
1021 4921 1100 4975 Vens.
1123 4923 1165 4975 16.
1192 4950 1227 4961 ...
1246 4920 1324 4987 Quod
1346 4920 1460 4990 qnidam
1486 4924 1619 4987 emeritae,
1651 4923 1703 4974 etc,
1734 4919 1831 4991 (Rau.)

80 5002 187 5068 Lehan,
214 5010 243 5059 et
266 5006 353 5061 Jacob
373 5007 490 5074 ditatus,
519 5022 583 5061 cum
599 5005 698 5060 miultis
718 5005 821 5076 opillus
835 5005 929 5061 rediit.
986 5007 1110 5078 iligneam
1137 5008 1200 5075 init,
1233 5011 1300 5072 eta,
1330 5024 1415 5078 usque
1448 5008 1486 5063 ad
1513 5013 1574 5063 tote
1601 5008 1679 5064 enim
1710 5007 1832 5061 intentio

82 5092 197 5161 llystice
212 5109 278 5148 sero
301 5095 361 5149 haec
377 5094 412 5149 ed
426 5100 565 5166 martyres
588 5095 745 5166 pertinent,
760 5110 833 5165 quos
848 5093 932 5148 Chri·
986 5101 1029 5150 est
1043 5111 1144 5149 eorum
1166 5111 1256 5165 geues
1277 5097 1438 5152 humanum
1462 5097 1606 5169 persequi,
1622 5101 1651 5151 et
1664 5095 1791 5151 cruciere
1803 5093 1832 5150 id

81 5180 119 5235 eti
141 5180 336 5237 misericordie
363 5199 380 5237 a
398 5183 630 5254 persecutoribus
655 5182 796 5250 liberavit,
818 5183 932 5237 conlor·
987 5184 1119 5238 omnihus
1134 5184 1239 5241 modis.

83 5277 148 5324 tens
164 5269 318 5340 eoegretie
346 5271 469 5343 Spiritus
484 5272 574 5327 sancti
589 5279 681 5345 etspe
701 5273 806 5326 laturre
828 5286 934 5326 merre-
1024 5273 1103 5327 Vens.
1129 5276 1176 5327 tl.
1205 5303 1240 5314 -
1260 5274 1313 5330 Sed
1339 5276 1430 5329 omnia
1449 5275 1479 5328 tn
1501 5287 1637 5339 mensura,
1664 5275 1717 5326 etc.
1739 5273 1834 5343 (nae.)

83 5358 129 5413 dis
140 5352 154 5424 ;“
164 5360 192 5412 et
202 5358 317 5414 tandem
332 5359 413 5414 victis
427 5360 568 5430 hostibus,
590 5363 623 5417 ed
647 5375 768 5432 regnum
796 5361 934 5416 coelorum
988 5360 1060 5425 Quia
1086 5360 1183 5415 oirrnie
1206 5363 1364 5422 secuudum
1395 5362 1556 5430 veritatem,
1591 5366 1663 5429 ete,
1691 5376 1777 5432 usque
1799 5360 1836 5415 ad

83 5446 228 5519 perduxit,
243 5448 280 5502 sd
295 5448 715 5520 leodemetgloriamnominis
735 5449 790 5504 sui.
923 5488 925 5493 <
989 5449 1108 5513 Quando
1130 5448 1373 5506 illuminabuntur
1398 5450 1565 5506 abscondita
1587 5449 1782 5515 tenebrarum,
1808 5452 1837 5504 et

122 5535 203 5591 Vens.
229 5538 272 5591 13.
295 5566 330 5580 -
354 5540 414 5594 ileu
441 5538 584 5595 uenditum
606 5539 723 5608 justum,
751 5543 805 5594 etc.
839 5538 935 5610 (Rae.)
991 5537 1475 5594 revelabunturconsiliacordium.
