3892 6106
105 261 155 314 387
424 257 622 313 wlnnvulnl
643 255 766 313 sinaut
787 256 887 313 voto.
910 255 989 312 lton.
1009 255 1085 312 OPP.
1106 254 1195 312 Pons
1213 254 1234 309 l.
1255 285 1289 294 -
1308 253 1534 312 THEOLOGICA.
1695 291 1704 302 .
1799 255 1851 308 388

137 382 218 437 Vens.
246 383 287 438 tt.
311 410 346 421 -
366 382 548 448 Miseruntque
573 394 642 444 cum,
670 383 723 434 etc.
754 379 860 450 lioyses
883 393 942 433 non
955 382 981 435 Δ
998 395 1057 450 qua
1076 378 1197 434 dicitur:
1220 379 1341 448 Spiritus
1357 382 1419 434 tuus
1434 378 1518 435 bonus
1541 376 1654 433 deducu
1679 393 1722 432 me
1744 380 1775 433 in
1798 382 1854 432 ter·

101 488 135 527 ex
153 471 321 526 auctoritate
347 484 398 523 sua
421 466 591 523 sententiam
621 466 730 537 profert
754 469 854 522 contra
885 465 948 521 bla-
1002 482 1074 536 rom,
1088 471 1144 521 etc.
1167 467 1248 538 (Paul.
1265 465 1355 537 crau).

101 561 310 633 spbemuntem,
337 555 385 611 sed
410 556 460 610 Dei
485 558 628 626 praecepto
646 569 802 622 reservans,
816 552 948 609 mittitin
1038 557 1118 610 Vens.
1145 559 1171 610 8.
1199 584 1234 596 -
1260 555 1314 611 Sea
1343 557 1434 623 onnia,
1462 558 1518 609 etc.
1547 554 1620 609 Dum
1641 569 1741 609 sumus
1755 552 1787 607 in
1801 553 1855 609 bac

101 662 262 703 carcerem:
288 645 334 699 lex
355 643 432 698 enim
454 642 516 697 odit
530 657 596 696 eum
612 641 661 713 qui
675 641 866 713 blasphemet,
881 657 948 696 con·
1001 643 1068 712 vita,
1094 643 1170 698 etin
1193 642 1298 721 visibili
1322 647 1452 697 creatura
1475 657 1586 708 sumus,
1606 657 1693 714 quem
1712 643 1856 714 significat

101 741 145 792 tre
164 750 250 807 quem
271 731 436 803 frequenter
459 729 626 785 Trinitatem
649 729 798 801 praedicat,
824 729 948 784 sednon
1001 731 1141 786 senarius.
1165 730 1219 787 Sex
1239 730 1318 785 enim
1336 729 1437 785 diebus
1460 735 1557 785 creata
1579 735 1646 785 sunt
1668 731 1767 785 omnia
1788 747 1854 803 quve

101 823 249 879 manifeste
263 820 335 874 sicut
355 817 560 888 Evangelium:
584 816 648 872 ideo
663 817 746 873 illum
760 817 948 888 adjudicium
1000 819 1150 876 videntur:
1177 819 1299 890 septimo
1317 822 1412 874 autem
1431 835 1508 873 anno
1534 819 1684 874 sabbatum
1702 818 1756 874 arit
1769 825 1853 876 terrae

100 909 245 978 Evangelii
265 906 427 961 reservavit.
448 906 500 972 Oui
517 920 572 960 non
589 904 705 960 credidit
718 907 873 973 iuditium,
884 905 947 974 jum
1002 907 1127 963 Domini.
1149 907 1221 962 Cum
1238 905 1317 961 enim
1340 911 1406 978 post
1430 921 1556 979 praesens
1571 912 1687 979 tempus
1701 907 1850 963 sabbatum

95 999 238 1070 judicatus
247 1003 286 1054 est
299 995 387 1067 (teon.
398 994 482 1066 xxxv),
498 999 526 1049 et
540 993 717 1066 hujusmodi.
1001 994 1120 1060 venerit,
1137 995 1172 1050 de
1186 1009 1244 1066 quo
1259 993 1364 1049 Paulus
1378 992 1436 1049 sit:
1457 992 1642 1064 Relinquitur
1662 993 1849 1049 sabbatismus

134 1088 214 1142 Vasa.
233 1088 276 1141 15.
301 1114 327 1124 -
345 1085 433 1140 Homo
456 1085 514 1152 qui,
528 1086 582 1137 etc.
606 1081 722 1136 Locutio
747 1084 790 1136 est
810 1085 947 1152 tanquam
1000 1084 1106 1155 populo
1122 1083 1183 1150 Dei,
1199 1097 1286 1154 quem
1301 1081 1361 1136 dies
1379 1081 1502 1154 septima
1516 1081 1669 1153 significat,
1687 1082 1717 1136 in
1733 1098 1788 1153 qus
1801 1098 1846 1138 rc-

98 1175 224 1231 dicatur:
238 1172 325 1228 bomo
343 1172 392 1227 ille
416 1175 466 1226 ant
479 1169 539 1239 ille,
560 1168 648 1225 idest
667 1168 832 1242 quicunque
846 1169 945 1224 bomo.
1000 1172 1110 1243 quievit
1124 1172 1199 1226 Deus
1218 1170 1253 1224 ab
1269 1168 1403 1225 omnibns
1422 1167 1558 1240 operibns
1573 1169 1643 1230 suis,
1664 1167 1773 1223 scilicet
1786 1168 1849 1222 visi·

98 1263 161 1318 Non
179 1262 251 1316 sicnt
265 1259 383 1332 quidam
407 1262 521 1331 putant,
535 1258 623 1313 bomo
638 1257 726 1312 bomo
739 1256 781 1312 ita
800 1256 866 1324 dici,
881 1260 946 1312 ian·
999 1259 1105 1315 bilibus
1120 1258 1210 1329 (debr.
1224 1257 1274 1326 vv),
1282 1257 1344 1328 jam
1359 1272 1417 1310 non
1433 1254 1488 1312 erit
1500 1254 1639 1326 operandi
1655 1260 1779 1326 tempus.

98 1367 185 1424 mam
200 1347 391 1416 laudabiliter,
417 1346 499 1418 quasi
513 1347 623 1413 bomo;
640 1345 689 1401 sed
702 1344 788 1400 bomo
801 1343 900 1413 bomo,
916 1344 946 1400 id
1034 1348 1116 1402 Vane.
1132 1346 1158 1400 4.
1173 1375 1209 1386 -
1223 1346 1299 1402 Seres
1310 1359 1418 1414 uncum,
1431 1349 1484 1400 etc.
1500 1344 1554 1399 Per
1563 1359 1665 1415 agrum
1681 1348 1710 1400 ct
1723 1344 1846 1413 vineam,

98 1438 371 1511 estqualiscnnqne,
395 1434 473 1489 velut
486 1433 572 1489 etiam
594 1432 696 1488 similis
708 1432 816 1504 pecori,
832 1432 946 1504 aedqni
999 1451 1065 1491 cum
1094 1435 1177 1489 illum
1199 1432 1345 1498 seminari,
1366 1432 1489 1487 atillam
1516 1432 1662 1503 amputari
1687 1432 1849 1504 prohibuit,

98 1544 164 1582 vere
184 1527 221 1583 sit
235 1526 333 1591 homo,
356 1539 442 1595 quem
466 1538 581 1577 sensnm
602 1537 659 1577 non
684 1537 744 1576 esse
767 1536 878 1588 verum,
895 1520 945 1575 sed
999 1540 1084 1580 omne
1099 1539 1190 1595 genus
1213 1522 1275 1594 agri
1288 1520 1511 1591 intelligendum
1534 1526 1594 1577 est:
1612 1537 1706 1593 neque
1725 1522 1849 1577 enimin

97 1611 249 1666 locutionis
272 1612 326 1666 hoc
341 1628 401 1666 esse
416 1610 627 1682 Scripturarum
646 1609 802 1681 apertsbic
816 1609 943 1664 ostendi·
961 1653 983 1709 B
1000 1612 1103 1667 oliveto
1129 1611 1172 1664 vel
1199 1610 1327 1682 quolibet
1355 1609 1473 1664 alterius
1501 1608 1615 1680 generis
1643 1625 1713 1680 agro
1740 1609 1849 1682 aliquid

98 1703 154 1767 tur,
177 1715 242 1754 cum
266 1699 297 1754 in
315 1715 350 1753 eo
374 1699 478 1755 dicitnr
496 1698 547 1770 qui
564 1699 706 1771 culpatur,
727 1713 786 1754 non
809 1697 860 1768 qui
883 1698 945 1752 lau·
1001 1699 1178 1770 operandum
1193 1702 1245 1753 est.

98 1786 191 1842 datur.
1037 1789 1107 1842 Vens
1129 1790 1155 1842 5.
1179 1815 1215 1828 -
1238 1787 1301 1854 Qua
1320 1789 1423 1856 monte,
1448 1789 1502 1840 etc.
1527 1786 1632 1841 Eorum
1653 1785 1761 1841 sulicat
1784 1802 1850 1858 qua

132 1875 225 1940 Homo,
242 1879 294 1928 etc.
320 1872 412 1944 (tlon,
437 1878 531 1945 quast.
548 1875 583 1929 87
595 1875 627 1929 in
648 1872 722 1943 beu.)
737 1874 769 1930 Si
791 1872 944 1928 meledice-
1000 1876 1047 1930 hic
1056 1874 1185 1944 facimus,
1196 1874 1227 1928 in
1236 1875 1333 1928 tuturo
1344 1874 1470 1928 fructum
1482 1873 1739 1940 manducabimus:
1755 1875 1848 1929 unde:

96 1964 135 2017 rit
157 1963 245 2016 Deum
262 1977 352 2031 suum,
371 1967 512 2032 peccatum
538 1962 662 2032 accipiet.
684 1963 833 2018 Nominons
856 1964 946 2015 ouum
1000 1964 1117 2019 meotes
1144 1977 1274 2018 manuum
1306 1967 1415 2016 morum
1444 1964 1510 2031 quio
1537 1962 1726 2031 manducabis,
1754 1962 1850 2019 beatus

97 2066 192 2105 svomcn
207 2052 314 2105 ltorvsins¹
339 2055 422 2105 morte
436 2051 570 2104 moriatur
577 2068 589 2115 ,·
609 2048 691 2120 quasi
706 2048 785 2104 aliud
799 2049 837 2104 sit
852 2047 943 2103 male·
999 2059 1063 2109 eset
1078 2053 1140 2107 benc
1155 2051 1206 2106 tibi
1219 2053 1271 2105 erit
1284 2050 1368 2115 (Psoi.
1382 2051 1492 2121 cxxvn).

98 2137 192 2193 dicere
209 2138 299 2193 Deum
318 2154 412 2205 suum,
437 2143 503 2205 etc,
517 2137 653 2206 usquead
676 2138 833 2192 notandum
847 2136 945 2191 estio·
1036 2142 1115 2195 Vens.
1141 2142 1170 2195 θ.
1196 2167 1227 2181 -
1249 2139 1405 2206 sederunt,
1427 2144 1481 2194 etc.
1509 2140 1569 2195 Non
1593 2138 1728 2210 probibet
1750 2138 1847 2194 Domi-

98 2225 221 2282 cationis
234 2241 334 2298 genos.
1000 2245 1070 2285 nom
1094 2228 1167 2283 vesci
1190 2228 1230 2282 ais
1250 2243 1315 2300 qna
1339 2231 1440 2298 sponte
1468 2232 1544 2290 sunt,
1572 2227 1621 2282 sed
1648 2243 1791 2299 reponere
1818 2228 1847 2282 in

133 2314 236 2386 (laica.)
266 2313 347 2369 Lxx:
376 2313 461 2368 Homo
483 2312 569 2379 homo,
602 2315 668 2379 etc,
699 2326 784 2380 usque
809 2310 847 2366 od
874 2310 946 2366 sicut
1000 2333 1083 2373 visum
1102 2317 1261 2388 proprium.

96 2404 173 2459 filins
204 2401 369 2457 israelitidis
406 2399 566 2456 nominavit
592 2403 621 2455 et
653 2398 861 2472 blasphemavit
888 2398 945 2470 (Jo-
1035 2406 1116 2460 Vans.
1140 2406 1167 2460 8.
1192 2402 1404 2461 —Numesobis
1425 2418 1539 2473 quoque.
1562 2403 1775 2475 Interrogemus
1798 2404 1847 2459 Ju-

95 2507 144 2548 auc
155 2491 211 2561 vn).
999 2494 1086 2563 dacos,
1102 2493 1126 2549 si
1147 2493 1303 2563 septimum
1326 2491 1402 2547 diem
1422 2494 1466 2562 (ut
1484 2492 1573 2561 aiunt)
1597 2491 1741 2563 legislator
1754 2491 1846 2546 bono-

130 2582 215 2638 Vaas.
231 2584 273 2636 n.
296 2580 403 2646 -Qui
423 2581 587 2649 percusserit
609 2582 635 2634 et
653 2577 781 2633 occiderit
800 2577 943 2634 bominem.
998 2583 1081 2650 ravit,
1097 2586 1126 2636 et
1141 2581 1176 2636 ab
1190 2579 1326 2653 operibus
1349 2596 1450 2635 vacare
1473 2579 1619 2651 pracepit,
1649 2595 1737 2651 quare
1761 2580 1847 2652 quin-

98 2672 178 2727 Lxx:
203 2671 256 2737 Qui
277 2670 440 2739 percusserit
463 2669 584 2722 animum
607 2665 732 2734 bominis,
756 2670 821 2732 eta,
847 2665 876 2722 id
902 2669 945 2721 est
999 2669 1199 2744 quagesimum
1235 2684 1343 2724 annum
1374 2667 1512 2723 celebrari
1548 2667 1702 2739 pracepit:
1735 2672 1846 2738 septem

97 2760 147 2831 qui
162 2758 198 2814 ad
214 2757 393 2829 iniquitatem
409 2755 536 2811 traxerit.
550 2754 684 2810 Animam
697 2769 777 2821 vero,
790 2754 942 2810 animalem
999 2760 1076 2815 enim
1092 2757 1278 2814 hebdomadas
1291 2771 1384 2826 annos
1399 2756 1588 2828 qnadraginta
1606 2771 1706 2810 novem
1720 2754 1843 2812 iaciunt.

96 2848 242 2903 bominem
268 2844 411 2916 intelligit,
436 2843 559 2915 quinon
581 2843 704 2915 percipit
718 2859 782 2915 quse
798 2848 865 2899 sunt
879 2842 943 2914 Spi·
1000 2847 1064 2901 Non
1079 2861 1148 2917 ergo
1161 2844 1399 2917 quinquagesimo
1422 2859 1521 2898 vacare
1541 2847 1696 2912 oporteret,
1713 2843 1769 2898 nisi
1785 2859 1846 2914 my·

95 2936 169 2992 ritus
183 2935 243 2991 [tei.
961 2934 1119 2993 Gstcrium
1134 2935 1176 2990 lex
1200 2932 1383 3005 significaret,
1408 2933 1484 3004 quod
1507 2932 1670 2987 iudeorum
1695 2931 1848 2987 infirmitas

132 3023 225 3096 (nno,
245 3025 341 3093 quest.
369 3019 538 3088 idioten.)
560 3019 613 3086 Qui
633 3021 799 3089 percusserit
821 3021 942 3074 animum
999 3040 1057 3079 non
1082 3027 1205 3094 caperet.
1223 3023 1333 3093 Duplex
1347 3021 1424 3076 enirn
1439 3037 1455 3074 a
1468 3022 1525 3076 Deo
1538 3020 1692 3076 visibilium
1714 3020 1847 3075 omnium

96 3113 211 3167 bominis
226 3115 251 3166 et
265 3115 387 3166 mortuus
400 3109 496 3176 nvait,
512 3111 566 3162 etc.
583 3107 647 3161 Non
661 3106 710 3167 ait,
726 3110 789 3170 etc..
806 3122 892 3177 usque
905 3107 943 3162 od
998 3110 1176 3181 significatur
1201 3107 1409 3164 consummatio
1423 3136 1429 3172 ;
1456 3124 1513 3161 uua
1527 3108 1665 3178 cujusque
1680 3107 1846 3179 singularis,

97 3201 150 3254 boc
164 3203 206 3254 est
222 3197 299 3252 enim
316 3196 443 3251 animam
453 3193 577 3249 bominis
591 3210 653 3249 esse
666 3209 839 3265 percussam.
997 3199 1086 3253 altera
1100 3199 1230 3253 omnium
1250 3195 1422 3263 communis,
1443 3196 1556 3266 qnando
1578 3200 1691 3266 tempos
1706 3196 1847 3266 operandi

131 3288 213 3341 Vana.
235 3287 279 3340 20.
311 3313 343 3329 ν-
366 3285 536 3350 Fracturum,
558 3286 601 3336 etc
643 3283 725 3338 Lxx:
752 3284 943 3339 contritionem
998 3300 1057 3340 non
1071 3285 1143 3353 erit3
1161 3285 1190 3340 iu
1204 3270 1401 3356 superioribus
1415 3285 1550 3355 primam,
1566 3284 1596 3339 in
1606 3284 1650 3338 his
1663 3284 1849 3340 insinuatae·

95 3392 145 3446 pro
164 3376 332 3440 contritione,
353 3371 383 3428 id
402 3375 454 3436 sat,
474 3370 498 3425 si
517 3370 654 3436 docendo,
680 3369 837 3436 suadendo,
862 3384 943 3425 scan-
997 3372 1129 3427 cundem.

96 3462 257 3529 delirando,
273 3460 399 3530 aliquam
413 3457 548 3512 virtutem
562 3456 687 3526 proximi
701 3456 876 3511 contriverit.
1032 3461 1146 3530 Septem.
1164 3460 1196 3515 ln
1211 3460 1392 3517 hebdomada
1407 3461 1518 3516 dierum
1533 3460 1693 3516 humanum
1707 3461 1846 3517 saculvvm

132 3552 245 3605 Dentem
278 3563 330 3618 pro
364 3547 451 3602 dente.
489 3545 630 3600 Virtutem
663 3543 810 3616 loquendi.
837 3544 943 3599 Dentes
996 3548 1142 3605 dividitur.
1158 3550 1229 3605 Cum
1250 3549 1338 3621 igitur
1352 3549 1398 3605 bic
1423 3565 1561 3605 numeros
1585 3550 1791 3620 multiplicatus
1814 3553 1845 3607 in

96 3638 173 3695 enim
196 3654 250 3711 pro
272 3635 365 3692 verbis
380 3633 569 3705 accipiuntur,
594 3632 689 3687 unde:
715 3634 780 3687 Filii
794 3633 940 3699 nominum,
997 3638 1150 3709 semetipso
1178 3637 1274 3705 luerit,
1303 3643 1332 3694 et
1356 3643 1417 3694 tota
1440 3639 1584 3709 completa
1602 3643 1671 3693 setas
1694 3639 1792 3694 saculi
1817 3645 1846 3696 et

96 3729 187 3784 dentes
205 3741 295 3782 mrum
317 3726 433 3779 ormoet
448 3723 564 3790 sagitta,
581 3725 635 3776 etc.
657 3720 815 3792 (Psotmx).
833 3721 940 3791 Etput·
995 3730 1110 3797 tempus
1137 3726 1303 3781 devolutum
1330 3726 1367 3781 ad
1399 3727 1486 3782 finem
1520 3727 1692 3799 pervenerit,
1719 3728 1847 3784 succedit

95 3817 213 3872 cariores
231 3817 295 3870 suut
308 3813 378 3868 ocuti
395 3811 454 3881 ejus
469 3813 583 3876 vianet
605 3808 696 3864 dentes
718 3809 777 3880 ejus
791 3809 859 3863 lactc
873 3822 941 3863 cou-
996 3814 1251 3886 quinquagesimus
1273 3815 1356 3887 quasi
1375 3815 1595 3887 quadragesimo
1619 3832 1696 3871 nono
1710 3830 1797 3884 anno,
1813 3817 1844 3872 in

95 3903 215 3959 didiores
248 3901 324 3974 (Gen.
353 3898 432 3970 sarx).
474 3896 603 3953 Clariora
633 3896 712 3951 anim
739 3903 768 3952 ct
798 3895 942 3968 apertiora
996 3918 1054 3974 qno
1070 3903 1124 3958 erit
1144 3903 1324 3970 resurrectio,
1351 3903 1427 3959 unde
1451 3903 1563 3959 subdit:
1581 3906 1616 3959 Et
1633 3905 1759 3973 ctovsqnvs
1776 3905 1844 3960 buc·

95 3997 162 4049 sunt
177 3992 261 4048 verba
277 3987 421 4059 Evangelii
441 3987 511 4041 lacte
525 3985 607 4056 legis.
995 3994 1058 4048 nno
1081 4007 1169 4047 mense
1191 3994 1311 4062 septimo,
1337 3997 1389 4048 etc.
1416 3992 1495 4048 Unde
1521 3994 1691 4062 Apostolus:
1721 3995 1760 4048 In
1778 3993 1845 4048 tubo

130 4082 210 4136 Vens.
231 4082 326 4135 81-
346 4077 398 4144 Qui
417 4077 591 4146 perstiterit,
615 4077 669 4129 etc.
695 4074 760 4129 11aess
784 4074 941 4129 secundum
995 4083 1045 4137 Dei
1071 4079 1229 4137 docendam
1250 4080 1284 4136 dc
1304 4082 1375 4146 coto,
1390 4082 1531 4137 etmortui
1551 4083 1643 4152 quiin
1663 4082 1845 4139 Christosunt

95 4169 219 4226 litteram
246 4165 351 4222 tudaeis
376 4168 458 4218 erent
481 4162 649 4231 necessaria,
663 4163 713 4234 qui
727 4178 786 4217 non
809 4166 943 4234 poterant
995 4173 1136 4237 usurpem
1163 4171 1315 4240 incorrupti
1337 4169 1426 4237 (Thes.
1453 4169 1499 4241 vv).
1516 4168 1634 4241 Oportet
1660 4167 1737 4224 enim
1754 4170 1842 4224 susci·

95 4271 213 4328 capere:
230 4255 260 4311 si
284 4255 347 4322 quis
365 4253 529 4322 percusserit
549 4255 575 4305 tc
588 4253 618 4305 in
631 4249 772 4305 dentem
785 4249 940 4320 monilium,
995 4260 1105 4311 tantem
1127 4256 1289 4327 precedere
1314 4257 1433 4312 tubam:
1455 4256 1520 4312 ideo
1536 4255 1567 4310 in
1579 4255 1800 4328 quadragesimo
1815 4261 1845 4312 et

34 4360 37 4368 ’
92 4345 183 4416 prebe
207 4344 251 4398 itti
280 4345 307 4397 et
329 4341 444 4396 uturum
467 4338 574 4408 (blattis.
599 4336 640 4407 v).
669 4337 722 4393 Sed
751 4353 816 4392 cum
847 4343 942 4395 essent
994 4360 1071 4399 nono
1085 4360 1168 4405 anno,
1182 4343 1213 4398 in
1227 4359 1284 4413 quo
1308 4343 1468 4400 communis
1482 4344 1758 4413 estconsummatio,
1773 4343 1844 4401 tuba

94 4430 238 4499 malevoli,
265 4429 341 4484 mma
365 4426 471 4481 inlerre
492 4424 636 4492 volebant,
656 4429 685 4480 et
704 4440 763 4479 non
786 4425 939 4496 pati.1deo
993 4446 1095 4486 canere
1110 4431 1256 4503 pracepit.

95 4529 174 4578 metu
192 4520 311 4574 alternae
326 4530 418 4587 poenoe
433 4518 515 4569 erant
534 4512 671 4568 ascetere
680 4512 843 4568 revocandi.
1029 4519 1115 4574 Vens.
1130 4522 1159 4575 9.
1184 4549 1220 4560 -
1245 4521 1337 4576 Mense
1363 4523 1485 4591 septeno.
1512 4520 1584 4586 Quia
1611 4519 1694 4592 quasi
1719 4520 1842 4591 septimo

127 4612 210 4665 Vane.
226 4610 274 4663 23.
303 4606 387 4660 -lit
399 4602 562 4668 eduxerunt,
586 4605 640 4656 etc.
654 4600 854 4672 Experimento
878 4601 940 4674 ipso
993 4621 1091 4662 manse
1106 4605 1198 4662 vetatis
1213 4607 1315 4662 mundi
1336 4608 1571 4673 Christusvenit;
1597 4608 1709 4679 primus
1724 4609 1841 4677 mensis,

92 4699 187 4771 legem
210 4695 408 4751 confirmatam
423 4690 558 4750 ostendit,
584 4694 615 4744 ut
636 4694 665 4744 ct
687 4692 719 4744 tu
740 4689 939 4760 blasphemare
993 4692 1087 4764 quiin
1101 4694 1233 4764 paradiso
1253 4695 1329 4762 fnit:
1353 4697 1493 4752 secundus
1516 4695 1656 4766 usquead
1680 4695 1841 4763 dilnvinm;

92 4787 217 4851 timeres,
232 4786 419 4854 etpeccatum
434 4779 556 4850 lugeres,
573 4776 651 4849 quod
666 4793 725 4832 non
738 4777 833 4832 solum
858 4775 937 4849 prin·
992 4782 1094 4836 tertius
1115 4799 1204 4854 usqua
1228 4783 1263 4838 ud
1290 4784 1455 4854 Abraham,
1479 4789 1598 4856 quartus
1620 4800 1771 4856 nemoque
1791 4785 1840 4841 de·

92 4890 169 4944 ceps,
182 4872 231 4940 sed
244 4875 304 4926 tota
316 4865 471 4924 multitudo
494 4864 628 4920 vindicat.
646 4864 753 4921 Omnes
767 4864 845 4920 enim
859 4880 938 4920 com·
992 4885 1126 4925 sconsum
1142 4875 1185 4925 ast
1204 4870 1234 4926 in
1256 4871 1429 4944 AEgyptnm;
1445 4872 1563 4944 quintus
1585 4872 1727 4945 usquead
1747 4878 1839 4929 uana·

93 4962 219 5015 muniter
244 4958 427 5029 blasphemos
452 4954 559 5010 debent
585 4953 699 5024 punire,
729 4953 781 5025 qui
807 4953 938 5008 omnium
992 4956 1203 5027 migrationem,
1220 4963 1313 5013 sextus
1328 4975 1418 5031 usque
1433 4960 1638 5015 adadventum
1652 4958 1777 5030 Christi3
1792 4977 1840 5016 aa·

92 5047 201 5103 auctori
225 5060 284 5102 non
306 5047 472 5100 metuerunt
498 5042 660 5112 detrahere,
682 5046 711 5097 et
734 5056 835 5097 omnes
849 5041 884 5097 ab
903 5057 937 5098 eo
991 5043 1100 5115 ptimus
1114 5044 1335 5116 ipseedventus.

92 5151 237 5208 separare.
1026 5134 1108 5189 Vana.
1139 5135 1182 5188 10.
1208 5165 1238 5175 -
1280 5135 1520 5206 sanctificabisque
1552 5150 1664 5190 annum.
1694 5134 1781 5201 Quasi
1810 5137 1841 5191 in

408 5265 522 5323 CAPUT
543 5264 609 5321 xxv
991 5221 1180 5277 sanctimonia
1206 5227 1385 5295 exspectatur
1409 5228 1439 5280 et
1463 5223 1614 5296 cogitetur,
1642 5239 1736 5296 pacem
1763 5224 1841 5279 enim

990 5309 1115 5364 debemus
1135 5313 1213 5381 sequi
1233 5316 1259 5366 ct
1280 5314 1487 5388 sanctimonium
1510 5311 1611 5383 (Hebr.
1631 5312 1694 5382 ιιι),
1714 5314 1773 5368 siue
1786 5328 1841 5382 quo

127 5400 208 5457 Vana.
227 5401 251 5466 l,
266 5400 292 5455 2.
309 5424 343 5439 -·
357 5399 525 5467 Locutusquc
545 5400 584 5450 est
599 5399 736 5464 Dominus,
751 5399 805 5451 etc.
822 5393 936 5461 Quando
989 5411 1075 5450 uerno
1091 5397 1199 5452 videbit
1212 5399 1313 5455 Deum.
1717 5406 1722 5419 “

83 5490 217 5560 inpressi,
246 5491 299 5543 etc.
330 5483 431 5557 (isica.)
458 5485 554 5549 Terra,
584 5483 759 5538 conversatio
786 5483 873 5551 bona,
900 5481 936 5536 de
1027 5486 1225 5554 Unusquisque.
1255 5486 1484 5545 Patriarcbarum
1512 5493 1540 5545 et
1566 5489 1774 5561 prophetorum
1795 5493 1839 5545 est
