3892 6106
144 259 193 312 est
452 254 648 309 wlcassini
666 251 789 309 statut
810 250 909 306 FULD.
931 249 1011 305 Mart.
1031 247 1110 305 OPP.
1137 249 1224 304 etas
1243 247 1264 302 l.
1285 278 1319 287 *
1338 246 1566 305 incolomes.
1850 254 1897 307 tsi

180 381 289 435 vensi
308 381 432 443 -llous
448 378 574 446 repulisti
599 390 654 430 nos.
671 376 771 443 (Cass.)
798 373 894 428 Primo
919 371 1029 429 refe-A
1085 373 1153 426 Vens
1182 374 1207 426 5.
1242 400 1278 412 -
1304 370 1467 426 inhabitabo
1490 370 1590 444 (Cass.)
1613 373 1657 433 lle
1680 371 1832 428 beneficiis
1856 374 1899 429 liei

144 471 249 522 rantur
264 465 462 537 percussiones
478 463 561 518 factae
582 478 635 534 pro
662 461 777 517 aeternis
793 460 887 532 poeuis
902 459 995 513 vitan·
1051 460 1179 528 conlidit,
1194 464 1225 514 ut
1240 465 1337 515 contra
1352 460 1480 530 pericula
1495 461 1596 515 muudi
1607 461 1638 515 iu
1652 461 1840 516 tabernaculo
1856 463 1901 516 ilci

142 554 209 609 dis:
227 553 418 624 Repulisti.ln
440 552 539 608 Adam.
570 553 611 606 Et
624 551 791 606 destruristi
802 549 836 604 ab
851 549 997 603 immorta-
1050 552 1129 602 tutus
1147 555 1319 619 perseveret.
1339 551 1370 604 iu
1395 549 1502 604 sucula.
1528 549 1684 622 Quousque
1705 551 1814 604 saecula
1839 566 1900 620 per-

144 642 233 698 litate.
253 643 325 708 Quia
352 644 440 695 iratus
455 656 546 711 espro
566 639 698 711 pcccatis,
727 643 756 694 et
778 643 877 692 tamen
897 639 994 691 miser·
1051 641 1187 706 agantur,
1204 637 1272 706 quia
1298 637 1352 691 etsi
1373 637 1456 690 multi
1482 644 1603 692 contra:
1630 640 1770 706 Proteqar
1792 640 1900 693 irracio-

146 736 198 795 tus,
214 747 265 802 per
282 730 385 796 tilium,
417 730 457 782 sic
484 728 562 799 quod
577 727 755 783 commovisti
775 728 921 781 aberrare
938 742 944 779 :
961 729 995 780 Et
1050 728 1146 780 mento.
1171 726 1301 793 Protcpar
1314 727 1342 778 ia
1369 726 1517 781 uelamento
1541 727 1663 781 olorum.
1683 725 1757 790 Quas
1771 742 1824 780 nec
1837 743 1901 781 one·

144 819 271 885 turbasti,
314 817 515 889 paenitentiam
549 820 581 871 ut
614 832 682 887 ergo
717 815 840 886 coepisti,
877 813 993 884 perfice,

144 922 222 960 sana.

179 996 268 1050 Vsus.
286 998 314 1049 5.
334 1026 369 1034 -
384 994 541 1051 ostendisti.
555 994 649 1062 (Auo.)
660 993 764 1048 Mutato
784 992 862 1047 euim
876 991 994 1047 homine

144 1081 174 1136 iu
191 1082 304 1148 melius,
334 1086 399 1148 etc,
424 1097 510 1152 usque
525 1081 651 1137 adferre
674 1081 790 1134 adversa
806 1095 896 1150 usquc
912 1079 941 1134 iu
956 1078 993 1134 fi-

144 1185 224 1226 nem.
248 1173 336 1226 Dura.
366 1170 464 1236 (Cass.)
483 1170 511 1223 ld
536 1173 588 1236 est,
616 1169 752 1241 temporis
767 1167 906 1234 miserias,
929 1184 994 1239 quae

144 1258 226 1313 nohis
248 1275 299 1329 per
313 1257 482 1312 charitalem
504 1263 570 1312 suut
585 1257 777 1326 delectabiles,
792 1261 821 1311 et
844 1272 897 1327 per
911 1255 993 1310 intir-

144 1347 276 1402 mitalem
302 1346 395 1401 carnis
424 1362 534 1417 graves.
568 1349 646 1415 Vino,
672 1345 701 1400 id
726 1350 778 1412 est,
795 1344 992 1410 tribulatione,

144 1449 201 1504 qua
224 1438 364 1504 purgatur
387 1433 510 1504 patiens,
534 1437 564 1486 ut
579 1434 681 1486 vulurrs
702 1431 792 1486 vino:
815 1432 894 1497 Viuo,
909 1431 992 1503 spiri-

1050 816 1124 880 raut,
1141 817 1169 866 et
1195 829 1310 867 omnem
1336 813 1483 868 laesionem
1497 819 1643 869 avertunt.
1661 815 1695 869 lu
1713 815 1831 880 saecula,
1846 831 1900 870 non

1048 916 1125 955 riuus
1135 902 1222 955 bomo
1238 918 1329 972 usque
1343 901 1374 955 iu
1390 903 1504 969 saecula,
1516 903 1565 957 scd
1579 903 1720 973 Ecclesia,
1737 919 1804 974 quae
1815 921 1899 976 usque

1049 989 1085 1043 ad
1113 989 1201 1044 finem
1226 989 1325 1044 mundi
1349 990 1450 1044 accolit
1486 995 1573 1057 terre,
1599 995 1629 1045 et
1663 1007 1820 1063 nunquam
1842 1009 1899 1048 era·

1049 1077 1161 1133 dicatur
1170 1093 1223 1148 per
1236 1078 1364 1132 adversa.

1084 1167 1171 1222 Vsus.
1189 1168 1214 1220 6.
1231 1195 1266 1206 -
1282 1168 1416 1232 Quoniam
1428 1169 1468 1236 tu,
1483 1169 1552 1222 Deus
1561 1181 1646 1235 meus,
1676 1166 1824 1223 exaudisti
1844 1184 1899 1224 oro·

1048 1256 1157 1320 tionem,
1181 1259 1235 1309 etc.
1262 1254 1358 1326 (ibid.)
1383 1255 1558 1325 Diepsalma.
1584 1257 1648 1311 iam
1673 1255 1777 1311 audita
1793 1257 1829 1312 dc
1848 1258 1899 1313 ha·

1047 1343 1169 1398 realitate
1184 1343 1283 1399 habitu
1310 1343 1352 1397 rel
1374 1343 1517 1408 habenda,
1541 1344 1679 1412 affirmat,
1714 1345 1794 1400 unde
1809 1345 1899 1401 laudes

1046 1431 1200 1501 promittit.
1229 1432 1347 1486 Dedisti.
1366 1432 1423 1487 Nec
1448 1433 1551 1501 dicam,
1575 1432 1681 1489 dabis:
1712 1434 1789 1488 adeo
1814 1441 1899 1489 certus

145 1523 226 1586 tuali‚
241 1523 318 1576 uude
333 1538 390 1575 nou
407 1521 483 1583 vitia,
498 1522 545 1575 scd
561 1521 747 1591 compunctio
1048 1535 1121 1586 sum,
1136 1519 1286 1590 quasijam
1300 1535 1390 1574 essem
1406 1519 1436 1574 iu
1447 1519 1520 1590 ipsa.

180 1611 306 1666 Vsusb.
327 1611 474 1664 -drcus
495 1613 589 1680 (buu.)
615 1609 725 1673 Quanto
759 1607 913 1678 plusrctro
931 1613 993 1661 teu·
1085 1608 1250 1662 Vsus.7.-
1273 1607 1336 1661 Dies
1359 1623 1440 1677 super
1467 1608 1533 1662 dies.
1562 1607 1657 1680 (Aua)
1687 1608 1836 1680 Quidquid
1863 1611 1898 1664 sis

144 1699 231 1764 ditur,
261 1703 340 1752 tauto
368 1698 557 1767 impetuosius
571 1698 674 1768 sagitta
696 1697 726 1750 iu
741 1696 949 1767 priorafertur,
962 1695 992 1749 id
1048 1694 1118 1749 dicis
1133 1695 1168 1748 de
1195 1696 1365 1763 aeternitate,
1389 1702 1454 1762 etc,
1471 1711 1555 1766 usque
1574 1696 1675 1752 adsed
1699 1702 1828 1768 regnent
1841 1715 1898 1752 curu

144 1790 196 1847 est,
218 1785 430 1855 quantomagis
446 1784 738 1854 ditierturjudicium,
770 1790 848 1839 tanto
879 1783 994 1856 gravius
1047 1782 1097 1837 illo
1108 1783 1198 1836 sarrcti
1214 1782 1245 1836 in
1261 1787 1412 1839 aternum.
1428 1785 1478 1838 Vel
1495 1784 1575 1840 dabis
1589 1784 1794 1840 hereditatem.
1808 1786 1898 1856 (Cass.)

144 1877 364 1927 renturumest.
382 1875 414 1927 Et
443 1874 600 1928 liberentur.
618 1877 718 1941 (Cass.)
741 1872 929 1945 [iiupsalmus.
955 1873 992 1926 lie
1047 1869 1125 1924 Hauc
1148 1868 1262 1936 scilicet,
1288 1870 1356 1941 quia
1384 1887 1471 1942 super
1497 1871 1568 1940 dies,
1596 1872 1703 1927 Christi
1723 1879 1796 1938 etc.,
1823 1888 1900 1942 usque

144 1960 315 2015 liberatione
341 1975 427 2030 quam
457 1967 591 2030 precatur
604 1965 632 2015 et
656 1960 826 2028 aliirruatur,
851 1977 903 2032 pro
936 1977 992 2031 qua
1046 1958 1164 2029 adquia
1183 1974 1229 2012 rex
1253 1959 1301 2012 ille
1328 1965 1478 2030 permanet
1503 1959 1705 2027 iuaetcrnum,
1730 1960 1776 2016 sic
1802 1966 1832 2016 ct
1852 1961 1897 2015 illi.

144 2052 233 2116 grata
249 2053 315 2101 sunt
328 2049 537 2118 percussiones.
1046 2045 1263 2100 Misericordiam
1275 2051 1300 2100 et
1312 2050 1461 2101 ueritatem.
1487 2048 1580 2118 (huo.)
1606 2049 1840 2104 Misericordiam
1852 2055 1895 2115 ast

180 2135 266 2190 Vsus.
290 2140 316 2190 7.
343 2165 374 2175 -
400 2137 518 2190 beatem
546 2141 602 2190 tuo.
630 2137 722 2204 (buu.)
752 2137 788 2192 Ut
822 2141 929 2190 stemus
957 2134 993 2189 ad
1045 2134 1185 2206 quianon
1208 2134 1326 2202 meritis,
1343 2135 1536 2190 sedbouitate
1564 2141 1680 2205 peccata
1701 2137 1840 2204 dimittit,
1863 2142 1893 2202 el,

144 2224 300 2292 dexteram,
325 2229 389 2290 etc,
409 2240 493 2294 usqae
520 2225 558 2278 ad
584 2225 619 2279 de
644 2225 835 2279 terrenisuou
864 2223 991 2278 uisiuti-
1044 2222 1130 2276 vitam
1146 2222 1298 2293 promittit.
1318 2225 1437 2293 Veritas,
1469 2224 1610 2296 quianon
1634 2225 1720 2291 fallit,
1738 2227 1794 2282 sed
1815 2228 1893 2283 reddit

143 2314 221 2368 liter.
1045 2310 1281 2382 quodpromisit.
1308 2312 1524 2368 Misericordiam
1554 2314 1635 2385 sequi
1662 2314 1812 2371 debemus
1834 2317 1893 2371 circa

179 2403 260 2456 Vuae.
286 2404 311 2456 8.
337 2429 374 2442 —
401 2403 473 2456 Deus
498 2403 601 2456 loeutus
630 2406 679 2457 cst.
704 2400 797 2468 (ibid.)
819 2399 992 2456 Hacliducia
1044 2399 1174 2453 infirmos
1203 2402 1232 2453 et
1270 2399 1343 2454 circa
1368 2399 1509 2455 inimicos.
1546 2403 1704 2471 Veritatem,
1750 2419 1814 2459 non
1838 2420 1894 2476 poc·

144 2505 309 2562 oro,quam
334 2491 408 2544 Deus
420 2490 449 2544 iu
474 2490 584 2545 Christo
599 2491 739 2562 promisit,
756 2495 822 2555 etc..
848 2490 993 2560 usquead
1045 2487 1148 2555 cando,
1173 2487 1371 2558 utsitjustus.
1402 2489 1500 2560 (Cass.)
1515 2492 1738 2546 Misericordiam
1756 2498 1785 2547 et
1804 2496 1895 2547 uerita

143 2595 195 2633 vor
211 2585 254 2633 est
284 2578 436 2633 Ecclesia:
465 2579 596 2633 Laetabor.
630 2580 787 2635 sichimam.
821 2579 992 2649 Interpreta-
1045 2574 1226 2629 temlisthic
1241 2576 1385 2629 conclusio
1400 2577 1513 2646 psalmi,
1528 2582 1592 2643 etc,
1610 2592 1697 2649 usque
1712 2578 1774 2635 ud:
1789 2583 1898 2649 quiere-

141 2669 317 2733 turbameri,
344 2667 438 2735 idest,
461 2683 533 2721 ouras
555 2667 669 2735 Christi,
685 2674 751 2733 etc,
768 2682 852 2735 usque
875 2667 912 2721 od
941 2666 990 2720 alii
1043 2665 1133 2733 quiret
1148 2663 1302 2733 ecimus.)
1330 2664 1363 2718 lit
1387 2681 1441 2718 uon
1471 2666 1899 2738 quaeratuliquisdiscerehaec

138 2756 241 2827 jugum
285 2756 387 2811 Christi
418 2756 521 2810 icrunt.
544 2757 695 2813 Connoiiem
726 2755 988 2810 tabernaculorum:
1043 2750 1073 2806 in
1089 2751 1179 2816 libris,
1196 2757 1303 2822 etpost
1318 2752 1371 2807 sihi
1388 2753 1469 2823 vivat,
1488 2755 1608 2810 nonilli.

139 2851 258 2916 propter
281 2860 347 2898 ores
361 2844 446 2898 iacob
472 2844 567 2915 signat
586 2845 709 2911 iudaeos,
740 2843 789 2914 qui
813 2844 900 2897 etiam
915 2843 990 2897 divi·
1362 2894 1518 2949 PSALMUS
1529 2895 1582 2950 LXI

142 2933 267 3000 duntur;
286 2932 354 3003 quia
368 2932 417 2986 alii
433 2933 562 2997 credaut,
580 2933 626 2986 alii
641 2948 708 3000 nou,
726 2931 820 2997 idest,
836 2931 870 2986 de
883 2931 990 2986 iudaeis
1009 2934 1029 2989 C

142 3020 252 3075 habebo
267 3037 325 3075 uon
342 3036 458 3091 paucos.

175 3110 259 3165 Vsus.
276 3112 301 3164 9.
314 3138 350 3150 -
364 3111 511 3164 Manosscs.
528 3107 623 3175 (ibid.)
650 3107 708 3174 Vel,
736 3109 876 3162 Manassae
898 3107 991 3161 omnis

141 3197 189 3251 illc
199 3197 260 3267 qui,
275 3197 380 3252 oblitus
394 3197 500 3267 prioris
514 3197 590 3263 vitae,
608 3202 673 3261 etc,
689 3194 843 3264 usquead:
860 3199 885 3250 et
896 3210 991 3266 oppro-

141 3285 195 3339 brii
223 3285 369 3339 viduitatis
385 3290 436 3338 tue
458 3301 512 3339 aare
532 3283 727 3338 recordaberis.
749 3283 892 3352 Ephraim.
920 3284 990 3337 Fru-

141 3372 273 3426 ctilicatio
290 3388 297 3427 ι
313 3373 410 3426 etboec
420 3378 461 3426 esi
473 3372 607 3441 fortitudo
622 3373 732 3440 eapitis,
749 3371 843 3437 idest,
861 3371 966 3426 Clrrisli
982 3389 988 3426 :

1080 3017 1160 3071 Vsus.
1192 3020 1216 3071 l.
1234 3046 1269 3055 —
1289 3016 1324 3070 In
1347 3019 1427 3086 (inem
1446 3033 1496 3087 pro
1521 3019 1644 3075 idithun.
1657 3021 1760 3094 (Auo.)
1790 3025 1896 3081 traua.

1046 3105 1122 3173 lions,
1133 3104 1232 3159 videns
1246 3109 1289 3158 tot
1307 3107 1497 3172 occurrentia,
1529 3107 1585 3161 lieo
1601 3124 1631 3161 se
1666 3109 1781 3178 subdit,
1797 3113 1847 3183 qui
1860 3114 1895 3167 al·

1045 3194 1101 3248 tior
1115 3210 1163 3261 eo;
1187 3200 1215 3248 et
1242 3193 1427 3249 irrlerioribus
1440 3212 1479 3262 se,
1496 3196 1578 3266 quasi
1605 3197 1641 3251 dc
1656 3198 1718 3253 alto
1747 3202 1894 3272 respondet

1045 3282 1233 3353 increpando.
1262 3283 1438 3351 Transiiiens,
1464 3284 1568 3339 invidis
1594 3286 1763 3357 respondet,
1780 3290 1893 3344 roleuli·

1045 3370 1098 3426 bars
1114 3370 1255 3441 decipere.

142 3474 265 3529 granum
278 3458 356 3514 enim
373 3459 498 3514 moriens
522 3460 655 3515 virtutem
678 3459 749 3514 inse
764 3459 860 3526 habet,
884 3465 916 3514 ut
930 3459 991 3514 iru-

140 3551 218 3601 ctum
234 3546 348 3602 faceret.

176 3636 256 3689 Vnus.
289 3636 330 3689 l0.
358 3665 393 3675 —
416 3635 495 3692 Moab
524 3635 578 3690 alia
605 3637 663 3704 spei
687 3649 760 3691 moe.
787 3635 882 3706 (ibid.)
912 3635 989 3690 Filia·
1045 3650 1141 3689 manus
1166 3635 1314 3704 peccatoris
1328 3651 1382 3690 non
1405 3643 1575 3695 moueatme.
1601 3642 1656 3695 Deo
1670 3640 1800 3711 subjectu
1824 3660 1891 3699 sem·

141 3725 214 3778 mele
229 3728 341 3778 utentes
356 3727 445 3794 patre,
469 3730 535 3788 etc,
547 3738 631 3792 usquo
645 3723 682 3778 ad
694 3739 760 3778 cum
774 3724 896 3779 charitas
910 3725 990 3780 ardet
1045 3739 1106 3792 per,
1122 3721 1162 3776 nil
1189 3729 1294 3794 praeter
1309 3739 1376 3779 eum
1400 3725 1527 3796 cupiens.
1541 3726 1602 3780 Erit
1617 3727 1752 3800 quidem,
1782 3731 1851 3803 quia
1863 3732 1890 3787 ab

140 3816 240 3866 contre
251 3812 339 3867 ollam
352 3812 523 3883 iniquitatis.
544 3812 642 3880 (Cass.)
662 3813 741 3867 Moab
764 3813 818 3868 otta
832 3813 891 3882 spei
915 3828 986 3867 meae.
1044 3814 1103 3880 ipso
1118 3812 1238 3865 salutare
1265 3828 1362 3878 mcum,
1387 3829 1403 3866 a
1432 3815 1514 3868 Patre
1545 3814 1634 3870 Filius
1660 3822 1765 3873 auctor
1790 3820 1889 3888 salutis,

140 3901 189 3955 Vel
204 3916 257 3971 per
267 3900 357 3968 Moab,
374 3906 438 3968 etc,
456 3916 541 3971 usque
555 3901 592 3956 ad
605 3902 681 3955 uude
692 3917 756 3973 spes
769 3901 839 3956 mihi
855 3902 920 3956 ritae
935 3907 986 3958 est.
1045 3898 1114 3970 quia
1129 3903 1157 3952 el
1172 3899 1255 3966 Deus,
1272 3916 1308 3955 ue
1324 3900 1419 3955 minor
1437 3907 1563 3972 putetur.

140 3989 566 4062 (iireas.)0lia,uude:0tlam
584 3991 898 4058 succensomepovidea
921 3995 987 4057 etc,
1078 3987 1163 4041 Vens.
1181 3987 1207 4042 4.
1224 4017 1258 4027 —
1286 3989 1427 4058 Quousque
1450 3992 1559 4046 irruitis
1596 3990 1693 4066 (ibid.)
1708 3995 1774 4067 vet,
1799 4013 1888 4053 secuu-

1079 3458 1159 3513 Vsus.
1190 3462 1216 3513 2.
1247 3488 1279 3499 -
1302 3461 1409 3516 Monac.
1445 3460 1539 3531 (ibid.)
1567 3462 1626 3516 lloc
1651 3467 1708 3531 cst,
1735 3470 1892 3521 nonumiat

1044 3547 1114 3601 milri
1126 3561 1172 3616 pes
1186 3547 1328 3617 superbie.
1351 3549 1409 3604 Non
1428 3549 1551 3604 monebor
1563 3551 1697 3619 amplius,
1727 3553 1784 3608 hoc
1808 3560 1892 3622 estet

139 4078 275 4149 usquead
290 4094 297 4133 :
312 4077 354 4132 Ab
370 4078 419 4132 illo
435 4093 503 4148 crgo
517 4078 733 4134 tribulationum
754 4078 811 4133 olla
822 4077 853 4133 iu
865 4079 988 4133 Ecclesia
1044 4075 1113 4130 dum
1136 4075 1222 4130 aliam
1249 4076 1393 4134 litteram:
1424 4080 1567 4151 Quousque
1595 4086 1752 4154 apponitis,
1773 4091 1804 4141 et
1822 4087 1888 4143 iden

138 4167 250 4231 pbullit,
1043 4180 1153 4221 seusus.
1176 4168 1334 4237 Appouuut
1358 4167 1435 4223 enim
1448 4169 1515 4223 mali
1529 4184 1611 4240 super
1625 4172 1774 4246 homiaem,
1791 4174 1821 4232 ia
1844 4180 1886 4244 cst

174 4257 255 4309 Vnus.
279 4257 321 4309 ll.
350 4283 385 4295 -
403 4254 544 4312 Civitatem
560 4256 702 4309 munitam.
730 4253 828 4323 (Cass.)
851 4255 986 4310 Futurum
1041 4269 1127 4323 super
1143 4254 1304 4324 Ecclesiam,
1339 4271 1427 4311 onere
1443 4257 1608 4328 passionum
1625 4263 1790 4336 :utusque
1812 4264 1843 4320 iu
1859 4264 1885 4319 l·

137 4344 305 4399 ierusalem.
331 4344 363 4396 in
377 4343 535 4411 idumaeam,
551 4342 580 4396 id
606 4346 763 4414 estusque
788 4344 821 4398 ed
846 4348 987 4410 terrenos,
1042 4357 1109 4397 nem
1130 4341 1250 4413 impleat
1273 4343 1395 4416 quisque
1424 4343 1515 4401 tidelis
1534 4346 1567 4401 in
1589 4363 1713 4419 corpore
1739 4368 1796 4408 suo
1824 4351 1885 4426 qual

139 4435 171 4485 ut
183 4430 302 4501 impleto
315 4446 435 4485 numero
450 4429 536 4484 simul
551 4429 585 4484 ab
608 4428 950 4485 beatitudiuemvouiret.
1042 4430 1122 4485 deest
1142 4429 1308 4501 passionum
1336 4432 1449 4489 Christi.
1477 4436 1602 4491 Universi
1623 4451 1681 4493 uos.
1714 4440 1819 4513 (Cass.)
1838 4441 1884 4505 tu,

174 4520 260 4573 Vnus.
278 4521 323 4574 12.
337 4548 372 4558 -
391 4519 451 4574 Non
465 4517 624 4585 earedioris.
641 4520 744 4585 (ilua).
762 4517 817 4573 Sed
827 4518 905 4573 iulus
921 4534 987 4589 ope·
1041 4518 1290 4574 secundumaliam
1304 4520 1449 4576 litteram:
1465 4522 1559 4579 Omnes
1569 4539 1630 4594 ros,
1641 4527 1728 4596 quasi
1738 4542 1885 4586 rosomncs

138 4605 258 4672 raberis,
278 4609 306 4659 et
332 4604 490 4659 sicmelius
516 4604 647 4670 deducet,
663 4605 732 4675 quia
747 4603 914 4660 sicvidetur
929 4621 987 4660 nou
1041 4603 1201 4660 interficitis
1231 4606 1380 4662 homiuem
1396 4608 1489 4676 illum,
1514 4614 1654 4680 quantum
1680 4615 1719 4670 ad
1733 4616 1883 4680 hominen,

139 4710 192 4766 pro
208 4692 360 4765 temporali
373 4693 430 4747 vita
450 4709 592 4763 pugnare,
607 4692 655 4746 sed
668 4708 722 4763 pro
737 4693 842 4747 futura.
1041 4709 1100 4748 non
1130 4709 1218 4749 omncs
1247 4711 1348 4762 unum,
1377 4697 1426 4751 sed
1455 4697 1622 4766 Ecclesiam3
1647 4703 1700 4758 sed
1728 4706 1799 4777 quis
1826 4708 1884 4763 beas

446 4781 599 4836 Psatutts
629 4780 681 4837 tx.
1041 4789 1188 4853 susceptor
1215 4799 1275 4839 uon
1298 4785 1445 4841 movebor.
1477 4784 1569 4857 (huo.)
1598 4789 1760 4863 Quousque,
1790 4812 1809 4851 a
1832 4809 1884 4850 san·

176 4873 256 4926 Vsus.
287 4873 314 4925 3.
330 4901 365 4910 -
390 4871 513 4927 Clamant
542 4870 607 4925 dum
630 4873 803 4925 anxiaretur.
826 4870 925 4936 (mss.)
955 4871 987 4924 ln
1041 4871 1129 4943 quine
1159 4871 1238 4938 libel,
1264 4876 1328 4939 etc..
1361 4889 1446 4944 usque
1471 4875 1509 4929 ud
1537 4891 1595 4930 uon
1614 4877 1727 4934 scilicet
1755 4883 1833 4955 quod
1852 4882 1883 4936 ast

140 4960 291 5024 anxietate,
309 4962 375 5022 etc..
401 4958 542 5029 usquead
562 4957 692 5029 sequitur
705 4957 839 5012 clamoris
853 4956 987 5012 exaudito
1040 4960 1173 5027 fundator
1196 4961 1358 5017 attissimus.
1386 4965 1419 5017 in
1446 4964 1588 5019 bominem.
1624 4965 1730 5039 (Cass.)
1747 4971 1782 5026 in
1796 4985 1883 5043 eorpus

139 5049 171 5104 in
198 5053 279 5120 patra
299 5047 419 5103 Christo.
443 5048 584 5103 Mcaitosti
604 5063 655 5103 me.
685 5050 783 5114 (Aac.)
800 5047 837 5101 lie
860 5046 918 5100 imo
941 5046 987 5100 ri·
1041 5053 1166 5119 potestas
1193 5049 1275 5104 vobis
1303 5049 1370 5104 data
1390 5055 1442 5119 est,
1465 5051 1570 5105 nonin
1603 5052 1743 5112 animam.
1777 5059 1882 5115 inseiis.

139 5137 257 5193 tiorum.
289 5135 389 5202 (Cass.)
417 5136 449 5189 lit
472 5135 626 5190 exaltatum
658 5134 812 5190 deduxisti.
839 5135 933 5203 (Anu.)
956 5136 988 5190 la
1042 5137 1105 5192 Nou
1127 5137 1238 5204 leviter,
1269 5138 1318 5193 sed
1357 5137 1518 5193 interficitis
1559 5139 1768 5215 innocentem
1791 5145 1881 5220 puuu

138 5230 227 5295 petra,
253 5228 282 5279 et
309 5224 375 5279 ideo
398 5238 458 5278 non
489 5224 769 5290 circumlocutione·
784 5239 790 5277 :
808 5239 860 5293 per
889 5239 987 5278 exem·
1042 5226 1120 5296 quod
1139 5225 1200 5279 sine
1218 5225 1366 5280 defensore
1388 5226 1435 5294 sit,
1450 5231 1479 5283 ei
1503 5227 1578 5297 quod
1603 5228 1689 5285 iacilc
1713 5234 1879 5299 corruatrl

140 5313 221 5384 plum
249 5311 332 5365 istius
357 5327 463 5382 magua
490 5326 555 5381 spes
570 5310 705 5366 audiendi
732 5315 886 5381 praestatur
912 5312 985 5367 aliis.
1041 5313 1135 5383 paries
1162 5312 1327 5384 inclinatus,
1345 5313 1395 5386 qui
1410 5315 1497 5369 ctiam
1521 5330 1581 5370 non
1599 5316 1749 5390 impulsus
1772 5324 1877 5380 adem

140 5400 289 5456 Deduaisti
298 5398 396 5472 (ibid.)
411 5414 463 5466 me,
478 5414 530 5470 por
541 5404 570 5454 te
596 5401 685 5466 uiam,
700 5399 736 5454 ad
750 5404 779 5454 te
799 5401 940 5454 veritatem
962 5402 988 5455 et
1041 5403 1078 5457 Mt
1096 5404 1177 5470 quasi
1193 5404 1322 5470 maceria,
1339 5418 1403 5474 quae
1417 5407 1461 5460 est
1483 5406 1658 5462 constructio
1683 5425 1820 5469 saxorum
1832 5412 1878 5467 sine

139 5491 235 5544 uitam.
1042 5487 1179 5558 ligamine
1207 5489 1356 5560 coementi;
1391 5496 1420 5548 et
1447 5508 1483 5549 nc
1499 5492 1609 5567 deipss
1621 5498 1755 5558 novitate
1776 5501 1876 5559 urum
