3892 6106
127 249 177 307 lib
424 246 620 305 wltathtbt
639 247 762 304 sanast
784 245 882 302 FULD.
905 246 985 302 ΜΘΝ.
1012 245 1092 302 ΟΡΡ.
1115 246 1202 303 PARS
1225 247 1247 303 l.
1269 275 1303 287 -·
1322 246 1548 306 Tfluouaatca.
1822 254 1879 310 stt

163 375 290 429 mainus
316 375 398 444 Deus,
423 377 477 427 etc.
498 369 598 441 (Oura.)
622 370 685 424 Alia
701 369 862 439 littera,etc
889 368 1011 439 usqueh
1030 368 1136 423 relatos
1171 369 1266 424 oculos
1292 370 1353 441 ejus
1379 386 1450 437 esse,
1466 371 1534 443 qaia
1559 371 1653 445 potuit
1680 373 1775 429 ridere
1803 377 1880 448 quad

128 460 166 515 ad
179 461 241 533 (qui
258 463 379 517 luctatus
392 466 435 516 est
448 465 475 514 et
486 458 561 531 vicit)
575 458 704 530 accipiet.
1030 457 1111 512 sidit.

160 552 320 619 litclaaqar
347 551 466 605 uictoria
490 550 563 618 repis
580 548 670 601 inille
706 545 873 600 humaniue
900 561 974 617 proe-
1065 547 1149 614 cujus
1172 546 1326 611 obturatus,
1350 552 1403 602 etc.
1432 530 1882 618 (Rau.)0uiainsausuiscla11·

124 638 256 703 cationis,
272 654 329 710 qua
344 637 373 692 in
391 637 475 693 nabis
490 652 552 705 rex,
568 635 595 690 id
612 639 653 690 est
673 633 809 696 Christus,
825 633 973 689 diabolum
1028 632 1068 689 sis
1093 635 1236 707 corporeis
1265 635 1354 690 aculis
1377 638 1506 708 angelico
1528 639 1687 694 ministerio
1713 640 1776 695 haec
1799 641 1881 698 vidit.

123 725 293 798 triumphat.
761 747 764 753 ¹
1029 723 1130 779 Oculos
1155 739 1222 778 sero
1250 724 1355 779 mentis
1380 724 1484 796 partim
1511 725 1596 781 habet
1626 732 1753 798 aperias,
1773 731 1882 804 partim

159 816 244 870 Vens.
263 817 311 871 tt.
331 845 364 855 -
396 815 467 870 Deus
484 813 581 868 educit
609 828 677 867 eum.
694 811 758 880 (lo.)
785 811 847 866 ntia
868 810 972 876 littera,
1028 812 1146 874 clausas,
1168 811 1218 883 qai
1239 812 1373 882 mysteria
1392 811 1489 867 futura
1513 813 1651 884 agnoscit,
1677 815 1728 872 sed
1751 832 1881 874 errorem

124 917 208 973 usquc
237 902 274 957 ad
299 902 513 957 transformabit
540 916 643 972 carpus
671 899 841 955 humilitatis
868 905 972 953 nostrae
1027 914 1085 955 non
1099 900 1225 971 corrigit.
1242 899 1287 955 Sic
1301 900 1394 972 iniqui
1416 901 1494 955 aliud
1509 902 1636 968 scientia,
1654 902 1732 959 aliud
1750 906 1881 962 moribus

124 990 269 1046 conforme
284 991 398 1062 corpori
414 990 513 1062 gloriae
527 1006 597 1044 suas.
1027 992 1138 1060 agunt:
1155 987 1232 1041 siud
1248 1004 1307 1056 ore,
1323 986 1400 1043 aliud
1413 1004 1500 1060 opere
1516 990 1681 1046 ostendunt.
1706 1044 1716 1065 ‚

158 1080 242 1149 sajus
269 1080 415 1147 tortitudo.
443 1079 553 1150 Cujus?
575 1077 689 1134 Christi.
717 1077 804 1147 Cujus
831 1076 971 1149 quidquid
1061 1077 1142 1131 l'eas.
1160 1079 1185 1130 5.
1209 1108 1242 1117 -
1263 1077 1348 1144 Quam
1364 1077 1492 1148 pulchra.
1522 1077 1623 1151 (Onia,
1646 1080 1717 1136 lom.
1741 1080 1796 1151 tt.)
1814 1082 1876 1138 Alia

122 1172 174 1237 est,
204 1183 297 1222 uuum
322 1183 410 1222 cornu
431 1171 483 1232 est,
501 1167 529 1221 id
553 1171 702 1220 eetunum
728 1181 860 1236 regnum,
890 1165 971 1236 cujus
1026 1165 1132 1233 littera,
1154 1171 1217 1231 etc,
1234 1167 1371 1234 usquead
1387 1171 1419 1222 ut
1440 1182 1559 1222 nemora
1580 1167 1756 1237 umbrantia,
1782 1175 1874 1242 ulpe-

122 1255 213 1325 gloria
226 1263 269 1310 est
289 1255 446 1327 spiritualis
461 1255 556 1310 lsrael.
580 1255 643 1325 lpse
656 1253 732 1308 enirn
749 1253 806 1307 sit:
824 1251 919 1323 Pater,
935 1252 972 1307 da
1026 1254 1112 1309 redisi
1123 1270 1209 1325 super
1223 1252 1355 1319 flumina,
1369 1259 1422 1309 etc.
1773 1249 1777 1255 ’

123 1344 181 1400 illis
197 1350 227 1399 ut
241 1348 312 1400 sicut
326 1361 373 1414 aaa
387 1349 413 1400 et
428 1349 455 1399 tu
470 1359 553 1399 unum
574 1357 677 1412 sumus,
701 1344 743 1397 ita
755 1343 785 1396 iu
799 1342 876 1397 nabis
888 1357 971 1396 unum
1063 1343 1143 1398 Vens.
1164 1344 1190 1397 6.
1207 1373 1240 1383 -
1258 1344 1292 1397 Ut
1314 1344 1397 1398 rralles
1419 1358 1572 1399 nemorosae.
1596 1345 1700 1418 (Oura)
1727 1345 1794 1412 Alii,
1810 1353 1877 1413 etc,

122 1435 177 1488 sint
195 1434 386 1504 (decursu).
1024 1430 1161 1502 usquead
1175 1430 1244 1485 etin
1259 1430 1388 1486 doctrina
1412 1447 1512 1488 carram
1536 1433 1618 1504 quasi
1636 1433 1803 1490 incedentes
1826 1453 1878 1508 per

158 1523 238 1577 less.
263 1525 307 1576 tl.
331 1553 363 1562 -
387 1524 447 1578 Nau
469 1527 508 1576 est
531 1522 677 1590 capucium
698 1522 727 1574 in
749 1519 839 1574 Jacob.
865 1518 969 1585 (Onia,
1025 1535 1113 1591 opace
1127 1535 1278 1574 nemorum
1295 1519 1481 1576 delectantur.

123 1610 192 1666 bam.
221 1614 262 1666 ld.
279 1614 309 1666 in
322 1611 414 1680 Num.)
435 1610 496 1665 illie
511 1609 615 1679 littera,
636 1613 701 1674 etc,
725 1607 859 1677 usquead
877 1623 1007 1716 nequeR
1064 1609 1097 1663 tlt
1111 1609 1272 1678 inartijoacta
1290 1610 1386 1677 fluuios
1404 1609 1590 1679 scriptitas.)
1608 1609 1672 1664 Alia
1685 1610 1794 1678 littera,
1810 1622 1876 1680 etc,

91 1727 93 1732 ,
122 1697 259 1754 divinatio
271 1700 298 1753 in
317 1698 411 1755 lsrael.
427 1698 581 1770 Sequitur:
1026 1712 1111 1768 usque
1125 1697 1162 1751 ad
1176 1696 1205 1750 iu
1219 1697 1402 1752 tabernaculo
1418 1699 1519 1752 merita
1533 1699 1638 1753 dicitur
1650 1698 1790 1756 habitare.

157 1789 328 1853 Intumuere
350 1787 566 1854 diceturJacob,
591 1791 616 1840 ct
634 1785 732 1841 Israeli
754 1783 827 1854 quod
852 1786 972 1854 perficiet
1062 1785 1151 1843 Codri.
1181 1785 1233 1841 Dei
1259 1786 1376 1852 scilicet,
1394 1802 1458 1857 quae
1478 1787 1637 1858 suscipiunt
1656 1788 1790 1860 palmites
1813 1790 1877 1844 ritis

123 1877 210 1931 neus:
227 1875 313 1930 idest
336 1891 400 1930 cum
423 1880 547 1946 oportet,
574 1890 638 1928 curn
668 1872 790 1945 expedit,
806 1878 872 1941 etc,
887 1888 972 1943 usque
1027 1873 1061 1928 de
1077 1872 1198 1946 Egypto
1219 1873 1381 1929 translatae:
1406 1875 1434 1929 ia
1456 1875 1559 1946 quihus
1584 1877 1738 1947 requiescit
1753 1877 1801 1932 ille
1817 1878 1876 1933 lur-

21 1951 24 1956 *
121 1965 159 2019 ad
182 1980 247 2035 quae
266 1965 373 2035 lluyses
400 1964 454 2034 (his
481 1963 565 2019 credo
589 1962 624 2018 de
652 1961 753 2031 causis)
781 1961 890 2016 vacavit
914 1961 972 2015 uu-
1026 1962 1576 2035 ctus,cujusumbraoperuitmontes.

122 2054 238 2108 munda.
1062 2050 1161 2122 lOasa.)
1181 2051 1243 2106 lllia
1270 2051 1372 2119 littera,
1399 2056 1464 2121 etc,
1488 2052 1626 2122 usquead
1646 2053 1875 2109 etnovissimum

157 2144 190 2199 ln
209 2143 308 2196 lsrael.
330 2141 383 2207 uui
406 2157 458 2213 per
482 2140 548 2196 lidei
572 2140 726 2212 pluritatem
747 2144 776 2194 et
797 2138 969 2194 munditiam
1024 2139 1173 2194 inimicum
1187 2139 1313 2194 destruat
1326 2144 1459 2194 martem.

124 2231 227 2284 mentis
252 2230 329 2283 ridet
354 2230 457 2295 Deum,
485 2245 536 2284 nec
561 2228 656 2299 ipsum
683 2228 797 2282 Balaam
820 2227 970 2298 reciperet,
1059 2228 1139 2283 Vens.
1156 2231 1180 2283 8.
1196 2260 1229 2268 -
1245 2228 1352 2284 diducit
1375 2229 1510 2284 illumde.
1539 2230 1613 2284 Deus
1630 2230 1728 2286 eduxit
1749 2247 1815 2286 eum
1841 2248 1875 2287 ex

123 2318 171 2373 sed
188 2319 304 2373 verbum
321 2319 396 2390 quad
422 2319 510 2373 Derim
535 2317 633 2389 posuit
647 2317 676 2371 in
698 2332 747 2371 are
762 2317 823 2388 ejas
835 2330 970 2388 respuere
1024 2315 1147 2388 AEgypto
1171 2322 1233 2390 past
1259 2322 1382 2372 mortem
1409 2317 1516 2372 scilicet
1544 2318 1673 2387 Herodis,
1704 2320 1801 2377 unde:
1831 2323 1874 2376 Ec

121 2423 180 2464 non
203 2408 289 2462 audet
316 2408 374 2462 Nisi
391 2406 466 2461 euim
483 2406 600 2460 verbum
616 2420 632 2459 a
646 2405 704 2459 lieo
720 2409 803 2470 esset,
824 2420 882 2458 nau
900 2401 969 2458 illud
1023 2406 1148 2476 AEqppto
1172 2408 1267 2461 uocaus⁸
1293 2406 1393 2461 Filium
1419 2405 1501 2476 (Osee.
1532 2410 1580 2477 xil.
1597 2407 1678 2472 Quod
1693 2426 1727 2463 ex
1743 2410 1796 2464 hac
1812 2410 1873 2464 loco

120 2497 228 2551 tumulo
254 2513 305 2551 sua
329 2496 416 2568 btaysi
439 2494 537 2566 procul
563 2493 684 2561 absenti,
700 2508 764 2548 cum
782 2491 896 2548 Balaam
909 2491 970 2547 haec
1022 2493 1136 2548 ridetur
1162 2500 1340 2566 assumptum
1363 2497 1393 2549 et
1418 2494 1571 2566 Evangelia
1599 2495 1741 2551 insectum
1766 2499 1809 2553 vel
1837 2498 1872 2553 de

118 2585 236 2649 diceret,
251 2585 409 2640 revelasset.
1023 2581 1093 2638 Osce
1108 2582 1261 2654 propbeta.

155 2676 235 2730 lans.
264 2677 307 2729 tl.
336 2676 462 2729 —Ecce
488 2674 613 2744 papinius,
644 2670 786 2727 etcAlii:
813 2670 968 2726 Ecccsicut
1059 2672 1124 2726 l‘ost
1161 2676 1282 2725 mortam
1320 2671 1448 2737 Herodis,
1475 2672 1530 2735 vel,
1561 2671 1596 2726 de
1626 2672 1742 2738 saeculo,
1772 2674 1871 2730 eduxit

119 2765 225 2818 catulus
251 2764 334 2818 teonis
355 2767 494 2831 casuraet,
508 2767 532 2815 et
555 2763 627 2815 sicut
641 2761 680 2814 lea
703 2758 858 2814 exsultabit.
882 2757 967 2812 Catu·
1021 2758 1104 2814 illum
1120 2761 1204 2815 Pater
1218 2759 1252 2816 ad
1275 2759 1473 2831 semetipsum,
1497 2760 1617 2815 utuiam
1634 2762 1739 2817 laceret
1762 2762 1870 2836 eisqui

118 2849 163 2904 lus
175 2850 253 2905 enim
272 2853 324 2917 est,
339 2865 404 2903 curn
422 2863 515 2920 nuper
533 2848 623 2919 geniti
647 2847 770 2902 inientes
785 2843 968 2900 rationabiles
1021 2847 1056 2904 de
1070 2848 1242 2904 boemundo
1255 2849 1399 2903 ascensuri
1416 2854 1497 2904 erant
1511 2850 1544 2904 sd
1563 2850 1662 2905 berum.

117 2937 260 2993 sinedala
282 2936 326 2993 lac
353 2936 515 3008 accipiunt:
541 2936 586 2991 leo
608 2939 704 2991 aulem
729 2933 870 3001 exsrltans,
900 2943 1001 2999 came
1056 2937 1142 3007 Cujus
1169 2936 1305 3003 fortitudo
1330 2938 1440 2999 similis,
1469 2943 1522 2993 etc.
1543 2937 1645 2994 Omnia
1668 2940 1745 2994 eninr
1762 2939 1871 2996 dema-

116 3027 159 3080 rir
186 3026 332 3098 perlectus'
343 3025 460 3097 deponit
475 3040 540 3096 quae
553 3030 635 3078 erant
649 3022 774 3096 parsuli.
1019 3041 1088 3080 utrm
1104 3042 1192 3097 regna
1206 3026 1355 3098 dejiciens,
1371 3042 1459 3080 ιιιιιιιιι
1476 3042 1560 3082 suum
1574 3043 1695 3099 regnum
1708 3031 1790 3101 quasi
1806 3046 1871 3085 rere

152 3114 255 3187 (Ome.)
270 3115 333 3169 Alia
355 3114 460 3181 littera,
485 3117 642 3182 aleasque
665 3113 703 3167 ad
716 3111 794 3167 dedit
813 3110 843 3164 in
859 3126 889 3164 se
902 3124 963 3164 cre·
1018 3113 1164 3168 unicornis
1191 3114 1320 3171 laudavit
1343 3115 1371 3169 in
1403 3115 1517 3185 gloria:
1543 3131 1632 3171 cornu
1649 3117 1725 3171 enim
1744 3109 1869 3188 regnum

115 3200 248 3257 dentibus
261 3217 366 3257 nomen
382 3201 485 3270 leonis,
500 3206 528 3256 et
542 3199 629 3255 catuli
644 3200 743 3256 leonis.
1017 3201 1170 3274 significat.

153 3297 292 3362 Eripetur.
322 3290 495 3361 Erigeuduru
519 3289 588 3343 dicit
601 3288 741 3360 populum
770 3286 910 3353 laturum,
926 3286 962 3339 de
1051 3291 1227 3348 Dauarabuat
1244 3296 1344 3359 quites,
1370 3297 1423 3346 etc.
1446 3292 1551 3364 (auu,
1580 3293 1629 3347 ubi
1656 3293 1764 3366 supra.)
1793 3295 1868 3352 Edet

114 3403 148 3443 ea
161 3384 238 3440 enirn
254 3397 318 3454 quse
334 3377 458 3445 videbat,
473 3377 599 3447 dixisset,
613 3380 723 3432 erectus
738 3379 789 3430 est.
1013 3384 1103 3447 pentes
1135 3381 1306 3436 inimicarum
1329 3397 1449 3449 suorum,
1482 3385 1507 3436 et
1534 3382 1733 3439 crassitudines
1755 3385 1867 3440 illarum

147 3473 203 3530 Oen
226 3468 380 3525 accubabit.
407 3465 514 3538 (Onia.)
537 3465 600 3520 Alia
626 3464 729 3535 littera,
745 3468 810 3528 etc..
828 3461 962 3535 usquead
1012 3466 1179 3531 medullabit,
1205 3473 1258 3524 etc.
1288 3470 1390 3525 Gentes
1419 3469 1536 3538 scilicet,
1563 3475 1627 3532 etc„
1652 3486 1738 3541 usque
1761 3473 1866 3545 adqui

111 3565 140 3615 et
154 3566 187 3615 ut
199 3561 244 3614 lea
257 3555 411 3612 exsultans.
1011 3554 1201 3629 intelligibilis
1216 3561 1245 3613 et
1259 3564 1371 3613 sanctus
1386 3563 1438 3624 est,
1455 3564 1482 3612 at
1497 3574 1572 3614 unsis
1582 3564 1610 3613 et
1621 3560 1773 3632 multiplex
1792 3560 1864 3618 dici·

145 3649 264 3718 Cumque
288 3645 421 3700 duxisset.
447 3640 548 3714 (Oura.)
565 3641 598 3695 lit
611 3638 764 3711 assumpsit
784 3637 875 3703 Balac,
893 3641 958 3707 etc,
1013 3649 1059 3699 tur
1072 3650 1101 3700 et
1115 3645 1238 3700 subtilis,

110 3735 246 3805 usquead
260 3739 288 3788 at
300 3732 412 3787 deserta
424 3733 492 3785 sunt
506 3730 563 3784 beo
576 3727 701 3799 negotis.
1047 3735 1082 3789 Et
1095 3735 1273 3803 perforabunt
1292 3737 1410 3802 sapittis.
1428 3735 1490 3791 Lllll
1507 3753 1514 3790 ι
1532 3736 1572 3791 Et
1583 3737 1686 3806 jaculis
1700 3738 1759 3794 suis
1770 3742 1863 3807 suait-

145 3824 262 3894 AEdifica
275 3823 346 3877 mibi
361 3821 413 3874 bic.
431 3817 493 3884 llo.)
511 3816 580 3881 Quae
595 3814 755 3870 sacriticant
768 3816 876 3887 gentes,
892 3817 957 3878 sla,
1012 3821 1108 3875 tabunt
1120 3823 1269 3877 inimicum.
1281 3821 1409 3877 Christus
1424 3823 1501 3878 enirn
1516 3823 1610 3878 rerhis
1624 3824 1682 3879 suis
1704 3825 1773 3880 ricit
1799 3827 1864 3882 dia·

110 3913 246 3984 usquead
260 3910 309 3984 qui
324 3910 410 3965 lldem
428 3906 531 3964 Christi
546 3920 607 3961 non
620 3902 772 3976 recipiunt.
1010 3906 1109 3963 bolum
1132 3907 1239 3978 (blattis.
1258 3912 1305 3979 ιι),
1322 3915 1350 3963 et
1372 3926 1472 3965 onmes
1487 3911 1715 3968 contradicentes
1742 3919 1864 3985 superat

1011 4002 1040 4052 et
1053 3996 1224 4068 confringit:
1252 3997 1345 4052 amnis
1361 3997 1437 4052 enim
1458 3999 1508 4071 qui
1522 4005 1629 4070 peccat,
1644 4000 1783 4056 inimicus
1800 4004 1864 4073 ejus

420 4085 535 4141 CAPUT
554 4083 642 4138 xxiv.
1010 4088 1064 4152 est,
1091 4086 1159 4139 darn
1188 4090 1301 4157 peccat;
1329 4085 1352 4140 si
1368 4091 1465 4142 autem
1481 4087 1574 4142 verbis
1591 4089 1642 4143 Dei
1656 4089 1786 4144 confixus
1800 4106 1863 4162 pec·

985 4189 990 4198 ·
1009 4175 1069 4226 cats
1082 4189 1131 4226 sua
1144 4188 1300 4244 agnoscens
1313 4178 1534 4245 compungatur,
1559 4179 1588 4229 et
1602 4175 1636 4231 ad
1661 4177 1862 4248 paenitentiam

146 4274 224 4327 Vens.
256 4273 280 4324 t.
310 4298 343 4309 -
369 4267 488 4335 Cumque
526 4268 582 4319 etc.
614 4258 719 4333 (Orsa.)
744 4261 815 4317 Cum
843 4235 992 4316 nullum⁰
1010 4260 1365 4333 conversus,jeculisejus
1384 4263 1641 4319 coalirasdicitur.

108 4363 286 4424 demonum,
313 4361 379 4420 etc..
399 4370 484 4424 usque
507 4353 545 4408 ad
566 4357 594 4407 et
612 4365 849 4423 unumquemque
872 4349 903 4405 iu
916 4366 959 4405 ar·
1048 4349 1134 4405 Vens.
1151 4353 1176 4404 9.
1193 4378 1228 4391 -
1241 4351 1388 4406 'decubans
1411 4350 1546 4407 muniuit
1559 4357 1591 4407 ut
1604 4353 1653 4415 lea.
1678 4357 1732 4408 ele.
1759 4353 1791 4411 si
1817 4355 1861 4410 in·

107 4449 175 4505 diue
190 4465 241 4503 suo
265 4442 483 4501 resurrectionis
497 4440 619 4514 gloriam
633 4439 816 4511 adepturum.
1010 4437 1143 4493 tellexisti
1167 4443 1303 4511 quantam
1329 4439 1458 4511 requiem
1483 4439 1586 4496 habeat
1616 4441 1671 4495 iter
1700 4441 1860 4514 sapientise,

140 4540 320 4607 Nequaquam
341 4534 420 4588 abitt.
436 4531 465 4587 ld
481 4536 595 4586 estnon
620 4528 715 4583 stultis
728 4526 869 4595 sensibus,
884 4525 958 4581 sicut
1009 4531 1148 4599 quantum
1164 4527 1273 4598 gratim,
1292 4534 1490 4600 quantumque
1505 4528 1672 4596 dulcedinis,
1689 4530 1750 4584 ooli
1779 4531 1861 4586 dissi·

108 4626 219 4683 solebat
233 4625 262 4678 in
287 4621 386 4678 multis
409 4619 581 4675 animalibus
592 4620 620 4672 et
643 4615 810 4688 pecudibus,
829 4613 878 4669 Dei
892 4630 957 4669 con·
1010 4616 1130 4683 mutare,
1155 4616 1215 4670 noli
1228 4617 1386 4689 negligere,
1413 4619 1569 4689 aggredere
1593 4617 1659 4685 iter,
1687 4635 1739 4674 nec
1769 4620 1858 4676 eremi

106 4714 243 4772 siderebit
263 4712 463 4768 voluntatem:
482 4706 530 4762 ssd
552 4709 689 4778 agnoscet
713 4703 781 4775 quia
804 4717 897 4774 neque
921 4702 956 4758 de
1010 4704 1193 4759 solitudinem
1215 4705 1431 4776 perhorrescam
1447 4705 1588 4761 habitanti
1612 4706 1690 4760 enim
1712 4707 1743 4761 in
1757 4706 1859 4779 hujus·

105 4804 279 4862 bobuscura
294 4805 337 4857 est
367 4800 437 4864 Deo,
453 4812 548 4868 neque
569 4793 728 4860 dearibus,
743 4807 837 4864 neque
853 4790 957 4846 deavi·
1010 4791 1086 4848 madi
1101 4791 1548 4848 tabernaculisaccurritmeone
1566 4792 1690 4862 coeleste,
1719 4797 1748 4849 et
1770 4811 1858 4867 enge·

106 4894 171 4961 bus,
192 4892 311 4963 aliisque
334 4887 509 4945 animalibus
532 4886 558 4953 (Ι
579 4884 644 4938 Cor.
661 4897 707 4950 rx;
731 4884 807 4937 llam.
832 4879 888 4952 xv),
905 4881 955 4936 sed
1008 4879 1100 4935 lorum
1115 4895 1220 4952 panem
1231 4880 1418 4937 manducabis
1433 4880 1532 4954 (dead.
1549 4883 1617 4953 ιιι).
1632 4881 1729 4954 lucips
1746 4887 1859 4940 tentum

106 4998 172 5054 quae
189 4981 224 5036 de
246 4980 287 5034 eis
302 4979 407 5050 scripta
425 4978 503 5035 suut,
526 4975 644 5045 propter
670 4970 800 5026 homiues
816 4968 956 5037 intelliget
1007 4967 1072 5036 cita,
1088 4969 1118 5024 iu
1130 4970 1306 5026 consortium
1322 4975 1403 5025 tuum
1420 4971 1534 5027 venient
1554 4971 1662 5042 angeli,
1683 4987 1757 5044 quos
1772 4972 1859 5046 sigui·

105 5070 219 5142 meipsa,
1008 5056 1095 5113 fleant
1108 5058 1196 5114 cedri.

140 5159 221 5212 Vsus.
249 5159 275 5211 t.
306 5185 339 5195 —
366 5149 531 5209 lcruentcin
559 5165 596 5205 se.
626 5150 717 5219 (huc,
750 5150 844 5218 quast.
877 5149 906 5201 bt
924 5149 954 5202 iu
1044 5146 1130 5212 Quam
1150 5148 1282 5202 suscitare
1310 5147 1403 5202 nullus
1427 5146 1556 5213 audebit;
1587 5147 1662 5210 luith
1680 5147 1746 5214 Quis
1775 5151 1859 5204 sauei-

104 5245 198 5318 Num.)
214 5248 249 5301 lit
271 5247 362 5312 tactus
384 5247 425 5298 est
450 5241 566 5312 spiritus
589 5239 642 5294 Dei
664 5251 745 5307 super
765 5236 852 5302 illum,
870 5235 953 5291 idest
1007 5233 1176 5290 tubiteum‘t
1197 5234 1369 5289 Nuuceuiur
1399 5250 1416 5289 a
1447 5235 1528 5290 Patre
1550 5235 1703 5291 suscitatus
1726 5236 1857 5293 dicitur:

104 5323 835 5407 superBalaam,etc,usqueadetmultesimilia.
1006 5322 1158 5395 nuncipse
1187 5321 1327 5393 templum
1347 5323 1473 5394 corporis
1500 5323 1545 5378 sui
1560 5324 1696 5379 suscitare
1726 5340 1757 5379 se
1787 5326 1858 5382 dicit

138 5425 227 5480 Vrass
242 5427 313 5480 3.-
329 5422 409 5477 Discit
430 5419 555 5475 Boiam.
574 5415 676 5486 (Onia,
703 5413 777 5469 bom.
796 5411 852 5484 17.)
875 5412 953 5467 llicit
1006 5409 1108 5482 (duan.
1125 5409 1231 5479 ntideo
1243 5410 1323 5483 quasi
1333 5412 1529 5483 percontantis
1539 5411 1853 5485 significeturaliectus.

104 5511 221 5569 Balaam
236 5513 310 5582 ttius
332 5511 410 5576 Beer,
435 5511 501 5573 etc,
523 5519 608 5574 usque
623 5503 661 5559 ad
674 5506 703 5558 et
726 5487 792 5557 id‘eo
813 5499 881 5556 dicit
905 5515 951 5555 re·
1040 5499 1096 5566 Qui
1110 5498 1290 5556 benedicerit.
1322 5498 1376 5565 Oui
1399 5499 1580 5571 benedicunt,
1601 5501 1713 5558 Christo
1736 5502 1854 5561 benedi·
