3892 6106
142 230 195 283 {Di
451 226 650 283 WdeFitiDi
669 225 793 283 STRle
814 226 833 281 F
837 226 912 282 ute.
934 225 1019 282 ΜΘΝ.
1044 225 1119 281 ODP.
1144 225 1230 283 PARS
1251 225 1271 280 i.
1292 253 1326 263 -
1346 223 1575 280 sirmienses.
1844 229 1892 278 see

139 351 296 405 tebaturse
320 347 545 419 ineloquentem.
575 347 641 401 Erat
664 344 753 411 enim,
781 349 921 416 quantum
948 346 984 400 ad
1000 347 1023 403 Δ
1042 346 1139 413 denum
1156 349 1239 416 etqui
1253 345 1355 410 uideat,
1372 348 1434 401 caeci
1459 345 1540 416 dont.
1561 344 1629 410 Diris
1652 350 1747 399 autem
1765 346 1821 401 nisi
1851 349 1894 402 in·

140 437 296 510 AEgyptios‚
323 452 435 492 sonorae
463 435 539 491 vocis
565 440 594 490 et
613 433 786 506 eloquentiae
809 434 989 505 incompsra-
1041 434 1132 490 scions
1164 434 1317 490 crediderit
1340 434 1450 507 aliquid
1488 433 1599 489 homiui
1636 434 1794 490 seeundum
1826 437 1895 492 vitia

140 525 215 582 bilis.
233 524 284 581 Ubi
297 529 394 580 autem
411 521 461 579 Dei
476 537 573 578 vocem
595 520 714 589 audivit,
740 525 770 574 et
793 519 906 592 eloquia
932 523 987 576 De·
1042 524 1203 595 corporalia
1230 538 1312 596 posse
1340 522 1466 578 accidere
1499 523 1575 594 quod
1606 522 1680 577 Deus
1712 523 1813 580 notit?
1838 523 1894 580 Sed

140 614 213 670 mini
227 613 361 685 suscepit,
385 611 473 668 sentit
487 626 586 666 vocem
610 625 691 665 susm
716 609 864 680 gracilem,
880 614 907 664 et
926 609 986 665 exi·
1042 628 1107 668 eum
1117 613 1195 684 juste
1210 616 1303 667 toturn
1319 611 1391 667 reite
1406 627 1492 666 nemo
1509 611 1638 683 ambigit.

44 759 49 768 ,
140 704 198 759 lem
215 702 393 774 medumque,
411 699 621 772 etimpeditam
645 698 786 770 linguam,
814 701 843 754 et
870 714 900 752 se
925 714 989 769 pro
1076 701 1158 756 Vens.
1177 703 1219 768 ti,
1239 703 1283 757 13.
1307 703 1440 769 -Perge
1461 703 1558 769 igitur,
1583 706 1637 756 etc.
1667 701 1763 770 (Auo.)
1785 702 1894 770 Attene·

141 792 253 847 nuntiat
266 796 389 858 mutum,
407 805 472 845 eum
487 788 588 859 incipit
615 802 785 857 cognoscere
801 801 900 842 verum
918 788 987 842 Ver·
1041 791 1104 844 rice.
1120 787 1201 855 Quod
1221 788 1291 844 dicit
1306 788 1447 844 Dominus
1460 789 1496 844 ad
1520 788 1707 845 nosemsnt
1736 791 1892 847 nuneoude

140 880 218 946 bum,
235 878 312 952 quod
325 882 386 933 erat
398 877 427 931 in
442 875 583 948 principio
608 874 684 946 apud
711 875 800 929 Deum
823 874 916 943 (deon.
943 874 961 945 r]
979 891 986 929 z
1041 881 1080 945 tu,
1097 882 1121 932 et
1136 892 1183 945 epo
1197 880 1320 948 aperiam
1338 892 1367 934 os
1382 883 1469 944 tuum,
1491 881 1517 933 et
1531 880 1667 934 imtrcum
1688 883 1712 933 te
1730 894 1792 949 grear
1819 881 1893 936 tucat-

140 968 225 1023 mutis
236 968 316 1024 enim
331 966 504 1022 animalibus
515 964 645 1037 quamvis
659 964 790 1018 indoctus
806 963 892 1018 homo
907 979 985 1019 com·
1040 969 1118 1022 turus
1151 982 1190 1036 ee,
1212 971 1332 1040 apparet
1357 983 1417 1023 non
1442 970 1556 1023 tantum
1589 965 1806 1023 instructionem
1836 969 1895 1024 uris

140 1062 267 1128 paretur,
281 1057 418 1128 eloquens
433 1054 591 1120 ridebitur3
606 1053 629 1106 si
644 1069 710 1106 vero
726 1052 845 1107 cruditis
874 1056 902 1107 et
928 1053 986 1108 eto·
1040 1055 1089 1110 sed
1106 1056 1191 1110 etiam
1213 1055 1305 1126 ipsam
1331 1056 1510 1128 apertionem
1535 1055 1571 1111 ad
1592 1055 1642 1111 Dei
1664 1055 1787 1127 gratiam
1802 1058 1893 1128 perti-

140 1144 303 1218 quentibus,
320 1143 424 1198 stultus
438 1146 466 1198 et
483 1146 588 1197 mutus.
604 1145 641 1196 At
667 1140 691 1195 si
714 1140 778 1212 quis
797 1140 846 1195 Dei
869 1140 987 1196 verbum
1039 1160 1118 1200 nere.
1136 1145 1198 1199 Non
1213 1144 1291 1199 enim
1306 1145 1356 1214 ait,
1373 1146 1459 1216 Aperi
1474 1149 1615 1212 osteum,
1638 1148 1668 1200 et
1681 1160 1735 1216 ogo
1751 1145 1893 1202 instruam

138 1231 635 1303 etdivinamrespiciatsapientinna
654 1229 745 1284 merito
762 1227 986 1300 ampliusqusm
1040 1233 1149 1298 tc;scd
1177 1238 1330 1305 utromque
1359 1233 1511 1307 promittit,
1536 1233 1662 1304 aperiam
1687 1238 1716 1289 et
1738 1233 1890 1291 instruam.

137 1321 438 1396 apednospendens,
468 1319 542 1391 apud
575 1320 662 1373 Deum
691 1324 803 1372 mutum
829 1334 859 1372 se
879 1317 985 1373 animat
1042 1321 1407 1392 lnpsnlmoautemnxsx:
1427 1323 1669 1390 Diiotnostuum,
1692 1326 1718 1377 et
1739 1323 1893 1392 spondim-

138 1410 331 1484 profitebitur.
350 1410 429 1466 Unde
460 1409 529 1482 psat.
557 1423 652 1463 curri:
683 1409 716 1461 Ut
728 1408 879 1478 jumentum
896 1408 987 1474 stactus
1038 1410 1208 1482 pteduiitud.
1228 1410 1280 1467 Ubi
1295 1410 1436 1482 significat
1455 1411 1482 1465 in
1511 1410 1627 1465 homine
1656 1412 1834 1466 volumtatem
1849 1426 1894 1466 ae·

138 1500 286 1571 sumupud
301 1505 336 1555 te.
351 1499 422 1565 Quia
431 1497 520 1570 igitur
542 1497 572 1552 in
592 1495 620 1551 id
637 1495 833 1565 intelligentiae
856 1494 986 1566 profecit,
1039 1499 1165 1570 cipiandi
1179 1500 1256 1572 quod
1272 1501 1348 1555 Dens
1371 1499 1460 1555 donet
1475 1499 1592 1560 volenti,
1612 1502 1644 1554 ut
1671 1498 1708 1554 ad
1734 1500 1894 1557 voirsntatis

140 1594 215 1646 utse
239 1592 435 1661 cognosceret,
462 1586 538 1657 quod
557 1589 600 1641 est
616 1600 721 1655 magua
742 1599 807 1655 pars
828 1582 985 1654 sapientise,
1043 1588 1193 1645 exordium
1207 1589 1359 1662 pertineat,
1373 1588 1467 1645 Ditdto
1493 1603 1522 1644 os
1549 1592 1633 1656 tuum,
1660 1589 1696 1644 sd
1719 1587 1771 1644 Dei
1794 1594 1891 1645 antem

140 1677 334 1734 remuneravit
351 1692 416 1732 enm
440 1675 536 1730 divine
558 1673 687 1746 dignatio
711 1673 832 1728 dicens:
856 1672 988 1742 Aperiunt
1043 1676 1176 1749 gratiam,
1191 1677 1438 1750 etennensium.

141 1770 335 1834 osteumetc.
353 1763 432 1821 Beati
458 1779 583 1835 quorum
611 1780 642 1818 os
671 1763 746 1817 Deus
773 1759 918 1833 aperitet
944 1761 987 1815 lo·
1079 1767 1159 1821 Vens.
1177 1767 1269 1821 tt·
1294 1769 1386 1823 iratus
1413 1767 1541 1822 Dominus
1570 1766 1600 1821 in
1619 1766 1737 1834 Meysen,
1761 1767 1812 1834 uit,
1836 1772 1889 1821 etc.

139 1858 274 1928 quantur.
294 1854 372 1910 Unde
391 1853 462 1926 psal.
494 1867 584 1907 cxxx:
606 1851 700 1906 Ditutu
728 1865 756 1905 os
788 1854 875 1916 tuum,
897 1854 922 1902 et
940 1863 988 1916 ego
1042 1853 1123 1923 (nnn,
1153 1855 1254 1921 Qnaest.
1276 1856 1309 1910 {0
1334 1857 1364 1910 in
1393 1853 1493 1923 seed.)
1515 1853 1634 1910 Videtur
1652 1858 1790 1925 tunquam
1818 1854 1893 1910 diiii·

141 1943 257 2014 impletu
273 1941 355 1999 iilud.
370 1940 510 1997 Similiter
524 1938 629 1994 Paulus
644 1936 710 1992 dicit
739 1937 774 1992 ed
803 1936 905 2008 Ephes,
935 1952 985 1991 vr:
1042 1942 1121 1998 densi
1149 1959 1206 1998 nnn
1241 1943 1352 1999 dedisse
1385 1941 1583 2015 plenissimam
1612 1942 1787 2009 facultatem,
1823 1948 1891 2006 etc,

141 2034 175 2088 Ut
200 2032 280 2087 detur
305 2032 374 2087 miii
401 2043 486 2085 semo
512 2031 542 2084 in
569 2030 708 2098 opertione
721 2029 777 2082 oris
804 2027 986 2080 ascitorum
1042 2047 1126 2102 usque
1148 2030 1281 2103 aiicujus
1304 2031 1426 2103 figuram
1456 2035 1537 2103 gerat
1556 2031 1633 2087 vetut
1658 2030 1769 2086 medius
1800 2032 1892 2087 tiores

139 2137 208 2193 ergo
219 2121 270 2193 qui
283 2136 353 2175 rere
363 2119 532 2191 loquuntur,
548 2132 579 2171 os
595 2116 669 2171 Deus
681 2114 775 2186 aperit
791 2131 799 2169 2
817 2129 917 2169 eorum
936 2114 987 2186 qui
1042 2119 1117 2174 inter
1131 2120 1221 2176 Deum
1236 2125 1265 2176 et
1279 2123 1383 2189 Aaron,
1401 2123 1430 2175 et
1443 2123 1536 2176 Aaron
1560 2119 1635 2176 iuter
1663 2119 1757 2176 ttosen
1787 2124 1816 2176 et
1838 2136 1890 2193 pu·

139 2213 298 2283 loqrruntur
312 2206 505 2275 mendacium,
532 2204 636 2261 falsum
657 2202 867 2273 testimouium,
886 2202 987 2257 scurri-
1041 2209 1153 2281 pinum.

139 2298 243 2366 litatae,
271 2295 474 2368 turpitudines,
495 2308 685 2350 susurronum
704 2307 821 2364 quoque
845 2295 873 2347 et
889 2290 984 2347 detra·
1076 2298 1157 2355 vnns.
1187 2299 1326 2352 t5·t8.-
1352 2299 1387 2354 Et
1411 2311 1520 2367 enuere
1539 2299 1689 2353 inuretur
1706 2301 1732 2353 et
1754 2299 1890 2354 inarsit·

138 2391 261 2454 ciorum,
290 2389 319 2442 et
345 2399 445 2439 eorum
467 2380 517 2454 qni
544 2381 634 2437 otiosa
657 2381 826 2452 loquuntur,
856 2379 987 2436 diabotus
1041 2385 1105 2453 tius,
1121 2391 1175 2443 etc.
1191 2385 1295 2457 (Deio.)
1319 2386 1381 2441 Non
1407 2386 1501 2441 solum
1528 2384 1596 2441 tiosi
1624 2385 1802 2457 promittitur
1826 2400 1890 2457 ape

139 2477 233 2549 sperit
247 2493 289 2531 os.
306 2476 345 2530 De
361 2473 433 2530 tuda
447 2472 571 2528 refertur
585 2471 665 2527 ioan.
691 2486 750 2539 xnr,
767 2472 835 2541 quin
862 2471 987 2526 introivit
1040 2473 1092 2529 riri
1103 2489 1134 2528 os
1148 2490 1165 2528 a
1180 2475 1314 2542 Domino,
1339 2474 1388 2530 sed
1418 2475 1562 2530 esseron.
1585 2473 1693 2528 Dicitur
1706 2473 1784 2528 euim
1804 2489 1812 2530 ε
1829 2474 1888 2544 Ego

140 2567 171 2620 in
184 2564 402 2630 ittumsutunns,
425 2564 451 2618 et
462 2561 581 2632 misitjin
595 2575 640 2614 cor
655 2560 714 2630 ejus
734 2564 765 2614 ut
779 2557 896 2615 traderet
914 2573 984 2614 eum.
1040 2562 1168 2634 aperiam
1182 2578 1214 2617 os
1228 2566 1311 2617 tuum
1326 2566 1354 2618 et
1379 2578 1411 2617 os
1436 2561 1526 2631 iltius,
1544 2565 1572 2617 et
1588 2561 1728 2617 instruam
1749 2577 1799 2617 ros
1821 2577 1887 2633 quae

138 2651 176 2709 Os
188 2668 257 2724 crgo
272 2652 334 2723 ejus
353 2650 477 2722 speruit,
499 2653 532 2704 ut
546 2649 712 2720 toqueretur
724 2647 796 2716 tcum
825 2646 985 2712 Pharnacis,
1041 2651 1159 2706 iactatis.

138 2739 282 2814 quomodo
305 2754 371 2794 eum
404 2738 528 2793 traderet
546 2740 661 2807 acceptu
689 2735 822 2808 pecunia.
859 2735 920 2790 Non
945 2741 987 2791 est
1076 2740 1158 2797 Vens.
1178 2743 1220 2796 19.
1236 2769 1268 2781 -
1283 2741 1363 2796 uicit
1378 2755 1441 2808 erpo
1456 2740 1599 2807 Dominus,
1609 2743 1663 2794 etc.
1681 2739 1776 2808 (Aue,
1792 2739 1885 2794 tacut.

136 2833 339 2901 autumpnrroe
353 2826 454 2899 gratiae
469 2826 675 2882 discernereos
692 2824 769 2896 quud
789 2823 880 2896 aperit
900 2825 984 2892 Deus,
1039 2828 1243 2896 sesemen.
1258 2828 1319 2899 111.)
1345 2830 1412 2884 Post
1425 2827 1487 2884 dies
1512 2831 1608 2883 nutem
1633 2828 1742 2882 multos
1756 2831 1887 2883 mortuus

136 2925 166 2974 et
180 2918 257 2991 quod
273 2916 366 2989 aperit
391 2915 531 2972 diabolus.
558 2913 659 2986 Aperit
678 2913 764 2969 etiam
784 2913 875 2968 Deum
904 2928 986 2968 auras
1003 2924 1024 2982 c
1042 2922 1086 2973 cet
1100 2933 1149 2973 rex
1174 2917 1297 2990 AEgypti.
1322 2917 1397 2973 Dixit
1416 2921 1512 2972 nutem
1536 2916 1674 2972 Dominus
1688 2916 1724 2972 ad
1747 2916 1843 2972 Mosen
1858 2915 1887 2970 in

137 3013 303 3064 sanctorum
322 3006 357 3062 ad
385 3004 528 3061 audienda
553 3002 640 3059 verba
668 3000 784 3069 dirins;
814 3002 909 3057 unde:
928 3002 984 3057 Do-
1038 3006 1150 3062 Madian
1165 3021 1173 3062 ι
1189 3007 1274 3073 Vnde,
1290 3021 1371 3075 perge
1387 3007 1417 3061 in
1432 3006 1590 3076 Κουρίωνι,
1603 3009 1657 3060 etc.
1672 3005 1758 3061 itsrtta
1782 3004 1813 3060 in
1843 3004 1887 3060 isis

137 3096 233 3151 minus
247 3092 440 3168 aperietmihi
455 3108 564 3149 aurern.
586 3089 684 3162 Aperit
706 3090 813 3158 oculos,
830 3090 902 3145 sicut
916 3104 984 3158 ape·
1037 3094 1131 3150 verbis
1144 3093 1270 3149 notanda
1285 3097 1351 3149 sunt
1371 3109 1476 3165 genera
1497 3092 1662 3150 locutionis.
1685 3092 1781 3148 Primo
1809 3092 1886 3149 enim

137 3184 195 3239 ruit
207 3184 305 3240 ocutos
317 3185 403 3254 Agar,
423 3184 452 3238 et
464 3181 536 3237 sidit
550 3185 671 3252 puteum
695 3194 778 3251 aquae
793 3177 877 3245 virae,
908 3177 984 3233 unda
1037 3182 1151 3254 inquit:
1172 3182 1257 3249 Vnde,
1267 3174 1388 3252 per’eeir'a
1403 3184 1712 3254 snpereminentem
1733 3197 1792 3237 non
1806 3180 1887 3237 sutil-

137 3273 269 3329 Etiseus:
289 3273 387 3342 Aperi,
408 3270 523 3325 Domine
544 3269 632 3324 ocutos
650 3270 730 3338 pueri
756 3268 807 3333 tui,
827 3271 858 3321 ut
880 3266 982 3334 cereae,
1037 3275 1115 3326 ceret
1133 3271 1267 3337 atterum,
1284 3269 1399 3337 deinde,
1415 3273 1516 3326 mortui
1534 3276 1599 3326 sunt
1616 3284 1705 3326 omnes
1720 3272 1769 3339 oui
1782 3284 1886 3341 puera-

135 3365 203 3432 quio
218 3362 313 3432 piures
334 3363 398 3416 sunt
415 3358 552 3414 uobiscum
569 3357 613 3427 (tv
633 3359 696 3423 itan.
730 3355 777 3426 rr).
801 3354 886 3410 Auris
916 3369 983 3410 vero
1037 3357 1103 3415 bunt
1121 3361 1340 3425 enimamtuom,
1364 3374 1430 3414 oum
1445 3360 1537 3415 sotum
1552 3374 1650 3431 regem
1669 3357 1784 3430 AEgypti
1812 3359 1886 3414 Scri·

137 3465 202 3522 quae
222 3465 275 3520 per
300 3446 493 3504 eruditionem
522 3444 637 3500 Domini
662 3443 800 3514 aperitur,
829 3442 983 3514 aliquando
1036 3451 1122 3518 ptura
1148 3451 1291 3503 mortuum
1303 3447 1431 3503 dixerit:
1455 3447 1561 3519 dequo
1586 3448 1646 3503 soto
1666 3451 1750 3501 antea
1776 3446 1886 3504 dictum

135 3543 235 3610 aperta
262 3541 316 3607 est,
341 3535 497 3608 aliquando
520 3534 636 3602 clausa,
662 3532 762 3588 unde:
792 3532 832 3588 Ne
864 3530 983 3603 recipias
1035 3535 1129 3591 inerat
1143 3536 1219 3607 qnod
1232 3536 1329 3591 tiosen
1342 3537 1489 3608 quaerebat
1510 3536 1661 3591 occidere:
1688 3552 1724 3590 an
1740 3534 1801 3606 ipse
1818 3541 1886 3608 post

135 3626 267 3683 auditum
283 3622 589 3696 cacuminantem).
613 3622 646 3691 Si¹
658 3622 791 3678 dicuntur
813 3637 895 3684 rana,
920 3635 984 3692 pre·
1035 3624 1106 3680 alios
1119 3625 1251 3679 inimicos
1266 3624 1384 3680 ultimus
1401 3631 1530 3681 mortuns
1544 3624 1611 3680 est?
1626 3622 1706 3689 Quod
1726 3622 1751 3679 si
1774 3623 1815 3678 ita
1829 3628 1884 3693 est,

135 3715 211 3783 tana,
227 3714 334 3788 turpis,
350 3713 400 3786 qui
418 3713 498 3769 norit
522 3711 713 3768 eruditionem
734 3709 859 3774 Domini,
876 3709 983 3766 claudit
1034 3728 1094 3768 non
1108 3713 1225 3779 locutio,
1237 3713 1286 3768 sed
1299 3709 1399 3768 senates
1413 3717 1480 3768 est·

137 3820 237 3860 aurem
258 3809 287 3860 et
301 3803 371 3859 dicit
386 3818 393 3858 ε
407 3804 464 3870 Eoo
478 3807 568 3858 eutem
579 3803 650 3857 sient
665 3803 765 3866 mutus,
788 3802 837 3868 eui
850 3813 903 3854 non
918 3813 981 3868 ope·
1073 3802 1154 3859 vens.
1170 3805 1215 3860 20.
1240 3833 1275 3843 —
1292 3803 1364 3856 Tulit
1383 3803 1576 3870 annetiennes,
1601 3805 1654 3856 etc.
1670 3801 1765 3872 (dun,
1786 3800 1885 3868 Quart.

133 3896 191 3950 raet
212 3909 344 3960 esserum,
373 3898 398 3948 et
426 3894 496 3948 snut
518 3889 618 3946 surdius
641 3905 695 3946 eon
716 3888 860 3944 audiebam
889 3888 980 3958 tPset.
1037 3892 1113 3946 {tin
1128 3891 1229 3962 Euod.)
1250 3890 1332 3955 Quod
1345 3889 1454 3946 dictum
1475 3893 1528 3958 est,
1549 3889 1619 3960 quis
1645 3890 1736 3945 Doses
1763 3903 1885 3946 uxorem

69 4047 71 4051 ,
133 3985 248 4054 xxxvii).
263 3983 293 4038 Si
308 3998 374 4038 vero
395 3981 430 4036 sd
443 3979 596 4036 utilitatem
618 3978 722 4034 enimse
745 3976 891 4049 pertinent
916 3991 981 4049 quse
1035 3978 1197 4035 etiniantes
1220 3994 1287 4034 suos
1311 3976 1451 4049 imposuit
1479 3992 1565 4049 super
1589 3976 1764 4043 vehiculum,
1790 3982 1823 4032 ut
1852 3977 1883 4033 in

135 4071 282 4142 dicuntur,
300 4071 324 4126 si
339 4071 375 4127 de
393 4071 451 4126 Deo
465 4085 560 4126 sermo
581 4072 635 4136 ast,
659 4067 682 4123 si
704 4082 797 4122 mores
825 4067 917 4133 docet,
944 4064 981 4120 ud
1035 4067 1191 4140 AEgyptum
1213 4066 1288 4123 iret:
1319 4071 1419 4139 postea
1442 4081 1509 4120 vero
1527 4065 1625 4120 tethro
1653 4080 1732 4120 socer
1750 4065 1813 4136 ejus
1826 4064 1886 4121 iilic

132 4160 253 4216 virtutes
266 4160 377 4229 inritet,
399 4159 468 4215 vitia
482 4162 600 4224 resecat,
616 4173 700 4213 aures
726 4159 841 4228 pateant
865 4158 893 4210 et
923 4158 982 4211 tota
1035 4155 1155 4211 cumeis
1169 4155 1302 4221 occurrit,
1317 4170 1384 4210 aum
1412 4152 1556 4209 eduxisset
1580 4154 1720 4226 populum
1745 4153 1781 4210 de
1802 4154 1885 4225 Egy-

136 4247 241 4304 animoe
252 4248 353 4319 janna.
369 4245 532 4302 Notandum
545 4249 641 4300 autem
665 4242 734 4316 quia
747 4259 861 4299 summe
883 4242 982 4298 mode·
1001 4215 1108 4316 θρίω
1135 4243 1356 4316 intelligendum
1370 4246 1422 4304 est.
1438 4245 1504 4313 post
1526 4241 1616 4307 iilam,
1645 4257 1710 4314 quae
1729 4241 1765 4297 ab
1780 4242 1883 4312 angelo

134 4336 243 4392 ratione
261 4351 312 4391 usa
327 4338 370 4390 est
383 4334 428 4389 lex
443 4337 475 4390 ut
488 4333 618 4389 diceret:
648 4333 706 4389 Nou
719 4333 832 4402 recipies
857 4329 982 4386 nuditum
1037 4334 1131 4390 intnrn
1146 4335 1216 4400 erat,
1231 4330 1470 4398 interiectionem,
1497 4329 1564 4385 iiosi
1575 4331 1617 4385 ret
1632 4330 1748 4386 intentis
1763 4347 1883 4387 risorem

134 4441 249 4493 oenum3
266 4440 326 4480 non
350 4421 431 4491 dixit,
461 4422 524 4478 Non
544 4419 659 4488 audiam
682 4409 743 4485 sed,
773 4421 832 4478 Non
858 4421 980 4489 recipies.
1037 4435 1181 4477 reversam
1204 4418 1292 4475 tuisse
1310 4434 1376 4474 cum
1395 4417 1531 4491 parvulis.
1557 4419 1629 4475 Nam
1656 4417 1774 4491 quidam
1799 4425 1883 4490 puta·

136 4515 206 4572 Nam
222 4529 294 4569 vana
311 4529 387 4585 saepe
402 4509 560 4567 audimus:
583 4509 705 4566 Dereion
726 4507 803 4564 enim
826 4513 854 4563 et
878 4507 981 4563 vasen·
1035 4513 1138 4565 ramni
1159 4514 1278 4581 propter
1295 4508 1350 4563 hoe
1363 4508 1499 4580 angeium
1515 4508 1661 4578 terruisse,
1671 4524 1708 4564 ne
1728 4509 1763 4564 ad
1788 4508 1882 4582 inspa-

137 4604 225 4671 tinus‚
240 4607 269 4658 et
278 4617 378 4657 omnes
398 4603 496 4655 contra
511 4598 673 4654 Creatorem
700 4596 886 4668 disputantes,
908 4611 983 4651 rena
1036 4599 1197 4655 dimeutum
1225 4597 1379 4653 ministerii
1405 4596 1542 4652 divinitus
1582 4595 1710 4669 impositi
1742 4596 1884 4654 femineus

133 4693 313 4765 loquuntur3
340 4677 505 4762 frequenter
526 4691 623 4743 tamen
638 4685 771 4741 audimus
786 4688 818 4741 ut
836 4683 981 4739 contradi·
1036 4703 1117 4743 sexus
1131 4685 1326 4742 comitaretur.

133 4798 241 4851 camus,
255 4781 304 4837 sed
317 4796 376 4837 uon
388 4777 552 4850 recipimus,
570 4775 638 4849 quie
662 4774 778 4831 illerum
805 4773 981 4830 osdiabolns
1071 4777 1149 4830 Vens.
1185 4776 1282 4830 21-23.
1318 4805 1349 4816 -
1380 4776 1438 4842 nno
1472 4773 1609 4829 indurabo
1636 4789 1681 4829 eor
1708 4775 1777 4846 ejus.
1803 4778 1883 4844 (Aeo.

132 4871 235 4943 aperit.
264 4869 403 4943 Dignatur
431 4866 568 4923 Dominus
595 4863 706 4937 aperire
734 4879 766 4919 us
790 4867 928 4931 nostrum,
949 4867 981 4918 ut
1035 4865 1121 4923 serm.
1136 4862 1191 4933 88.)
1207 4862 1280 4928 unic
1299 4866 1352 4930 est,
1379 4878 1426 4933 epo
1441 4861 1577 4918 indurabo
1600 4879 1646 4918 eor
1662 4864 1731 4933 ejus,
1748 4862 1803 4918 nisi
1818 4879 1883 4919 cum

133 4957 276 5031 possimus
305 4957 548 5014 contradicentem
562 4953 716 5021 revincere,
747 4955 777 5008 et
802 4951 935 5007 obturare
948 4967 981 5007 os
1035 4951 1157 5008 abfuerit
1184 4951 1277 5023 gratia
1304 4967 1378 5019 mea,
1405 4951 1528 5007 obduret
1558 4950 1642 5006 iilum
1663 4950 1794 5023 nequitie
1811 4953 1884 5008 sua?

132 5046 209 5119 quod
222 5046 465 5118 diabotusaperit.
1033 5039 1111 5096 Sicm
1124 5040 1237 5112 quoties
1251 5039 1343 5095 nimio
1358 5039 1465 5112 frigore
1480 5039 1691 5112 constringitur
1709 5056 1794 5112 equa,
1819 5041 1886 5097 sotis

171 5137 311 5191 versit.
330 5163 361 5174 --
391 5137 457 5205 Quis
480 5134 547 5201 tecit
573 5146 602 5188 es
629 5127 775 5186 tuninist
802 5131 856 5183 etc.
888 5129 978 5200 (duo,
1035 5129 1128 5185 calore
1143 5129 1363 5201 superveniente
1391 5129 1556 5197 resolvitnr;
1587 5132 1616 5184 et
1640 5128 1804 5184 discedente
1824 5129 1885 5185 sote

132 5224 231 5292 Quasi.
258 5225 298 5294 8.)
323 5222 395 5278 Srrnt
416 5221 465 5294 qui
495 5222 551 5276 Deo
575 5218 795 5280 calumnientur,
817 5216 861 5271 vet
883 5216 980 5286 potius
1035 5217 1139 5274 iterum
1163 5217 1344 5273 obduratur:
1369 5216 1410 5273 ita
1430 5222 1611 5290 peccatorum
1632 5216 1739 5289 frigore
1766 5216 1884 5289 reirige·

134 5311 287 5383 Scripturas
299 5309 407 5366 Veteris
419 5308 592 5364 Testamenti
617 5307 685 5380 quia
708 5305 781 5362 dixit
800 5305 875 5359 Deus
902 5303 979 5375 qrrod
1035 5306 1397 5374 scitcharitasmnttorum,
1415 5311 1443 5361 et
1464 5306 1542 5362 retest
1556 5305 1661 5379 glacies
1683 5305 1882 5374 obdurantur;

132 5400 232 5457 iecerit
250 5404 373 5456 mutum.
391 5397 465 5463 euin
492 5412 560 5468 ergo
580 5394 679 5452 dicunt
704 5394 740 5449 de
755 5391 867 5449 Christo
881 5395 979 5463 aperte
1034 5393 1354 5449 etcnmcalordiriuae
1372 5393 1576 5450 misericordias
1603 5393 1810 5465 supervenerit,
1840 5409 1881 5449 re·

132 5490 337 5547 dicentetusn.
368 5503 408 5544 ιε
437 5487 494 5556 Bne
512 5486 582 5553 veni,
611 5489 642 5538 ut
664 5485 714 5555 qui
745 5498 799 5539 non
827 5480 921 5539 eidmt
940 5482 979 5535 ei·
1033 5481 1193 5537 solvuntur.
1221 5482 1277 5536 iioe
1308 5481 1337 5536 in
1363 5482 1509 5538 Pharaone
1546 5481 1756 5554 cognoscimus,
1782 5499 1798 5538 e
1825 5498 1881 5554 prro
