3892 6106
93 280 145 332 'lus
423 273 620 331 wulululul
640 273 765 330 srusul
785 273 887 330 lusu.
909 274 993 332 uou.
1012 274 1089 332 ΟΡΡ.
1111 272 1201 330 PARS
1220 276 1242 330 l.
1262 302 1297 313 -
1316 272 1545 331 ruuohoulcs.
1801 275 1849 331 rel

127 402 209 456 Vsus.
225 402 271 456 23.
288 431 322 440 -
348 421 359 450 ι
377 397 571 456 circumdedit
598 413 665 452 eum
693 399 777 452 Deus.
801 420 812 447 ι
831 398 940 469 lGaae.)
959 398 982 452 Α
998 396 1069 452 vult.
1085 397 1217 462 Quantus
1231 395 1360 451 anteluil
1375 396 1425 468 qui
1438 399 1481 452 tot
1501 395 1743 469 suisocenpatus
1757 396 1846 470 dispe-

93 489 166 554 Quia
183 488 249 544 licet
262 487 385 544 caelestia
401 486 552 552 desideret,
565 490 661 540 tamen
677 484 746 558 quid
761 487 795 541 de
821 503 850 541 se
865 487 943 542 inlus
998 485 1111 550 nendis,
1127 485 1213 540 etiarn
1232 485 1321 539 libere
1337 484 1408 541 alios
1422 485 1531 551 decuit,
1549 489 1614 540 acin
1629 490 1660 540 et
1674 485 1764 542 aerbo
1780 490 1848 542 recta

95 577 316 650 dispositumsit
343 576 443 630 nescit.
472 575 546 630 Sunt
568 578 596 628 et
622 575 696 629 circa
726 591 791 630 eum
816 576 943 631 tenebre:
997 576 1172 631 ostendens:
1192 574 1264 640 Quia
1293 591 1361 629 vero
1384 574 1554 630 criminator
1578 573 1658 629 bena
1687 574 1723 630 de
1753 574 1847 630 eodem

93 665 275 736 ignorantie,
291 664 429 736 praeteriti
441 667 483 718 est
504 663 668 733 immemor,
694 662 792 718 futura
818 681 877 720 non
899 664 943 719 in·
997 664 1075 732 dicit,
1091 664 1126 719 ad
1142 663 1251 718 crimen
1266 662 1387 731 inllexit,
1407 663 1520 718 diceus:

93 756 180 819 venit,
201 754 410 826 praesentiarix
424 752 512 819 novit,
530 751 632 807 intima
643 751 864 824 dispensationis
893 751 944 808 Dei
1033 754 1112 809 Vens.
1130 755 1145 807 5
1161 783 1196 794 -
1220 753 1332 807 «Nunc
1357 757 1453 807 autem
1482 751 1571 819 venit,
1600 756 1667 819 etc,
1690 752 1776 824 quasi
1793 767 1848 807 non

92 848 242 913 penetrare
262 841 370 914 nequit.
400 841 453 906 Qui
480 857 546 896 vero
576 842 628 897 has
653 841 787 896 tenebras
805 839 943 908 intendit,
997 841 1113 895 serrasti
1127 845 1203 895 recta
1219 855 1284 911 que:
1308 840 1433 894 dicebas.
1454 863 1466 890 ι
1484 842 1667 896 Notaautcm
1690 841 1772 914 quod
1786 845 1849 897 sunt

93 931 210 985 llet:et
225 929 304 984 omni
333 929 394 984 visu
420 945 576 1000 supernam
590 930 684 984 lucem
713 928 850 1000 requirit:
868 927 943 984 unde
998 929 1102 1001 iniqui,
1118 934 1147 983 et
1159 929 1235 985 bona
1257 929 1566 1002 justorumquaenota
1583 946 1692 1002 negare
1706 945 1769 986 non
1786 946 1848 1002 pos·

93 1020 125 1074 lit
138 1019 304 1090 aliquando,
326 1021 356 1072 ut
378 1018 475 1090 inpio
499 1017 569 1072 iletu
583 1017 692 1073 interni
717 1017 816 1090 gaudii
832 1018 944 1072 claritas
997 1022 1076 1087 sunt,
1096 1019 1204 1087 dicunt,
1228 1033 1263 1073 ne
1289 1018 1368 1089 pravi
1383 1017 1549 1074 videantur:
1576 1023 1604 1074 et
1629 1023 1663 1073 ut
1676 1019 1747 1074 inde
1761 1018 1848 1090 magis

90 1110 246 1178 erumpat3
262 1106 339 1162 uude
355 1107 505 1178 sequitur:
705 1166 712 1179 ι
998 1107 1196 1176 credatureis,
1214 1107 1245 1162 in
1273 1107 1356 1163 malis
1384 1124 1450 1179 qnae
1474 1107 1614 1176 inserunt,
1644 1112 1674 1164 et
1701 1107 1767 1164 hoec
1789 1108 1850 1180 ipsa

129 1197 210 1251 Vsas.
226 1198 336 1251 el.-«
353 1199 515 1267 hrrlequam
530 1194 690 1251 comedam.
708 1195 891 1250 »comedere
902 1199 946 1250 est
997 1194 1073 1250 bona
1098 1196 1134 1251 ad
1167 1197 1315 1251 cumulum
1337 1203 1433 1252 reatus
1460 1196 1615 1254 invertunt.
1632 1197 1685 1253 ilic
1702 1197 1849 1253 rectalob

94 1284 343 1357 contemplationis
359 1286 421 1339 luce
434 1283 521 1355 pasci,
539 1300 627 1355 quam
643 1284 801 1339 nonhabet
825 1283 882 1339 nisi
894 1283 945 1356 qui
998 1298 1066 1356 ergo
1081 1285 1196 1346 dixisse,
1220 1285 1340 1340 sednon
1356 1302 1493 1352 servasse,
1509 1286 1591 1358 quasi
1615 1302 1668 1341 suo
1684 1286 1849 1343 testimonio

91 1373 172 1444 prius
187 1373 217 1427 in
232 1373 285 1426 hoe
306 1372 416 1440 exsilio,
432 1371 514 1444 quasi
531 1371 581 1426 ubi
596 1387 653 1426 non
668 1376 736 1427 sunt
751 1372 827 1427 bena
842 1372 941 1443 gemit,
997 1373 1091 1426 malus
1115 1373 1355 1444 reprehenditur:
1377 1374 1496 1429 inferius
1522 1375 1597 1430 male
1620 1374 1704 1446 loqui
1725 1379 1847 1443 notatur,

91 1466 119 1515 et
133 1461 258 1532 suspirat
273 1460 414 1516 desiderio
432 1465 461 1515 et
473 1461 641 1532 exsequitur
656 1460 713 1516 vim
741 1462 942 1532 lacrymarum.
999 1464 1031 1514 ut
1045 1464 1147 1515 taceat.
1169 1461 1199 1517 m
1215 1460 1246 1515 hi
1271 1466 1338 1516 sunt
1357 1462 1415 1517 duo
1438 1462 1516 1517 modi
1531 1462 1636 1534 quibus
1652 1462 1747 1518 bones
1760 1462 1849 1534 impe-

127 1549 285 1621 clltquasi
309 1549 483 1604 inundantes
512 1566 605 1621 aqum,
635 1553 718 1605 etc.»
746 1552 836 1621 Aque:
857 1549 944 1604 inun-
997 1552 1061 1604 lunt
1082 1548 1161 1617 mali,
1190 1549 1301 1604 dicente
1324 1565 1373 1605 ees
1395 1551 1439 1606 vel
1464 1567 1552 1622 prava
1577 1550 1684 1615 dicere,
1712 1552 1759 1606 rel
1777 1550 1850 1607 bona

90 1640 190 1694 dautes
211 1638 309 1693 multis
334 1637 530 1693 voluminibus
556 1637 666 1708 impetn
686 1638 827 1702 feruntur,
845 1639 885 1693 sie
911 1638 942 1693 in
997 1652 1062 1708 quae
1075 1636 1175 1692 dicunt
1188 1654 1247 1693 non
1263 1643 1371 1694 tenere.

90 1728 254 1799 lugentibus
271 1727 360 1781 multa
376 1726 533 1795 volumina,
548 1726 618 1780 dum
633 1725 684 1798 qui
698 1726 774 1798 apud
790 1728 880 1783 Deum
895 1728 942 1783 de·
1033 1727 1205 1793 «Deiecisti,
1222 1731 1274 1782 etc.
1301 1727 1354 1783 Ubi
1374 1731 1417 1782 est
1432 1726 1520 1783 timor
1541 1729 1634 1783 tuus‘l
1661 1746 1676 1781 a
1706 1727 1794 1793 Quasi
1815 1727 1849 1785 de

91 1821 235 1885 cernatur,
251 1815 399 1871 nesciunt:
416 1815 486 1870 dum
500 1815 712 1886 preteritasua
737 1816 879 1886 recolunt,
894 1817 941 1871 lu·
995 1813 1150 1870 virtutibus
1178 1815 1300 1870 miretur
1322 1814 1451 1885 perditis,
1487 1832 1558 1887 quas
1583 1830 1714 1888 congruo
1748 1816 1848 1872 ordine

90 1910 156 1960 tura
172 1905 387 1976 pertimescunt,
404 1909 433 1958 et
460 1903 492 1958 iu
519 1903 601 1959 bonis
624 1904 735 1960 suisne
761 1908 867 1974 errent,
896 1922 943 1960 ve-
994 1904 1086 1975 penit.
1113 1904 1192 1959 Sicut
1229 1903 1261 1958 in
1289 1902 1335 1959 via
1365 1903 1464 1960 saeculi
1491 1904 1611 1960 audacia
1633 1904 1847 1974 fortitudinem,

90 1997 206 2048 rentur:
223 2010 296 2064 quos
310 1994 380 2048 dum
395 1992 508 2063 flagella
532 1993 584 2048 llei
606 1993 776 2065 corripiunt,
806 2010 836 2049 se
850 1993 940 2050 ellen-
994 1992 1083 2046 timor
1097 1990 1270 2047 debilitatem
1286 1991 1369 2064 parit,
1380 1991 1420 2048 ita
1432 1992 1500 2047 etin
1510 1992 1557 2048 ria
1571 1992 1622 2048 llei
1636 1993 1758 2050 andacia
1773 1993 1850 2050 dehi-

91 2083 166 2138 disse
179 2080 377 2154 suspicantur:
394 2082 470 2137 nude
486 2081 585 2137 addit:
995 2081 1115 2150 litatem,
1129 2080 1219 2135 timor
1247 2081 1297 2136 Dei
1311 2081 1527 2137 fortitudinem:
1543 2081 1613 2153 quia
1639 2082 1690 2155 qui
1707 2083 1766 2138 lleo
1777 2083 1847 2153 jun-

127 2173 208 2226 llras.
229 2173 273 2225 25.
293 2199 330 2212 -
345 2192 359 2220 «
372 2170 444 2237 Quia
457 2170 555 2224 timor.
569 2189 584 2222 s
600 2171 682 2225 Fient
696 2169 785 2238 enim,
800 2171 869 2242 quia
888 2171 942 2226 de·
994 2169 1082 2240 gitur,
1099 2173 1237 2240 potestate
1261 2169 1384 2240 quadam
1411 2186 1498 2241 super
1518 2170 1616 2226 omnia
1643 2171 1775 2240 levatur3
1791 2171 1847 2227 lor·

90 2259 146 2314 seri
162 2276 191 2314 sa
206 2259 323 2314 timent:
337 2262 366 2314 et
381 2274 417 2314 nc
426 2258 476 2330 pia
489 2259 635 2331 percussio
645 2274 705 2313 non
719 2259 755 2313 sit
770 2259 940 2330 discipline,
994 2257 1089 2312 titudo
1105 2273 1163 2312 non
1179 2256 1236 2312 nisi
1261 2256 1292 2312 in
1309 2256 1434 2313 adversis
1449 2258 1622 2324 ostenditur,
1637 2258 1718 2314 unde
1735 2260 1848 2332 patiere·

90 2347 139 2402 sed
158 2347 301 2411 vindictae,
330 2349 405 2403 unde
423 2364 461 2402 :s
486 2347 554 2413 Quis
583 2346 663 2402 novit
694 2349 863 2418 potestatem
890 2346 941 2401 iria
993 2344 1035 2400 tia
1059 2345 1183 2414 additur,
1215 2346 1282 2418 qnia
1307 2347 1337 2401 iu
1352 2346 1521 2401 fortitudine
1536 2346 1619 2419 quasi
1646 2346 1772 2420 proiicit,
1799 2346 1848 2420 qni

89 2437 275 2507 tuaeliPsal.
304 2437 422 2507 nsxxrx.)
448 2455 463 2488 e
489 2435 653 2507 Aliquando
677 2434 756 2490 enim
784 2439 828 2489 est
848 2435 942 2506 gratia
995 2435 1071 2489 mala
1100 2435 1193 2490 aliena
1221 2451 1278 2490 non
1301 2439 1396 2490 motus
1422 2435 1535 2490 tolerat.
1560 2436 1599 2490 lle
1624 2435 1847 2508 petientiaper-

90 2540 178 2596 quam
193 2524 315 2579 dicimus
330 2525 412 2592 iram,
429 2528 459 2579 et
481 2522 636 2595 aliquando
658 2523 701 2578 ira
717 2539 804 2595 quam
819 2522 941 2580 dicimus
994 2523 1078 2579 lectio
1102 2526 1236 2593 nescitur,
1251 2525 1327 2580 unde
1342 2525 1372 2579 in
1386 2524 1526 2595 patientia
1540 2525 1668 2580 animam
1701 2524 1847 2598 possidere

90 2612 223 2682 gratiam,
238 2611 316 2667 unde
344 2628 458 2667 necesse
473 2616 516 2666 est
537 2617 569 2666 nt
591 2610 622 2666 in
638 2610 770 2667 omnibus
783 2611 939 2681 timeatur;
995 2614 1081 2668 horno
1095 2613 1210 2682 dicitur,
1235 2613 1264 2668 id
1278 2617 1332 2682 eet,
1345 2613 1375 2668 in
1389 2612 1523 2668 omnibus
1546 2620 1624 2669 reete
1646 2613 1752 2681 rivam,
1777 2630 1846 2670 eun·

90 2701 121 2756 in
134 2702 292 2774 prosperis,
308 2706 340 2756 ut
351 2718 418 2757 nom
431 2701 489 2756 sint
503 2702 557 2757 sibi
570 2701 636 2758 data
650 2702 685 2758 ad
697 2702 837 2774 majorem
852 2718 940 2758 excae-
994 2702 1046 2758 etis
1068 2702 1193 2758 motibus
1208 2702 1311 2758 menhs
1325 2717 1359 2758 ex
1387 2702 1491 2758 virtute
1515 2701 1673 2758 dominari:
1690 2702 1742 2776 qui
1769 2703 1846 2759 enim

90 2791 244 2860 cntionem,
260 2806 320 2845 uon
334 2792 370 2846 sd
384 2791 621 2859 consolationem,
639 2796 669 2847 nt
679 2791 762 2847 bonis
777 2792 849 2846 solet
863 2791 939 2859 lieri,
994 2807 1024 2846 se
1037 2791 1134 2860 vineit,
1149 2795 1248 2847 centra
1267 2791 1365 2846 omnia
1380 2796 1423 2846 est
1437 2791 1528 2847 fortis.

91 2878 176 2933 nesii
191 2878 222 2933 in
236 2879 361 2934 adversis
375 2880 491 2936 initium
507 2897 610 2952 poenre.
1031 2880 1125 2951 (ibid.)
1139 2880 1278 2945 Quoniam
1304 2883 1401 2935 autem
1422 2878 1585 2935 invehendo
1600 2879 1754 2951 corripuit,
1770 2895 1846 2936 nnnc

139 2968 220 3022 linas.
242 2969 286 3021 26.
303 2997 338 3007 -
354 2987 368 3020 s
385 2968 577 3024 Dissimulari.
596 2969 720 3039 »tibiali
737 2970 770 3024 Et
784 2968 807 3023 si
827 2986 941 3041 semper
955 2968 976 3025 G
994 2969 1076 3038 qnasi
1091 2966 1266 3022 exhortando
1292 2966 1407 3021 subdit:

90 3055 256 3127 cogitando,
272 3060 344 3125 ete,
371 3072 456 3127 usque
475 3057 513 3112 cd
527 3057 550 3111 si
568 3057 621 3112 lob
635 3057 718 3130 quasi
745 3057 776 3113 in
799 3063 940 3130 potestate
1030 3055 1113 3109 Vsus·
1129 3056 1155 3109 9.
1173 3075 1235 3102 -ι
1255 3052 1426 3122 Recordare,
1456 3051 1573 3106 obsecro
1594 3055 1633 3106 te.
1649 3072 1660 3101 ι
1678 3051 1734 3108 Sed
1749 3056 1780 3107 et
1793 3053 1846 3108 hee

91 3145 145 3199 luit
161 3145 197 3199 ad
211 3144 373 3216 exemplum
387 3145 538 3217 proponit.
994 3141 1261 3211 reprehensibiliter
1275 3141 1346 3212 agit.
1361 3144 1500 3198 lnnocens
1516 3140 1594 3196 enirn
1615 3144 1644 3196 et
1658 3144 1755 3196 rectus
1769 3157 1845 3213 saepe

127 3233 259 3288 «Nonne
278 3232 503 3288 dissimulavit»
520 3235 646 3289 Potestas
663 3233 848 3290 habiteetad
866 3235 942 3291 atili·
994 3231 1041 3288 lsic
1060 3231 1189 3286 funditus
1217 3230 1361 3296 delentur,
1390 3229 1442 3284 etsi
1469 3230 1506 3284 ad
1535 3233 1643 3284 esterna
1670 3234 1840 3285 serrantur:

91 3324 179 3375 tatem
194 3319 356 3391 cogitanda,
377 3326 406 3376 et
429 3325 547 3393 propter
561 3326 708 3377 tumorem
722 3321 939 3392 dissimulanda,
995 3320 1043 3377 sed
1059 3320 1109 3391 qui
1132 3335 1190 3374 non
1214 3335 1267 3391 pro
1292 3323 1401 3374 aeterna
1419 3318 1469 3375 sed
1495 3322 1610 3374 tenena
1637 3319 1771 3375 mercede
1788 3320 1843 3375 lise

91 3412 120 3463 et
134 3412 237 3480 polens
251 3408 427 3479 utprodesse
443 3407 556 3477 debeat,
570 3424 690 3480 possess
700 3409 778 3464 sciat.
994 3408 1132 3475 serviunt,
1150 3407 1206 3479 ipsi
1222 3407 1277 3462 sibi
1291 3407 1405 3481 lingunt
1417 3408 1494 3480 quod
1521 3411 1662 3479 quaerent,
1689 3413 1720 3463 et
1743 3408 1844 3464 docere

128 3514 142 3546 s
163 3495 261 3550 Nonne
277 3495 365 3552 silui?
379 3517 393 3546 u
409 3497 477 3551 Ecce
496 3496 589 3568 qualis
602 3500 644 3552 est
657 3496 688 3552 in
702 3513 760 3551 ore.
993 3500 1203 3568 presumentes
1231 3511 1295 3551 cum
1311 3501 1456 3551 terrenam
1475 3495 1657 3550 securitatem
1673 3495 1842 3567 praedicant,

129 3602 143 3636 c
159 3584 261 3639 Nonne
275 3584 371 3655 quievi
381 3586 416 3639 ‘lu
426 3586 494 3640 Ecce
506 3584 597 3656 qualis
612 3601 681 3656 erga
692 3584 802 3653 illicita,
819 3591 939 3653 etc.,us-
994 3584 1104 3639 eunctis
1119 3584 1177 3638 suis
1191 3584 1297 3639 laberis
1312 3584 1468 3640 ostendunt
1481 3582 1558 3656 quod
1572 3589 1682 3639 amant.

92 3690 142 3743 que
170 3673 289 3746 adquia
304 3676 400 3729 nostra
415 3673 552 3746 perlectio
569 3674 652 3746 culpa
669 3689 729 3729 non
751 3679 838 3736 caret,
864 3675 940 3731 unde
1029 3672 1114 3726 Vuae.
1136 3675 1163 3728 8.
1178 3702 1212 3713 -
1238 3692 1250 3722 ι
1274 3670 1349 3737 Quin
1371 3670 1468 3743 potius
1491 3671 1549 3726 vidi
1575 3687 1633 3728 eos.
1654 3673 1776 3745 vileid.)
1791 3673 1842 3728 llo·

92 3761 187 3817 addit:
993 3758 1068 3814 iores
1087 3760 1220 3821 seminat.
1247 3760 1297 3832 qui
1326 3759 1405 3815 dieii.
1423 3759 1614 3815 Fraudulenta
1628 3761 1721 3829 metit,
1739 3762 1790 3833 qui
1802 3760 1840 3817 di·

131 3850 282 3905 «Etrenit
300 3867 387 3923 super
415 3866 462 3906 me
489 3851 658 3923 indignatio.
689 3871 703 3903 u
729 3852 808 3908 Unde
834 3867 939 3923 magna
993 3847 1082 3902 cende
1111 3849 1255 3919 prevalet.
1280 3848 1329 3902 Vel
1355 3847 1616 3914 doloresseminat,
1647 3849 1840 3923 qniperrersa

91 3942 151 3993 arte
161 3938 288 3993 dicturus
302 3939 431 4008 verbera,
446 3940 586 4011 premisit
606 3944 681 3997 recte
696 3940 780 4010 lacta,
795 3945 826 3995 ut
850 3940 880 3994 iu
894 3940 939 3995 his
993 3936 1063 4009 agit.
1080 3937 1166 4004 ldetit,
1193 3937 1244 4010 qui
1271 3937 1302 3992 in
1326 3937 1368 3992 eis
1386 3943 1582 4009 prosperatur.
1599 3938 1634 3994 lli
1658 3941 1776 4011 nonlut
1793 3938 1838 4010 ait)

91 4027 213 4100 quisque
226 4028 388 4084 consideret
404 4045 468 4101 quae
481 4045 567 4102 poena
583 4035 698 4085 maneat
708 4029 833 4102 iniquos,
855 4028 880 4083 si
898 4029 939 4084 ita
993 4029 1125 4097 pereunt,
1150 4026 1197 4080 sed
1214 4025 1325 4081 felicius
1337 4025 1384 4081 hic
1408 4025 1492 4097 justis
1515 4025 1622 4082 visunt.
1637 4026 1751 4084 Patitur
1764 4029 1836 4084 euim

91 4116 137 4171 hie
156 4116 275 4190 castigat
298 4118 403 4189 justos,
418 4122 450 4173 ut
476 4118 500 4172 si
510 4118 606 4190 justus
631 4118 675 4174 vix
702 4118 867 4188 salvabitur,
881 4118 937 4172 irn-
995 4115 1069 4167 [leus
1085 4114 1226 4186 quosdam
1241 4114 1287 4169 hic
1301 4113 1465 4185 prevalere,
1480 4118 1513 4168 ut
1527 4113 1665 4170 mundius
1679 4116 1737 4171 vita
1748 4117 1835 4187 juste·

92 4204 156 4276 pins
170 4205 220 4259 ubi
235 4203 371 4276 parebit?
992 4217 1058 4258 ram
1080 4207 1229 4273 purgetur.
1247 4201 1335 4258 Punit
1347 4218 1414 4257 mox
1427 4202 1510 4270 alios,
1529 4218 1565 4257 ne
1578 4207 1697 4274 putetur
1715 4205 1835 4261 humana

439 4276 551 4332 CAPUT
563 4277 606 4332 W·
993 4291 1149 4364 negligere,
1166 4296 1195 4347 et
1217 4293 1307 4347 multa
1321 4291 1397 4347 mala
1411 4291 1569 4362 preterire,
1588 4297 1620 4347 ut
1645 4293 1736 4349 corda
1758 4294 1835 4350 inne·

128 4381 251 4437 varst.
268 4403 330 4431 -s
362 4381 391 4438 Si
419 4382 589 4455 coeperimus
618 4383 697 4455 loqui
727 4382 819 4438 tibi.»
842 4384 938 4455 (leid.)
994 4380 1129 4450 centium,
1146 4380 1197 4452 qni
1225 4380 1422 4450 pusillanimes
1450 4385 1527 4450 sunt,
1551 4381 1723 4438 contlrmet:
1749 4383 1834 4438 aerius

91 4468 213 4524 llelliter
242 4470 394 4541 incipiunt,
426 4472 475 4526 sed
504 4472 533 4526 in
562 4488 663 4543 aspera
678 4477 879 4545 prorumpunt.
894 4472 940 4528 Sic
994 4474 1090 4523 autem
1114 4469 1219 4524 diceret
1233 4469 1268 4524 de
1283 4468 1429 4536 omnibns,
1444 4467 1473 4522 in
1489 4468 1565 4535 line:
1595 4470 1772 4540 generaliter
1791 4485 1835 4542 po·

92 4557 218 4612 haeretici
232 4557 338 4613 blanda
352 4559 439 4614 verba
467 4565 642 4632 proponunt,
659 4577 695 4616 ne
712 4566 873 4630 caveantur,
889 4562 939 4617 sed
993 4561 1067 4612 terat
1082 4557 1148 4627 dici,
1164 4557 1242 4629 quod
1270 4557 1408 4612 innocens
1436 4559 1466 4612 et
1481 4560 1574 4613 rectus
1588 4574 1647 4613 nen
1673 4558 1762 4631 perit,
1776 4557 1836 4631 quia

91 4661 192 4717 aspera
202 4646 392 4702 subinferunt.
994 4646 1047 4701 etsi
1060 4645 1107 4701 hie
1121 4646 1263 4714 atteritur,
1280 4646 1356 4718 apud
1383 4647 1473 4701 lleurn
1492 4661 1559 4701 vera
1573 4646 1665 4701 saluta
1680 4653 1834 4720 reparatur.

127 4734 213 4790 eSed
242 4738 451 4807 conceptum.»
478 4736 569 4807 (ibid.)
594 4736 714 4792 Perfecti
739 4737 836 4792 necin
853 4736 938 4793 corde
994 4736 1027 4789 Et
1050 4735 1117 4789 mali
1148 4740 1279 4806 pereunt,
1295 4734 1365 4806 qnia
1381 4735 1434 4790 etsi
1462 4735 1509 4790 hic
1534 4735 1620 4791 altius
1658 4735 1836 4806 crescantin

91 4838 225 4893 perversa
246 4823 491 4896 concipiuntque
519 4824 633 4880 silentio
660 4830 854 4897 compescunt.
881 4826 939 4882 Alii
992 4822 1049 4877 line
1076 4823 1175 4878 durius
1207 4824 1356 4880 ferientur.
1404 4823 1459 4880 Sed
1491 4823 1559 4896 quia
1592 4823 1662 4880 dicit
1689 4826 1834 4893 recordere,

92 4927 179 4980 prava
200 4913 373 4985 concipiunt,
405 4914 454 4969 sed
482 4914 588 4969 silentii
611 4914 708 4988 vigore
738 4931 842 4987 magno
870 4931 938 4971 con·
992 4917 1071 4984 patet
1085 4916 1226 4968 transacta
1238 4913 1274 4970 ad
1290 4917 1418 4969 mentem
1431 4913 1538 4982 reduci,
1551 4928 1610 4970 non
1637 4914 1739 4972 lutura
1752 4931 1834 4972 eann-

92 4999 254 5072 stringunt:
276 5001 324 5057 alii
353 5008 383 5058 et
409 5003 575 5075 concipiunt
601 5008 629 5058 et
650 5019 718 5059 mox
745 5003 877 5059 efferunt.
906 5005 938 5059 ln
991 5001 1067 5056 ilari.

92 5103 177 5142 sensu
207 5091 292 5158 leves,
319 5090 350 5145 in
371 5092 471 5164 lingua
489 5091 660 5163 precipites.
685 5092 724 5146 lle
751 5091 795 5146 his
817 5097 860 5146 est
881 5090 938 5146 Eli·
1028 5091 1117 5145 Vnus.
1134 5095 1160 5145 7.
1189 5120 1224 5131 —
1251 5111 1262 5139 ι
1293 5091 1390 5147 Flante
1418 5092 1475 5147 ileo
1496 5090 1646 5162 perisse.»
1677 5092 1836 5166 (lorsque

91 5173 175 5244 phaz,
190 5177 307 5247 quisue
323 5179 517 5250 experimento
535 5179 569 5234 rie
593 5178 727 5233 omnibus
743 5178 819 5234 idem
840 5179 936 5234 sentit.
993 5177 1151 5233 condamus
1163 5194 1270 5248 aeram,
1286 5177 1354 5233 dum
1370 5179 1405 5235 ab
1419 5183 1498 5235 extra
1512 5179 1589 5234 intus
1599 5180 1753 5251 trahimus,
1769 5186 1797 5238 et
1807 5179 1836 5236 ab

128 5263 266 5318 «Tenere
296 5264 361 5336 quis
385 5266 501 5336 poterit.
532 5288 543 5316 ι
567 5266 653 5331 Quasi
682 5265 768 5321 vellet
793 5265 936 5321 retinere:
992 5267 1071 5321 intus
1087 5270 1166 5321 extra
1180 5267 1336 5323 reddimus.
1352 5269 1427 5323 lleus
1443 5284 1511 5339 ergo
1530 5267 1561 5322 in
1572 5268 1765 5326 retributione
1775 5269 1837 5326 tlara

91 5348 122 5404 in
138 5365 196 5420 quo
219 5351 315 5407 innuit
334 5369 364 5407 se
384 5353 413 5408 in
428 5354 572 5426 loquendo
588 5355 775 5410 offensurum.
993 5355 1108 5423 dicitur,
1124 5356 1193 5427 quia
1207 5356 1242 5410 ab
1258 5356 1445 5412 exterioribus
1461 5355 1555 5411 causis
1569 5355 1647 5412 intas
1661 5356 1766 5429 judicii
1778 5373 1837 5414 eon·

127 5437 207 5492 Vens.
237 5442 251 5494 3
282 5471 316 5481 -
346 5462 357 5490 ι
385 5443 453 5497 Ecce
479 5442 600 5497 docuisti
629 5443 778 5515 plurimes.
803 5465 817 5493 ι
843 5442 938 5515 (ibid.)
992 5442 1238 5516 siliumconciplt,
1264 5450 1293 5500 at
1311 5445 1474 5500 abinterno
1490 5444 1610 5500 consilio
1637 5446 1837 5504 exteriussen·

92 5527 176 5581 Certa
189 5526 265 5582 bona
279 5534 346 5584 sunt
360 5545 425 5602 qnae
454 5535 483 5586 et
507 5530 556 5585 ille
577 5530 693 5599 latetur,
722 5530 773 5604 qui
791 5530 939 5587 criminari
992 5531 1113 5589 tentiam
1133 5532 1248 5603 emittit,
1272 5533 1301 5590 id
1318 5538 1405 5604 est,a
1429 5533 1513 5590 malis
1540 5533 1648 5590 nostris
1666 5549 1735 5609 qne
1749 5540 1836 5596 extra·
