<?xml version="1.0" encoding="UTF-8"?>
<!DOCTYPE html PUBLIC "-//W3C//DTD XHTML 1.0 Transitional//EN"
    "http://www.w3.org/TR/xhtml1/DTD/xhtml1-transitional.dtd">
<html xmlns="http://www.w3.org/1999/xhtml" xml:lang="en" lang="en">
 <head>
  <title>
</title>
<meta http-equiv="Content-Type" content="text/html;charset=utf-8" />
  <meta name='ocr-system' content='tesseract 3.04.00' />
  <meta name='ocr-capabilities' content='ocr_page ocr_carea ocr_par ocr_line ocrx_word'/>
</head>
<body>
  <div class='ocr_page' id='page_1' title='image "./patrologiaecurs04migngoog_0038.png"; bbox 0 0 3892 6106; ppageno 0'>
   <div class='ocr_carea' id='block_1_1' title="bbox 94 231 1851 295">
    <p class='ocr_par' dir='ltr' id='par_1_1' title="bbox 94 231 1851 295">
     <span class='ocr_line' id='line_1_1' title="bbox 94 231 1851 295; baseline 0.001 -3"><span class='ocrx_word' id='word_1_1' title='bbox 94 242 127 293; x_wconf 71' lang='lat'><strong>(35</strong></span> <span class='ocrx_word' id='word_1_2' title='bbox 838 231 1110 293; x_wconf 73' lang='lat' dir='ltr'><strong>PROLEGODENA.</strong></span> <span class='ocrx_word' id='word_1_3' title='bbox 1816 238 1851 295; x_wconf 82' lang='lat' dir='ltr'><strong>dd</strong></span> 
     </span>
    </p>
   </div>
   <div class='ocr_carea' id='block_1_2' title="bbox 95 355 1852 431">
    <p class='ocr_par' dir='ltr' id='par_1_2' title="bbox 95 355 1852 431">
     <span class='ocr_line' id='line_1_2' title="bbox 95 355 1852 431; baseline 0.001 -14"><span class='ocrx_word' id='word_1_4' title='bbox 95 377 160 417; x_wconf 91' lang='lat' dir='ltr'><strong>rum</strong></span> <span class='ocrx_word' id='word_1_5' title='bbox 175 375 257 414; x_wconf 88' lang='lat' dir='ltr'><strong>error</strong></span> <span class='ocrx_word' id='word_1_6' title='bbox 271 358 425 427; x_wconf 88' lang='lat' dir='ltr'><strong>instabilis,</strong></span> <span class='ocrx_word' id='word_1_7' title='bbox 443 362 473 414; x_wconf 90' lang='lat' dir='ltr'><strong>et</strong></span> <span class='ocrx_word' id='word_1_8' title='bbox 498 356 577 413; x_wconf 82' lang='lat' dir='ltr'><strong>sanis</strong></span> <span class='ocrx_word' id='word_1_9' title='bbox 601 355 820 412; x_wconf 77' lang='lat' dir='ltr'><strong>simulacrorum</strong></span> <span class='ocrx_word' id='word_1_10' title='bbox 839 358 944 413; x_wconf 88' lang='lat' dir='ltr'><strong>doctri·</strong></span> <span class='ocrx_word' id='word_1_11' title='bbox 964 363 1036 420; x_wconf 73' lang='lat' dir='ltr'><strong>Ara</strong></span> <span class='ocrx_word' id='word_1_12' title='bbox 1048 359 1192 429; x_wconf 79' lang='lat' dir='ltr'><strong>producit,</strong></span> <span class='ocrx_word' id='word_1_13' title='bbox 1208 363 1307 431; x_wconf 89' lang='lat' dir='ltr'><strong>gentes</strong></span> <span class='ocrx_word' id='word_1_14' title='bbox 1332 359 1505 431; x_wconf 88' lang='lat' dir='ltr'><strong>signillcant,</strong></span> <span class='ocrx_word' id='word_1_15' title='bbox 1528 360 1589 429; x_wconf 87' lang='lat' dir='ltr'><strong>jam</strong></span> <span class='ocrx_word' id='word_1_16' title='bbox 1607 361 1746 417; x_wconf 87' lang='lat' dir='ltr'><strong>stabiliter</strong></span> <span class='ocrx_word' id='word_1_17' title='bbox 1761 363 1852 418; x_wconf 85' lang='lat' dir='ltr'><strong>credi·</strong></span> 
     </span>
    </p>
   </div>
   <div class='ocr_carea' id='block_1_3' title="bbox 96 427 951 1348">
    <p class='ocr_par' dir='ltr' id='par_1_3' title="bbox 96 427 951 1348">
     <span class='ocr_line' id='line_1_3' title="bbox 96 427 949 502; baseline -0.006 -15"><span class='ocrx_word' id='word_1_18' title='bbox 96 433 150 491; x_wconf 82' lang='lat' dir='ltr'><strong>nis,</strong></span> <span class='ocrx_word' id='word_1_19' title='bbox 167 432 251 502; x_wconf 81' lang='lat' dir='ltr'><strong>qussi</strong></span> <span class='ocrx_word' id='word_1_20' title='bbox 266 431 360 485; x_wconf 84' lang='lat' dir='ltr'><strong>ventis</strong></span> <span class='ocrx_word' id='word_1_21' title='bbox 387 429 521 484; x_wconf 86' lang='lat' dir='ltr'><strong>omnibus</strong></span> <span class='ocrx_word' id='word_1_22' title='bbox 537 427 651 484; x_wconf 89' lang='lat' dir='ltr'><strong>mobilis</strong></span> <span class='ocrx_word' id='word_1_23' title='bbox 667 429 757 500; x_wconf 87' lang='lat' dir='ltr'><strong>(quod</strong></span> <span class='ocrx_word' id='word_1_24' title='bbox 776 429 848 485; x_wconf 87' lang='lat' dir='ltr'><strong>bene</strong></span> <span class='ocrx_word' id='word_1_25' title='bbox 863 428 949 501; x_wconf 87' lang='lat' dir='ltr'><strong>signi·</strong></span> 
     </span>
     <span class='ocr_line' id='line_1_4' title="bbox 96 499 949 570; baseline -0.002 -14"><span class='ocrx_word' id='word_1_26' title='bbox 96 504 197 557; x_wconf 88' lang='lat' dir='ltr'><strong>ticatur</strong></span> <span class='ocrx_word' id='word_1_27' title='bbox 211 502 300 555; x_wconf 87' lang='lat' dir='ltr'><strong>maris</strong></span> <span class='ocrx_word' id='word_1_28' title='bbox 311 500 455 569; x_wconf 89' lang='lat' dir='ltr'><strong>nomine),</strong></span> <span class='ocrx_word' id='word_1_29' title='bbox 470 499 561 554; x_wconf 84' lang='lat' dir='ltr'><strong>tidelis</strong></span> <span class='ocrx_word' id='word_1_30' title='bbox 576 500 700 570; x_wconf 88' lang='lat' dir='ltr'><strong>populus</strong></span> <span class='ocrx_word' id='word_1_31' title='bbox 723 501 890 554; x_wconf 75' lang='lat' dir='ltr'><strong>secernitur.</strong></span> <span class='ocrx_word' id='word_1_32' title='bbox 906 500 949 554; x_wconf 83' lang='lat' dir='ltr'><strong>ab</strong></span> 
     </span>
     <span class='ocr_line' id='line_1_5' title="bbox 97 570 950 644; baseline -0.005 -17"><span class='ocrx_word' id='word_1_33' title='bbox 97 576 148 628; x_wconf 91' lang='lat' dir='ltr'><strong>bac</strong></span> <span class='ocrx_word' id='word_1_34' title='bbox 167 589 238 643; x_wconf 87' lang='lat' dir='ltr'><strong>ergo</strong></span> <span class='ocrx_word' id='word_1_35' title='bbox 263 572 396 644; x_wconf 89' lang='lat' dir='ltr'><strong>gentium</strong></span> <span class='ocrx_word' id='word_1_36' title='bbox 413 572 537 625; x_wconf 86' lang='lat' dir='ltr'><strong>vanitate</strong></span> <span class='ocrx_word' id='word_1_37' title='bbox 561 578 589 624; x_wconf 90' lang='lat' dir='ltr'><strong>et</strong></span> <span class='ocrx_word' id='word_1_38' title='bbox 602 570 688 639; x_wconf 86' lang='lat' dir='ltr'><strong>hujus</strong></span> <span class='ocrx_word' id='word_1_39' title='bbox 705 572 800 624; x_wconf 83' lang='lat' dir='ltr'><strong>saecttli</strong></span> <span class='ocrx_word' id='word_1_40' title='bbox 816 570 950 625; x_wconf 82' lang='lat' dir='ltr'><strong>Drrotibus</strong></span> 
     </span>
     <span class='ocr_line' id='line_1_6' title="bbox 98 641 948 714; baseline -0.005 -16"><span class='ocrx_word' id='word_1_41' title='bbox 98 651 246 714; x_wconf 85' lang='lat' dir='ltr'><strong>separatus</strong></span> <span class='ocrx_word' id='word_1_42' title='bbox 272 647 316 697; x_wconf 98' lang='grc' dir='ltr'><strong>εει</strong></span> <span class='ocrx_word' id='word_1_43' title='bbox 336 643 463 712; x_wconf 90' lang='lat' dir='ltr'><strong>populus</strong></span> <span class='ocrx_word' id='word_1_44' title='bbox 482 641 532 695; x_wconf 90' lang='lat' dir='ltr'><strong>Dei</strong></span> <span class='ocrx_word' id='word_1_45' title='bbox 559 656 611 711; x_wconf 90' lang='lat' dir='ltr'><strong>per</strong></span> <span class='ocrx_word' id='word_1_46' title='bbox 633 641 793 707; x_wconf 79' lang='lat' dir='ltr'><strong>Abrabam3</strong></span> <span class='ocrx_word' id='word_1_47' title='bbox 812 646 859 695; x_wconf 87' lang='lat' dir='ltr'><strong>tan</strong></span> <span class='ocrx_word' id='word_1_48' title='bbox 883 657 948 695; x_wconf 91' lang='lat' dir='ltr'><strong>uam</strong></span> 
     </span>
     <span class='ocr_line' id='line_1_7' title="bbox 98 658 949 783; baseline -0.004 -14"><span class='ocrx_word' id='word_1_49' title='bbox 98 722 173 770; x_wconf 86' lang='lat' dir='ltr'><strong>terra</strong></span> <span class='ocrx_word' id='word_1_50' title='bbox 194 729 261 767; x_wconf 89' lang='lat' dir='ltr'><strong>cum</strong></span> <span class='ocrx_word' id='word_1_51' title='bbox 292 711 428 783; x_wconf 89' lang='lat' dir='ltr'><strong>apparuit</strong></span> <span class='ocrx_word' id='word_1_52' title='bbox 453 711 543 775; x_wconf 88' lang='lat' dir='ltr'><strong>arida,</strong></span> <span class='ocrx_word' id='word_1_53' title='bbox 571 711 600 766; x_wconf 92' lang='lat' dir='ltr'><strong>id</strong></span> <span class='ocrx_word' id='word_1_54' title='bbox 626 716 679 776; x_wconf 88' lang='lat' dir='ltr'><strong>est,</strong></span> <span class='ocrx_word' id='word_1_55' title='bbox 707 712 806 766; x_wconf 89' lang='lat' dir='ltr'><strong>sitiens</strong></span> <span class='ocrx_word' id='word_1_56' title='bbox 827 658 949 766; x_wconf 52' lang='lat' dir='ltr'><strong>imbrem</strong></span> 
     </span>
     <span class='ocr_line' id='line_1_8' title="bbox 99 782 949 854; baseline -0.002 -15"><span class='ocrx_word' id='word_1_57' title='bbox 99 784 413 839; x_wconf 82' lang='lat' dir='ltr'><strong>coelestcmdivinorum</strong></span> <span class='ocrx_word' id='word_1_58' title='bbox 433 783 642 836; x_wconf 86' lang='lat' dir='ltr'><strong>mandatorum.</strong></span> <span class='ocrx_word' id='word_1_59' title='bbox 656 782 710 846; x_wconf 76' lang='lat' dir='ltr'><strong>Qui</strong></span> <span class='ocrx_word' id='word_1_60' title='bbox 722 783 846 854; x_wconf 89' lang='lat' dir='ltr'><strong>populus</strong></span> <span class='ocrx_word' id='word_1_61' title='bbox 860 799 949 837; x_wconf 92' lang='lat' dir='ltr'><strong>unum</strong></span> 
     </span>
     <span class='ocr_line' id='line_1_9' title="bbox 101 853 950 925; baseline -0.007 -13"><span class='ocrx_word' id='word_1_62' title='bbox 101 855 340 915; x_wconf 89' lang='lat' dir='ltr'><strong>Deomcolendo,</strong></span> <span class='ocrx_word' id='word_1_63' title='bbox 365 859 504 925; x_wconf 86' lang='lat' dir='ltr'><strong>tanquam</strong></span> <span class='ocrx_word' id='word_1_64' title='bbox 528 853 647 922; x_wconf 80' lang='lat' dir='ltr'><strong>irrigata</strong></span> <span class='ocrx_word' id='word_1_65' title='bbox 674 859 760 918; x_wconf 90' lang='lat' dir='ltr'><strong>tarra,</strong></span> <span class='ocrx_word' id='word_1_66' title='bbox 790 860 823 906; x_wconf 90' lang='lat' dir='ltr'><strong>ut</strong></span> <span class='ocrx_word' id='word_1_67' title='bbox 842 853 950 907; x_wconf 82' lang='lat' dir='ltr'><strong>tructus</strong></span> 
     </span>
     <span class='ocr_line' id='line_1_10' title="bbox 100 924 950 997; baseline -0.005 -16"><span class='ocrx_word' id='word_1_68' title='bbox 100 927 184 981; x_wconf 89' lang='lat' dir='ltr'><strong>utiles</strong></span> <span class='ocrx_word' id='word_1_69' title='bbox 197 930 295 997; x_wconf 85' lang='lat' dir='ltr'><strong>posset</strong></span> <span class='ocrx_word' id='word_1_70' title='bbox 314 924 428 992; x_wconf 84' lang='lat' dir='ltr'><strong>afferre,</strong></span> <span class='ocrx_word' id='word_1_71' title='bbox 450 928 560 977; x_wconf 86' lang='lat' dir='ltr'><strong>sanctas</strong></span> <span class='ocrx_word' id='word_1_72' title='bbox 589 924 750 993; x_wconf 76' lang='lat' dir='ltr'><strong>Scripturas</strong></span> <span class='ocrx_word' id='word_1_73' title='bbox 773 928 801 977; x_wconf 93' lang='grc' dir='ltr'><strong>ει</strong></span> <span class='ocrx_word' id='word_1_74' title='bbox 825 925 950 995; x_wconf 88' lang='lat' dir='ltr'><strong>propbe-</strong></span> 
     </span>
     <span class='ocr_line' id='line_1_11' title="bbox 101 994 949 1067; baseline -0.007 -16"><span class='ocrx_word' id='word_1_75' title='bbox 101 999 153 1051; x_wconf 88' lang='lat' dir='ltr'><strong>tias</strong></span> <span class='ocrx_word' id='word_1_76' title='bbox 162 997 281 1067; x_wconf 89' lang='lat' dir='ltr'><strong>accepit.</strong></span> <span class='ocrx_word' id='word_1_77' title='bbox 292 996 357 1050; x_wconf 79' lang='lat' dir='ltr'><strong>llmc</strong></span> <span class='ocrx_word' id='word_1_78' title='bbox 370 995 446 1048; x_wconf 85' lang='lat' dir='ltr'><strong>enirn</strong></span> <span class='ocrx_word' id='word_1_79' title='bbox 458 995 599 1065; x_wconf 65' lang='lat' dir='ltr'><strong>rotasiam</strong></span> <span class='ocrx_word' id='word_1_80' title='bbox 608 994 701 1065; x_wconf 90' lang='lat' dir='ltr'><strong>potuit</strong></span> <span class='ocrx_word' id='word_1_81' title='bbox 713 1009 850 1064; x_wconf 85' lang='lat' dir='ltr'><strong>generare</strong></span> <span class='ocrx_word' id='word_1_82' title='bbox 857 1010 949 1065; x_wconf 91' lang='lat' dir='ltr'><strong>popo-</strong></span> 
     </span>
     <span class='ocr_line' id='line_1_12' title="bbox 103 1064 951 1137; baseline -0.005 -15"><span class='ocrx_word' id='word_1_83' title='bbox 103 1069 159 1122; x_wconf 89' lang='lat' dir='ltr'><strong>lum</strong></span> <span class='ocrx_word' id='word_1_84' title='bbox 178 1068 238 1133; x_wconf 89' lang='lat' dir='ltr'><strong>Dei,</strong></span> <span class='ocrx_word' id='word_1_85' title='bbox 255 1068 324 1137; x_wconf 88' lang='lat' dir='ltr'><strong>quia</strong></span> <span class='ocrx_word' id='word_1_86' title='bbox 335 1071 364 1120; x_wconf 91' lang='lat' dir='ltr'><strong>et</strong></span> <span class='ocrx_word' id='word_1_87' title='bbox 378 1067 466 1120; x_wconf 85' lang='lat' dir='ltr'><strong>tertia</strong></span> <span class='ocrx_word' id='word_1_88' title='bbox 478 1071 556 1126; x_wconf 81' lang='lat' dir='ltr'><strong>tatas,</strong></span> <span class='ocrx_word' id='word_1_89' title='bbox 567 1065 595 1119; x_wconf 93' lang='lat' dir='ltr'><strong>id</strong></span> <span class='ocrx_word' id='word_1_90' title='bbox 609 1069 661 1129; x_wconf 87' lang='lat' dir='ltr'><strong>est,</strong></span> <span class='ocrx_word' id='word_1_91' title='bbox 679 1064 878 1126; x_wconf 86' lang='lat' dir='ltr'><strong>adolescentia,</strong></span> <span class='ocrx_word' id='word_1_92' title='bbox 891 1067 951 1133; x_wconf 84' lang='lat' dir='ltr'><strong>jam</strong></span> 
     </span>
     <span class='ocr_line' id='line_1_13' title="bbox 104 1134 950 1207; baseline -0.005 -15"><span class='ocrx_word' id='word_1_93' title='bbox 104 1139 176 1192; x_wconf 88' lang='lat' dir='ltr'><strong>lilios</strong></span> <span class='ocrx_word' id='word_1_94' title='bbox 200 1138 308 1192; x_wconf 85' lang='lat' dir='ltr'><strong>habere</strong></span> <span class='ocrx_word' id='word_1_95' title='bbox 331 1141 434 1207; x_wconf 90' lang='lat' dir='ltr'><strong>potest.</strong></span> <span class='ocrx_word' id='word_1_96' title='bbox 465 1137 496 1190; x_wconf 82' lang='lat' dir='ltr'><strong>Et</strong></span> <span class='ocrx_word' id='word_1_97' title='bbox 520 1135 585 1189; x_wconf 91' lang='lat' dir='ltr'><strong>ideo</strong></span> <span class='ocrx_word' id='word_1_98' title='bbox 614 1135 650 1188; x_wconf 89' lang='lat' dir='ltr'><strong>ad</strong></span> <span class='ocrx_word' id='word_1_99' title='bbox 670 1134 813 1188; x_wconf 80' lang='lat' dir='ltr'><strong>Abraham</strong></span> <span class='ocrx_word' id='word_1_100' title='bbox 842 1135 950 1188; x_wconf 88' lang='lat' dir='ltr'><strong>dictum</strong></span> 
     </span>
     <span class='ocr_line' id='line_1_14' title="bbox 103 1205 951 1274; baseline -0.006 -11"><span class='ocrx_word' id='word_1_101' title='bbox 103 1218 143 1263; x_wconf 87' lang='lat' dir='ltr'><strong>est</strong></span> <span class='ocrx_word' id='word_1_102' title='bbox 156 1210 275 1262; x_wconf 75' lang='lat' dir='ltr'><strong>Genesis</strong></span> <span class='ocrx_word' id='word_1_103' title='bbox 291 1224 346 1261; x_wconf 83' lang='lat' dir='ltr'><strong>xvu</strong></span> <span class='ocrx_word' id='word_1_104' title='bbox 367 1224 405 1261; x_wconf 76' lang='lat' dir='ltr'><strong>:a</strong></span> <span class='ocrx_word' id='word_1_105' title='bbox 427 1207 539 1261; x_wconf 85' lang='lat' dir='ltr'><strong>Patrem</strong></span> <span class='ocrx_word' id='word_1_106' title='bbox 569 1209 725 1260; x_wconf 86' lang='lat' dir='ltr'><strong>multarum</strong></span> <span class='ocrx_word' id='word_1_107' title='bbox 753 1205 883 1274; x_wconf 87' lang='lat' dir='ltr'><strong>gentium</strong></span> <span class='ocrx_word' id='word_1_108' title='bbox 899 1220 951 1274; x_wconf 93' lang='lat' dir='ltr'><strong>po-</strong></span> 
     </span>
     <span class='ocr_line' id='line_1_15' title="bbox 105 1275 950 1348; baseline -0.002 -18"><span class='ocrx_word' id='word_1_109' title='bbox 105 1300 117 1330; x_wconf 80' lang='lat'>«</span> <span class='ocrx_word' id='word_1_110' title='bbox 132 1279 176 1332; x_wconf 91' lang='lat' dir='ltr'><strong>sui</strong></span> <span class='ocrx_word' id='word_1_111' title='bbox 190 1286 230 1343; x_wconf 90' lang='lat' dir='ltr'><strong>te,</strong></span> <span class='ocrx_word' id='word_1_112' title='bbox 246 1278 358 1348; x_wconf 78' lang='lat' dir='ltr'><strong>augebo</strong></span> <span class='ocrx_word' id='word_1_113' title='bbox 373 1283 401 1331; x_wconf 88' lang='lat' dir='ltr'><strong>ts</strong></span> <span class='ocrx_word' id='word_1_114' title='bbox 415 1277 501 1331; x_wconf 88' lang='lat' dir='ltr'><strong>nimis</strong></span> <span class='ocrx_word' id='word_1_115' title='bbox 519 1277 611 1342; x_wconf 85' lang='lat' dir='ltr'><strong>valde,</strong></span> <span class='ocrx_word' id='word_1_116' title='bbox 631 1281 658 1329; x_wconf 88' lang='lat' dir='ltr'><strong>et</strong></span> <span class='ocrx_word' id='word_1_117' title='bbox 673 1291 777 1345; x_wconf 86' lang='lat' dir='ltr'><strong>ponam</strong></span> <span class='ocrx_word' id='word_1_118' title='bbox 792 1280 819 1329; x_wconf 90' lang='lat' dir='ltr'><strong>te</strong></span> <span class='ocrx_word' id='word_1_119' title='bbox 835 1275 863 1328; x_wconf 93' lang='lat' dir='ltr'><strong>in</strong></span> <span class='ocrx_word' id='word_1_120' title='bbox 879 1291 950 1345; x_wconf 90' lang='lat' dir='ltr'><strong>gen-</strong></span> 
     </span>
    </p>
   </div>
   <div class='ocr_carea' id='block_1_4' title="bbox 1002 430 1852 1419">
    <p class='ocr_par' dir='ltr' id='par_1_4' title="bbox 1002 430 1852 1419">
     <span class='ocr_line' id='line_1_16' title="bbox 1002 430 1851 504; baseline 0.006 -20"><span class='ocrx_word' id='word_1_121' title='bbox 1002 433 1081 484; x_wconf 90' lang='lat' dir='ltr'><strong>turas</strong></span> <span class='ocrx_word' id='word_1_122' title='bbox 1111 431 1272 501; x_wconf 79' lang='lat' dir='ltr'><strong>Evangelio,</strong></span> <span class='ocrx_word' id='word_1_123' title='bbox 1293 432 1328 486; x_wconf 87' lang='lat' dir='ltr'><strong>de</strong></span> <span class='ocrx_word' id='word_1_124' title='bbox 1356 430 1461 502; x_wconf 90' lang='lat' dir='ltr'><strong>quibus</strong></span> <span class='ocrx_word' id='word_1_125' title='bbox 1490 430 1596 485; x_wconf 86' lang='lat' dir='ltr'><strong>dicitur</strong></span> <span class='ocrx_word' id='word_1_126' title='bbox 1619 438 1648 486; x_wconf 89' lang='grc' dir='ltr'><strong>ει</strong></span> <span class='ocrx_word' id='word_1_127' title='bbox 1678 432 1751 488; x_wconf 89' lang='lat' dir='ltr'><strong>illud</strong></span> <span class='ocrx_word' id='word_1_128' title='bbox 1774 434 1851 504; x_wconf 90' lang='lat' dir='ltr'><strong>qood</strong></span> 
     </span>
     <span class='ocr_line' id='line_1_17' title="bbox 1003 501 1848 573; baseline 0.004 -17"><span class='ocrx_word' id='word_1_129' title='bbox 1003 501 1087 556; x_wconf 88' lang='lat' dir='ltr'><strong>Petro</strong></span> <span class='ocrx_word' id='word_1_130' title='bbox 1109 502 1336 556; x_wconf 89' lang='lat' dir='ltr'><strong>demonstratum</strong></span> <span class='ocrx_word' id='word_1_131' title='bbox 1365 507 1409 556; x_wconf 84' lang='lat' dir='ltr'><strong>est</strong></span> <span class='ocrx_word' id='word_1_132' title='bbox 1436 501 1467 555; x_wconf 89' lang='lat' dir='ltr'><strong>in</strong></span> <span class='ocrx_word' id='word_1_133' title='bbox 1498 501 1615 556; x_wconf 79' lang='lat' dir='ltr'><strong>Actibus</strong></span> <span class='ocrx_word' id='word_1_134' title='bbox 1642 504 1848 573; x_wconf 90' lang='lat' dir='ltr'><strong>apostolorum,</strong></span> 
     </span>
     <span class='ocr_line' id='line_1_18' title="bbox 1003 571 1850 641; baseline 0.004 -15"><span class='ocrx_word' id='word_1_135' title='bbox 1003 588 1065 641; x_wconf 91' lang='lat' dir='ltr'><strong>cap.</strong></span> <span class='ocrx_word' id='word_1_136' title='bbox 1081 583 1097 626; x_wconf 78' lang='lat' dir='ltr'><strong>t</strong></span> <span class='ocrx_word' id='word_1_137' title='bbox 1112 589 1119 626; x_wconf 76' lang='grc' dir='ltr'><strong>ι</strong></span> <span class='ocrx_word' id='word_1_138' title='bbox 1137 573 1251 626; x_wconf 78' lang='lat' dir='ltr'><strong>allecta</strong></span> <span class='ocrx_word' id='word_1_139' title='bbox 1266 576 1295 625; x_wconf 91' lang='grc' dir='ltr'><strong>ει</strong></span> <span class='ocrx_word' id='word_1_140' title='bbox 1306 572 1455 626; x_wconf 88' lang='lat' dir='ltr'><strong>manduca.</strong></span> <span class='ocrx_word' id='word_1_141' title='bbox 1472 589 1486 622; x_wconf 74' lang='lat' dir='ltr'><strong>a</strong></span> <span class='ocrx_word' id='word_1_142' title='bbox 1505 572 1536 626; x_wconf 83' lang='lat' dir='ltr'><strong>Et</strong></span> <span class='ocrx_word' id='word_1_143' title='bbox 1550 587 1615 626; x_wconf 75' lang='lat' dir='ltr'><strong>curn</strong></span> <span class='ocrx_word' id='word_1_144' title='bbox 1629 571 1678 628; x_wconf 88' lang='lat' dir='ltr'><strong>ille</strong></span> <span class='ocrx_word' id='word_1_145' title='bbox 1699 575 1850 629; x_wconf 86' lang='lat' dir='ltr'><strong>immunda</strong></span> 
     </span>
     <span class='ocr_line' id='line_1_19' title="bbox 1005 641 1849 713; baseline 0.005 -19"><span class='ocrx_word' id='word_1_146' title='bbox 1005 642 1121 707; x_wconf 86' lang='lat' dir='ltr'><strong>diceret,</strong></span> <span class='ocrx_word' id='word_1_147' title='bbox 1136 649 1358 713; x_wconf 84' lang='lat' dir='ltr'><strong>responsumest</strong></span> <span class='ocrx_word' id='word_1_148' title='bbox 1371 644 1414 696; x_wconf 89' lang='lat' dir='ltr'><strong>illi</strong></span> <span class='ocrx_word' id='word_1_149' title='bbox 1432 657 1437 696; x_wconf 96' lang='lat'><strong>:</strong></span> <span class='ocrx_word' id='word_1_150' title='bbox 1455 665 1465 689; x_wconf 79' lang='grc' dir='ltr'>ι</span> <span class='ocrx_word' id='word_1_151' title='bbox 1484 641 1565 706; x_wconf 81' lang='lat' dir='ltr'><strong>Quod</strong></span> <span class='ocrx_word' id='word_1_152' title='bbox 1590 643 1664 698; x_wconf 88' lang='lat' dir='ltr'><strong>Deos</strong></span> <span class='ocrx_word' id='word_1_153' title='bbox 1691 645 1849 712; x_wconf 86' lang='lat' dir='ltr'><strong>mundarit,</strong></span> 
     </span>
     <span class='ocr_line' id='line_1_20' title="bbox 1004 713 1852 787; baseline 0.004 -20"><span class='ocrx_word' id='word_1_154' title='bbox 1004 717 1034 767; x_wconf 91' lang='lat' dir='ltr'><strong>tu</strong></span> <span class='ocrx_word' id='word_1_155' title='bbox 1050 729 1202 767; x_wconf 87' lang='lat' dir='ltr'><strong>commune</strong></span> <span class='ocrx_word' id='word_1_156' title='bbox 1222 730 1257 767; x_wconf 89' lang='lat' dir='ltr'><strong>ne</strong></span> <span class='ocrx_word' id='word_1_157' title='bbox 1273 713 1386 767; x_wconf 82' lang='lat' dir='ltr'><strong>dixeris.</strong></span> <span class='ocrx_word' id='word_1_158' title='bbox 1402 733 1415 764; x_wconf 84' lang='grc' dir='ltr'><strong>ε</strong></span> <span class='ocrx_word' id='word_1_159' title='bbox 1442 713 1520 768; x_wconf 87' lang='grc' dir='ltr'>Τεεε</span> <span class='ocrx_word' id='word_1_160' title='bbox 1536 713 1569 767; x_wconf 86' lang='lat' dir='ltr'><strong>lit</strong></span> <span class='ocrx_word' id='word_1_161' title='bbox 1581 713 1668 768; x_wconf 89' lang='lat' dir='ltr'><strong>homo</strong></span> <span class='ocrx_word' id='word_1_162' title='bbox 1694 715 1728 769; x_wconf 84' lang='lat' dir='ltr'><strong>ad</strong></span> <span class='ocrx_word' id='word_1_163' title='bbox 1744 714 1852 787; x_wconf 86' lang='lat' dir='ltr'><strong>imagi-</strong></span> 
     </span>
     <span class='ocr_line' id='line_1_21' title="bbox 1004 783 1852 850; baseline 0.004 -13"><span class='ocrx_word' id='word_1_164' title='bbox 1004 799 1069 837; x_wconf 78' lang='lat' dir='ltr'><strong>nent</strong></span> <span class='ocrx_word' id='word_1_165' title='bbox 1085 788 1113 837; x_wconf 91' lang='lat' dir='ltr'><strong>et</strong></span> <span class='ocrx_word' id='word_1_166' title='bbox 1131 783 1347 838; x_wconf 88' lang='lat' dir='ltr'><strong>similitudinem</strong></span> <span class='ocrx_word' id='word_1_167' title='bbox 1374 783 1433 850; x_wconf 92' lang='lat' dir='ltr'><strong>Dei,</strong></span> <span class='ocrx_word' id='word_1_168' title='bbox 1450 783 1521 837; x_wconf 91' lang='lat' dir='ltr'><strong>sicut</strong></span> <span class='ocrx_word' id='word_1_169' title='bbox 1543 784 1572 837; x_wconf 92' lang='lat' dir='ltr'><strong>in</strong></span> <span class='ocrx_word' id='word_1_170' title='bbox 1588 784 1642 839; x_wconf 88' lang='lat' dir='ltr'><strong>ista</strong></span> <span class='ocrx_word' id='word_1_171' title='bbox 1664 789 1747 840; x_wconf 77' lang='lat' dir='ltr'><strong>aetate</strong></span> <span class='ocrx_word' id='word_1_172' title='bbox 1774 791 1852 840; x_wconf 87' lang='lat' dir='ltr'><strong>sesta</strong></span> 
     </span>
     <span class='ocr_line' id='line_1_22' title="bbox 1004 855 1851 928; baseline 0.004 -20"><span class='ocrx_word' id='word_1_173' title='bbox 1004 855 1130 908; x_wconf 87' lang='lat' dir='ltr'><strong>nascitur</strong></span> <span class='ocrx_word' id='word_1_174' title='bbox 1148 855 1177 908; x_wconf 90' lang='lat' dir='ltr'><strong>in</strong></span> <span class='ocrx_word' id='word_1_175' title='bbox 1202 871 1287 908; x_wconf 87' lang='lat' dir='ltr'><strong>carne</strong></span> <span class='ocrx_word' id='word_1_176' title='bbox 1313 855 1452 908; x_wconf 86' lang='lat' dir='ltr'><strong>Dominus</strong></span> <span class='ocrx_word' id='word_1_177' title='bbox 1480 859 1588 920; x_wconf 88' lang='lat' dir='ltr'><strong>noster,</strong></span> <span class='ocrx_word' id='word_1_178' title='bbox 1603 857 1638 910; x_wconf 88' lang='lat' dir='ltr'><strong>de</strong></span> <span class='ocrx_word' id='word_1_179' title='bbox 1662 872 1719 928; x_wconf 91' lang='lat' dir='ltr'><strong>quo</strong></span> <span class='ocrx_word' id='word_1_180' title='bbox 1743 856 1851 911; x_wconf 91' lang='lat' dir='ltr'><strong>dictum</strong></span> 
     </span>
     <span class='ocr_line' id='line_1_23' title="bbox 1004 924 1852 1007; baseline 0.006 -30"><span class='ocrx_word' id='word_1_181' title='bbox 1004 930 1047 978; x_wconf 89' lang='grc' dir='ltr'><strong>εει</strong></span> <span class='ocrx_word' id='word_1_182' title='bbox 1064 940 1115 994; x_wconf 91' lang='lat' dir='ltr'><strong>per</strong></span> <span class='ocrx_word' id='word_1_183' title='bbox 1140 926 1310 996; x_wconf 89' lang='lat' dir='ltr'><strong>prophetam</strong></span> <span class='ocrx_word' id='word_1_184' title='bbox 1329 941 1335 978; x_wconf 92' lang='lat'>:</span> <span class='ocrx_word' id='word_1_185' title='bbox 1356 946 1366 973; x_wconf 84' lang='grc' dir='ltr'>ι</span> <span class='ocrx_word' id='word_1_186' title='bbox 1385 925 1418 978; x_wconf 85' lang='lat' dir='ltr'><strong>Et</strong></span> <span class='ocrx_word' id='word_1_187' title='bbox 1432 924 1518 979; x_wconf 90' lang='lat' dir='ltr'><strong>homo</strong></span> <span class='ocrx_word' id='word_1_188' title='bbox 1534 931 1587 990; x_wconf 89' lang='grc' dir='ltr'>εει,</span> <span class='ocrx_word' id='word_1_189' title='bbox 1603 930 1631 981; x_wconf 91' lang='grc' dir='ltr'><strong>ει</strong></span> <span class='ocrx_word' id='word_1_190' title='bbox 1655 926 1719 1007; x_wconf 89' lang='lat' dir='ltr'><strong>quis</strong></span> <span class='ocrx_word' id='word_1_191' title='bbox 1745 942 1852 997; x_wconf 88' lang='lat' dir='ltr'><strong>cogno·</strong></span> 
     </span>
     <span class='ocr_line' id='line_1_24' title="bbox 1005 994 1852 1066; baseline 0.004 -18"><span class='ocrx_word' id='word_1_192' title='bbox 1005 996 1167 1048; x_wconf 76' lang='lat' dir='ltr'><strong>scateam?</strong></span> <span class='ocrx_word' id='word_1_193' title='bbox 1186 1014 1199 1047; x_wconf 79' lang='lat' dir='ltr'><strong>a</strong></span> <span class='ocrx_word' id='word_1_194' title='bbox 1216 996 1249 1049; x_wconf 86' lang='grc' dir='ltr'>Ει</span> <span class='ocrx_word' id='word_1_195' title='bbox 1263 994 1507 1066; x_wconf 86' lang='lat' dir='ltr'><strong>quemadmodum</strong></span> <span class='ocrx_word' id='word_1_196' title='bbox 1532 995 1561 1049; x_wconf 91' lang='lat' dir='ltr'><strong>in</strong></span> <span class='ocrx_word' id='word_1_197' title='bbox 1584 996 1633 1051; x_wconf 87' lang='lat' dir='ltr'><strong>illa</strong></span> <span class='ocrx_word' id='word_1_198' title='bbox 1647 997 1693 1051; x_wconf 83' lang='lat' dir='ltr'><strong>dte</strong></span> <span class='ocrx_word' id='word_1_199' title='bbox 1711 998 1852 1052; x_wconf 87' lang='lat' dir='ltr'><strong>masculus</strong></span> 
     </span>
     <span class='ocr_line' id='line_1_25' title="bbox 1005 1065 1852 1135; baseline 0.005 -17"><span class='ocrx_word' id='word_1_200' title='bbox 1005 1069 1030 1118; x_wconf 91' lang='grc' dir='ltr'><strong>ει</strong></span> <span class='ocrx_word' id='word_1_201' title='bbox 1052 1065 1158 1119; x_wconf 80' lang='lat' dir='ltr'><strong>femina</strong></span> <span class='ocrx_word' id='word_1_202' title='bbox 1173 1065 1316 1135; x_wconf 89' lang='lat' dir='ltr'><strong>conjuncti</strong></span> <span class='ocrx_word' id='word_1_203' title='bbox 1333 1070 1408 1130; x_wconf 88' lang='grc' dir='ltr'>εεει,</span> <span class='ocrx_word' id='word_1_204' title='bbox 1424 1065 1463 1118; x_wconf 87' lang='lat' dir='ltr'><strong>sio</strong></span> <span class='ocrx_word' id='word_1_205' title='bbox 1491 1071 1520 1119; x_wconf 89' lang='lat' dir='ltr'><strong>et</strong></span> <span class='ocrx_word' id='word_1_206' title='bbox 1544 1067 1574 1120; x_wconf 91' lang='lat' dir='ltr'><strong>in</strong></span> <span class='ocrx_word' id='word_1_207' title='bbox 1602 1066 1655 1121; x_wconf 90' lang='lat' dir='ltr'><strong>ista</strong></span> <span class='ocrx_word' id='word_1_208' title='bbox 1682 1067 1852 1122; x_wconf 88' lang='lat' dir='ltr'><strong>Christusct</strong></span> 
     </span>
     <span class='ocr_line' id='line_1_26' title="bbox 1007 1136 1851 1209; baseline 0.004 -20"><span class='ocrx_word' id='word_1_209' title='bbox 1007 1136 1135 1189; x_wconf 74' lang='lat' dir='ltr'><strong>Ecclesia.</strong></span> <span class='ocrx_word' id='word_1_210' title='bbox 1162 1137 1195 1190; x_wconf 85' lang='lat' dir='ltr'><strong>Et</strong></span> <span class='ocrx_word' id='word_1_211' title='bbox 1221 1141 1408 1206; x_wconf 70' lang='lat' dir='ltr'><strong>praeponetur</strong></span> <span class='ocrx_word' id='word_1_212' title='bbox 1437 1136 1523 1190; x_wconf 87' lang='lat' dir='ltr'><strong>homo</strong></span> <span class='ocrx_word' id='word_1_213' title='bbox 1552 1137 1659 1191; x_wconf 86' lang='lat' dir='ltr'><strong>iliadis</strong></span> <span class='ocrx_word' id='word_1_214' title='bbox 1687 1139 1851 1209; x_wconf 81' lang='lat' dir='ltr'><strong>pecoribus,</strong></span> 
     </span>
     <span class='ocr_line' id='line_1_27' title="bbox 1005 1206 1851 1335; baseline 0.005 -76"><span class='ocrx_word' id='word_1_215' title='bbox 1005 1206 1185 1330; x_wconf 49' lang='lat' dir='ltr'><strong>{calqpaqttibus</strong></span> <span class='ocrx_word' id='word_1_216' title='bbox 1200 1213 1233 1331; x_wconf 76' lang='lat' dir='ltr'><strong>ett</strong></span> <span class='ocrx_word' id='word_1_217' title='bbox 1242 1206 1516 1331; x_wconf 53' lang='grc' dir='ltr'><strong>εεΙειιΙίιειεὶεειίῂε1</strong></span> <span class='ocrx_word' id='word_1_218' title='bbox 1529 1206 1569 1260; x_wconf 90' lang='lat' dir='ltr'><strong>sic</strong></span> <span class='ocrx_word' id='word_1_219' title='bbox 1596 1212 1623 1261; x_wconf 92' lang='grc' dir='ltr'><strong>ει</strong></span> <span class='ocrx_word' id='word_1_220' title='bbox 1638 1209 1667 1330; x_wconf 74' lang='lat' dir='ltr'><strong>iq</strong></span> <span class='ocrx_word' id='word_1_221' title='bbox 1693 1212 1746 1262; x_wconf 88' lang='lat' dir='ltr'><strong>ista</strong></span> <span class='ocrx_word' id='word_1_222' title='bbox 1769 1215 1851 1335; x_wconf 54' lang='lat' dir='ltr'><strong>atsatq</strong></span> 
     </span>
     <span class='ocr_line' id='line_1_28' title="bbox 1050 1292 1801 1338; baseline 0.007 -10"><span class='ocrx_word' id='word_1_223' title='bbox 1050 1292 1134 1329; x_wconf 81' lang='lat' dir='ltr'><strong>risus</strong></span> <span class='ocrx_word' id='word_1_224' title='bbox 1159 1293 1218 1330; x_wconf 86' lang='lat' dir='ltr'><strong>rer</strong></span> <span class='ocrx_word' id='word_1_225' title='bbox 1255 1293 1366 1330; x_wconf 80' lang='lat' dir='ltr'><strong>animas</strong></span> <span class='ocrx_word' id='word_1_226' title='bbox 1394 1293 1483 1331; x_wconf 83' lang='lat' dir='ltr'><strong>saio</strong></span> <span class='ocrx_word' id='word_1_227' title='bbox 1518 1293 1563 1331; x_wconf 89' lang='lat' dir='ltr'><strong>em</strong></span> <span class='ocrx_word' id='word_1_228' title='bbox 1586 1294 1709 1338; x_wconf 87' lang='lat' dir='ltr'><strong>cranes,</strong></span> <span class='ocrx_word' id='word_1_229' title='bbox 1758 1295 1801 1333; x_wconf 75' lang='grc' dir='ltr'><strong>ειε</strong></span> 
     </span>
     <span class='ocr_line' id='line_1_29' title="bbox 1006 1293 1851 1419; baseline 0.005 -20"><span class='ocrx_word' id='word_1_230' title='bbox 1006 1346 1158 1401; x_wconf 84' lang='lat' dir='ltr'><strong>Ecclesiam</strong></span> <span class='ocrx_word' id='word_1_231' title='bbox 1172 1293 1244 1416; x_wconf 51' lang='lat' dir='ltr'><strong>ei‘us,</strong></span> <span class='ocrx_word' id='word_1_232' title='bbox 1260 1348 1365 1418; x_wconf 89' lang='lat' dir='ltr'><strong>partim</strong></span> <span class='ocrx_word' id='word_1_233' title='bbox 1382 1347 1416 1401; x_wconf 88' lang='lat' dir='ltr'><strong>de</strong></span> <span class='ocrx_word' id='word_1_234' title='bbox 1440 1348 1548 1418; x_wconf 93' lang='lat' dir='ltr'><strong>populo</strong></span> <span class='ocrx_word' id='word_1_235' title='bbox 1565 1295 1729 1402; x_wconf 38' lang='lat' dir='ltr'><strong>iudaeorum</strong></span> <span class='ocrx_word' id='word_1_236' title='bbox 1737 1294 1772 1403; x_wconf 57' lang='grc' dir='ltr'>(ἐι</span> <span class='ocrx_word' id='word_1_237' title='bbox 1786 1365 1851 1419; x_wconf 90' lang='lat' dir='ltr'><strong>par·</strong></span> 
     </span>
    </p>
   </div>
   <div class='ocr_carea' id='block_1_5' title="bbox 96 1349 1873 5028">
    <p class='ocr_par' dir='ltr' id='par_1_5' title="bbox 96 1349 1873 5028">
     <span class='ocr_line' id='line_1_30' title="bbox 105 1349 950 1417; baseline -0.006 -14"><span class='ocrx_word' id='word_1_238' title='bbox 105 1373 117 1397; x_wconf 77' lang='lat' dir='ltr'><strong>a</strong></span> <span class='ocrx_word' id='word_1_239' title='bbox 132 1356 185 1415; x_wconf 86' lang='lat' dir='ltr'><strong>tes,</strong></span> <span class='ocrx_word' id='word_1_240' title='bbox 200 1355 230 1403; x_wconf 89' lang='lat' dir='ltr'><strong>et</strong></span> <span class='ocrx_word' id='word_1_241' title='bbox 246 1365 328 1417; x_wconf 86' lang='lat' dir='ltr'><strong>regas</strong></span> <span class='ocrx_word' id='word_1_242' title='bbox 343 1364 375 1402; x_wconf 85' lang='lat' dir='ltr'><strong>ex</strong></span> <span class='ocrx_word' id='word_1_243' title='bbox 389 1354 417 1401; x_wconf 87' lang='lat' dir='ltr'><strong>ts</strong></span> <span class='ocrx_word' id='word_1_244' title='bbox 432 1352 526 1402; x_wconf 88' lang='lat' dir='ltr'><strong>arunt.</strong></span> <span class='ocrx_word' id='word_1_245' title='bbox 545 1349 576 1401; x_wconf 80' lang='lat' dir='ltr'><strong>Et</strong></span> <span class='ocrx_word' id='word_1_246' title='bbox 603 1362 689 1401; x_wconf 88' lang='lat' dir='ltr'><strong>onam</strong></span> <span class='ocrx_word' id='word_1_247' title='bbox 704 1352 919 1412; x_wconf 89' lang='lat' dir='ltr'><strong>testamentum,</strong></span> <span class='ocrx_word' id='word_1_248' title='bbox 936 1365 950 1397; x_wconf 83' lang='grc' dir='ltr'><strong>ε</strong></span> 
     </span>
     <span class='ocr_line' id='line_1_31' title="bbox 104 1363 1852 1488; baseline 0.001 -15"><span class='ocrx_word' id='word_1_249' title='bbox 104 1425 154 1473; x_wconf 84' lang='grc' dir='ltr'>ειε.</span> <span class='ocrx_word' id='word_1_250' title='bbox 179 1421 245 1475; x_wconf 76' lang='lat' dir='ltr'><strong>llaec</strong></span> <span class='ocrx_word' id='word_1_251' title='bbox 274 1425 343 1472; x_wconf 77' lang='lat' dir='ltr'><strong>atas</strong></span> <span class='ocrx_word' id='word_1_252' title='bbox 368 1419 535 1488; x_wconf 88' lang='lat' dir='ltr'><strong>porrigitur.</strong></span> <span class='ocrx_word' id='word_1_253' title='bbox 565 1363 601 1471; x_wconf 64' lang='lat' dir='ltr'><strong>aD</strong></span> <span class='ocrx_word' id='word_1_254' title='bbox 626 1417 770 1471; x_wconf 84' lang='lat' dir='ltr'><strong>Abrabam</strong></span> <span class='ocrx_word' id='word_1_255' title='bbox 798 1432 887 1488; x_wconf 92' lang='lat' dir='ltr'><strong>usque</strong></span> <span class='ocrx_word' id='word_1_256' title='bbox 916 1416 952 1470; x_wconf 94' lang='lat' dir='ltr'><strong>ad</strong></span> <span class='ocrx_word' id='word_1_257' title='bbox 1006 1416 1057 1470; x_wconf 90' lang='lat' dir='ltr'><strong>tim</strong></span> <span class='ocrx_word' id='word_1_258' title='bbox 1075 1433 1108 1472; x_wconf 82' lang='lat' dir='ltr'><strong>ex</strong></span> <span class='ocrx_word' id='word_1_259' title='bbox 1128 1417 1260 1488; x_wconf 87' lang='lat' dir='ltr'><strong>gentibus</strong></span> <span class='ocrx_word' id='word_1_260' title='bbox 1274 1425 1425 1483; x_wconf 85' lang='lat' dir='ltr'><strong>venerunt,</strong></span> <span class='ocrx_word' id='word_1_261' title='bbox 1442 1424 1473 1472; x_wconf 92' lang='lat' dir='ltr'><strong>ut</strong></span> <span class='ocrx_word' id='word_1_262' title='bbox 1487 1419 1522 1472; x_wconf 82' lang='lat' dir='ltr'><strong>als</strong></span> <span class='ocrx_word' id='word_1_263' title='bbox 1539 1433 1572 1471; x_wconf 89' lang='lat' dir='ltr'><strong>eo</strong></span> <span class='ocrx_word' id='word_1_264' title='bbox 1588 1419 1705 1472; x_wconf 73' lang='lat' dir='ltr'><strong>domitas</strong></span> <span class='ocrx_word' id='word_1_265' title='bbox 1720 1434 1852 1475; x_wconf 88' lang='lat' dir='ltr'><strong>mansua-</strong></span> 
     </span>
     <span class='ocr_line' id='line_1_32' title="bbox 105 1487 1873 1561; baseline -0.001 -16"><span class='ocrx_word' id='word_1_266' title='bbox 105 1491 201 1554; x_wconf 80' lang='lat' dir='ltr'><strong>David,</strong></span> <span class='ocrx_word' id='word_1_267' title='bbox 219 1488 437 1561; x_wconf 88' lang='lat' dir='ltr'><strong>quatuordecim</strong></span> <span class='ocrx_word' id='word_1_268' title='bbox 461 1487 702 1558; x_wconf 80' lang='lat' dir='ltr'><strong>generationibus.</strong></span> <span class='ocrx_word' id='word_1_269' title='bbox 731 1487 952 1557; x_wconf 87' lang='lat' dir='ltr'><strong>llujusvespara</strong></span> <span class='ocrx_word' id='word_1_270' title='bbox 1006 1494 1135 1554; x_wconf 89' lang='lat' dir='ltr'><strong>scereut;</strong></span> <span class='ocrx_word' id='word_1_271' title='bbox 1156 1489 1296 1556; x_wconf 83' lang='lat' dir='ltr'><strong>homines,</strong></span> <span class='ocrx_word' id='word_1_272' title='bbox 1331 1488 1439 1543; x_wconf 86' lang='lat' dir='ltr'><strong>scilicet</strong></span> <span class='ocrx_word' id='word_1_273' title='bbox 1460 1489 1503 1542; x_wconf 84' lang='lat' dir='ltr'><strong>vel</strong></span> <span class='ocrx_word' id='word_1_274' title='bbox 1529 1489 1634 1542; x_wconf 89' lang='lat' dir='ltr'><strong>carnali</strong></span> <span class='ocrx_word' id='word_1_275' title='bbox 1651 1490 1873 1560; x_wconf 55' lang='lat' dir='ltr'><strong>concupiscant</strong></span> 
     </span>
     <span class='ocr_line' id='line_1_33' title="bbox 103 1558 1850 1631; baseline 0 -16"><span class='ocrx_word' id='word_1_276' title='bbox 103 1568 144 1615; x_wconf 83' lang='lat' dir='ltr'><strong>est</strong></span> <span class='ocrx_word' id='word_1_277' title='bbox 157 1563 188 1615; x_wconf 92' lang='lat' dir='ltr'><strong>in</strong></span> <span class='ocrx_word' id='word_1_278' title='bbox 203 1562 327 1631; x_wconf 86' lang='lat' dir='ltr'><strong>peccatis</strong></span> <span class='ocrx_word' id='word_1_279' title='bbox 338 1560 446 1630; x_wconf 91' lang='lat' dir='ltr'><strong>pupuli,</strong></span> <span class='ocrx_word' id='word_1_280' title='bbox 462 1559 565 1629; x_wconf 88' lang='lat' dir='ltr'><strong>quibus</strong></span> <span class='ocrx_word' id='word_1_281' title='bbox 577 1558 675 1612; x_wconf 77' lang='lat' dir='ltr'><strong>divina</strong></span> <span class='ocrx_word' id='word_1_282' title='bbox 689 1558 951 1628; x_wconf 82' lang='lat' dir='ltr'><strong>mandatapraetcr·</strong></span> <span class='ocrx_word' id='word_1_283' title='bbox 1006 1558 1053 1611; x_wconf 86' lang='lat' dir='ltr'><strong>tiae</strong></span> <span class='ocrx_word' id='word_1_284' title='bbox 1077 1560 1174 1621; x_wconf 86' lang='lat' dir='ltr'><strong>dediti,</strong></span> <span class='ocrx_word' id='word_1_285' title='bbox 1191 1560 1264 1613; x_wconf 86' lang='lat' dir='ltr'><strong>sicut</strong></span> <span class='ocrx_word' id='word_1_286' title='bbox 1288 1575 1413 1630; x_wconf 86' lang='lat' dir='ltr'><strong>pecora:</strong></span> <span class='ocrx_word' id='word_1_287' title='bbox 1441 1560 1482 1612; x_wconf 85' lang='lat' dir='ltr'><strong>vel</strong></span> <span class='ocrx_word' id='word_1_288' title='bbox 1512 1559 1662 1613; x_wconf 83' lang='lat' dir='ltr'><strong>tenebrosa</strong></span> <span class='ocrx_word' id='word_1_289' title='bbox 1686 1560 1850 1615; x_wconf 86' lang='lat' dir='ltr'><strong>curiositate</strong></span> 
     </span>
     <span class='ocr_line' id='line_1_34' title="bbox 103 1628 1850 1704; baseline 0 -19"><span class='ocrx_word' id='word_1_290' title='bbox 103 1634 189 1692; x_wconf 84' lang='lat' dir='ltr'><strong>ibant,</strong></span> <span class='ocrx_word' id='word_1_291' title='bbox 213 1647 305 1702; x_wconf 89' lang='lat' dir='ltr'><strong>usque</strong></span> <span class='ocrx_word' id='word_1_292' title='bbox 337 1630 373 1684; x_wconf 92' lang='lat' dir='ltr'><strong>ad</strong></span> <span class='ocrx_word' id='word_1_293' title='bbox 400 1629 539 1683; x_wconf 90' lang='lat' dir='ltr'><strong>malitiam</strong></span> <span class='ocrx_word' id='word_1_294' title='bbox 571 1628 689 1699; x_wconf 88' lang='lat' dir='ltr'><strong>pessimi</strong></span> <span class='ocrx_word' id='word_1_295' title='bbox 714 1628 816 1682; x_wconf 90' lang='lat' dir='ltr'><strong>Saulis.</strong></span> <span class='ocrx_word' id='word_1_296' title='bbox 844 1629 950 1682; x_wconf 86' lang='lat' dir='ltr'><strong>Deinde</strong></span> <span class='ocrx_word' id='word_1_297' title='bbox 970 1630 1433 1704; x_wconf 73' lang='lat' dir='ltr'><strong>Bobscurati,quasiserpentes3</strong></span> <span class='ocrx_word' id='word_1_298' title='bbox 1451 1629 1493 1683; x_wconf 85' lang='lat' dir='ltr'><strong>vel</strong></span> <span class='ocrx_word' id='word_1_299' title='bbox 1521 1631 1589 1683; x_wconf 90' lang='lat' dir='ltr'><strong>elati</strong></span> <span class='ocrx_word' id='word_1_300' title='bbox 1609 1631 1850 1702; x_wconf 89' lang='lat' dir='ltr'><strong>superbia,quasi</strong></span> 
     </span>
     <span class='ocr_line' id='line_1_35' title="bbox 103 1699 1852 1772; baseline 0.001 -17"><span class='ocrx_word' id='word_1_301' title='bbox 103 1703 219 1772; x_wconf 75' lang='lat' dir='ltr'><strong>mystice</strong></span> <span class='ocrx_word' id='word_1_302' title='bbox 232 1702 265 1755; x_wconf 90' lang='lat' dir='ltr'><strong>lit</strong></span> <span class='ocrx_word' id='word_1_303' title='bbox 276 1716 360 1754; x_wconf 90' lang='lat' dir='ltr'><strong>mane</strong></span> <span class='ocrx_word' id='word_1_304' title='bbox 374 1706 483 1770; x_wconf 68' lang='lat' dir='ltr'><strong>quartae</strong></span> <span class='ocrx_word' id='word_1_305' title='bbox 499 1699 565 1763; x_wconf 85' lang='lat' dir='ltr'><strong>diei,</strong></span> <span class='ocrx_word' id='word_1_306' title='bbox 590 1715 712 1769; x_wconf 90' lang='lat' dir='ltr'><strong>regnum</strong></span> <span class='ocrx_word' id='word_1_307' title='bbox 728 1699 836 1753; x_wconf 86' lang='lat' dir='ltr'><strong>scilicet</strong></span> <span class='ocrx_word' id='word_1_308' title='bbox 850 1699 947 1754; x_wconf 85' lang='lat' dir='ltr'><strong>David.</strong></span> <span class='ocrx_word' id='word_1_309' title='bbox 1005 1716 1079 1754; x_wconf 86' lang='lat' dir='ltr'><strong>aves.</strong></span> <span class='ocrx_word' id='word_1_310' title='bbox 1096 1701 1130 1754; x_wconf 88' lang='lat' dir='ltr'><strong>Et</strong></span> <span class='ocrx_word' id='word_1_311' title='bbox 1146 1701 1217 1754; x_wconf 88' lang='lat' dir='ltr'><strong>sicut</strong></span> <span class='ocrx_word' id='word_1_312' title='bbox 1228 1701 1256 1753; x_wconf 90' lang='lat' dir='ltr'><strong>in</strong></span> <span class='ocrx_word' id='word_1_313' title='bbox 1273 1701 1321 1754; x_wconf 89' lang='lat' dir='ltr'><strong>illa</strong></span> <span class='ocrx_word' id='word_1_314' title='bbox 1338 1701 1383 1754; x_wconf 87' lang='lat' dir='ltr'><strong>die</strong></span> <span class='ocrx_word' id='word_1_315' title='bbox 1412 1700 1537 1769; x_wconf 86' lang='lat' dir='ltr'><strong>pascitur</strong></span> <span class='ocrx_word' id='word_1_316' title='bbox 1552 1700 1648 1765; x_wconf 87' lang='lat' dir='ltr'><strong>homo,</strong></span> <span class='ocrx_word' id='word_1_317' title='bbox 1664 1705 1692 1754; x_wconf 86' lang='lat' dir='ltr'><strong>at</strong></span> <span class='ocrx_word' id='word_1_318' title='bbox 1715 1701 1852 1757; x_wconf 90' lang='lat' dir='ltr'><strong>animalia</strong></span> 
     </span>
     <span class='ocr_line' id='line_1_36' title="bbox 104 1769 1849 1843; baseline 0.001 -17"><span class='ocrx_word' id='word_1_319' title='bbox 104 1774 163 1826; x_wconf 79' lang='lat' dir='ltr'><strong>llaec</strong></span> <span class='ocrx_word' id='word_1_320' title='bbox 177 1780 251 1826; x_wconf 86' lang='lat' dir='ltr'><strong>aetas</strong></span> <span class='ocrx_word' id='word_1_321' title='bbox 263 1772 365 1825; x_wconf 89' lang='lat' dir='ltr'><strong>similis</strong></span> <span class='ocrx_word' id='word_1_322' title='bbox 377 1777 420 1825; x_wconf 88' lang='lat' dir='ltr'><strong>est</strong></span> <span class='ocrx_word' id='word_1_323' title='bbox 427 1770 581 1841; x_wconf 85' lang='lat' dir='ltr'><strong>juventuti.</strong></span> <span class='ocrx_word' id='word_1_324' title='bbox 598 1769 632 1823; x_wconf 88' lang='lat' dir='ltr'><strong>Et</strong></span> <span class='ocrx_word' id='word_1_325' title='bbox 647 1785 745 1823; x_wconf 88' lang='lat' dir='ltr'><strong>revera</strong></span> <span class='ocrx_word' id='word_1_326' title='bbox 761 1769 836 1823; x_wconf 90' lang='lat' dir='ltr'><strong>inter</strong></span> <span class='ocrx_word' id='word_1_327' title='bbox 850 1786 949 1824; x_wconf 88' lang='lat' dir='ltr'><strong>omnes</strong></span> <span class='ocrx_word' id='word_1_328' title='bbox 1004 1785 1069 1840; x_wconf 85' lang='lat' dir='ltr'><strong>quae</strong></span> <span class='ocrx_word' id='word_1_329' title='bbox 1086 1787 1149 1824; x_wconf 90' lang='lat' dir='ltr'><strong>cum</strong></span> <span class='ocrx_word' id='word_1_330' title='bbox 1176 1771 1238 1841; x_wconf 90' lang='lat' dir='ltr'><strong>ipso</strong></span> <span class='ocrx_word' id='word_1_331' title='bbox 1266 1776 1343 1829; x_wconf 90' lang='lat' dir='ltr'><strong>sunt.</strong></span> <span class='ocrx_word' id='word_1_332' title='bbox 1374 1771 1470 1824; x_wconf 86' lang='lat' dir='ltr'><strong>barbis</strong></span> <span class='ocrx_word' id='word_1_333' title='bbox 1489 1770 1683 1837; x_wconf 73' lang='lat' dir='ltr'><strong>seminatibus,</strong></span> <span class='ocrx_word' id='word_1_334' title='bbox 1712 1776 1741 1824; x_wconf 89' lang='grc' dir='ltr'><strong>ει</strong></span> <span class='ocrx_word' id='word_1_335' title='bbox 1764 1772 1849 1843; x_wconf 88' lang='lat' dir='ltr'><strong>lignis</strong></span> 
     </span>
     <span class='ocr_line' id='line_1_37' title="bbox 101 1839 1851 1921; baseline 0.001 -25"><span class='ocrx_word' id='word_1_336' title='bbox 101 1849 197 1897; x_wconf 74' lang='lat' dir='ltr'><strong>etates</strong></span> <span class='ocrx_word' id='word_1_337' title='bbox 225 1845 329 1913; x_wconf 84' lang='lat' dir='ltr'><strong>regnat</strong></span> <span class='ocrx_word' id='word_1_338' title='bbox 357 1840 502 1912; x_wconf 87' lang='lat' dir='ltr'><strong>juventus,</strong></span> <span class='ocrx_word' id='word_1_339' title='bbox 525 1846 553 1895; x_wconf 89' lang='grc' dir='ltr'><strong>ει</strong></span> <span class='ocrx_word' id='word_1_340' title='bbox 580 1840 642 1921; x_wconf 80' lang='lat' dir='ltr'><strong>ipsa</strong></span> <span class='ocrx_word' id='word_1_341' title='bbox 664 1844 706 1893; x_wconf 90' lang='lat' dir='ltr'><strong>est</strong></span> <span class='ocrx_word' id='word_1_342' title='bbox 731 1839 826 1910; x_wconf 91' lang='lat' dir='ltr'><strong>ipsum</strong></span> <span class='ocrx_word' id='word_1_343' title='bbox 851 1840 948 1894; x_wconf 85' lang='lat' dir='ltr'><strong>firma·</strong></span> <span class='ocrx_word' id='word_1_344' title='bbox 1003 1840 1168 1907; x_wconf 83' lang='lat' dir='ltr'><strong>fructiferis,</strong></span> <span class='ocrx_word' id='word_1_345' title='bbox 1184 1847 1213 1895; x_wconf 92' lang='lat' dir='ltr'><strong>et</strong></span> <span class='ocrx_word' id='word_1_346' title='bbox 1228 1843 1324 1896; x_wconf 88' lang='lat' dir='ltr'><strong>herbis</strong></span> <span class='ocrx_word' id='word_1_347' title='bbox 1339 1841 1479 1895; x_wconf 79' lang='lat' dir='ltr'><strong>viridibus</strong></span> <span class='ocrx_word' id='word_1_348' title='bbox 1500 1842 1558 1895; x_wconf 87' lang='lat' dir='ltr'><strong>:sic</strong></span> <span class='ocrx_word' id='word_1_349' title='bbox 1571 1840 1600 1895; x_wconf 90' lang='lat' dir='ltr'><strong>in</strong></span> <span class='ocrx_word' id='word_1_350' title='bbox 1622 1841 1676 1895; x_wconf 89' lang='lat' dir='ltr'><strong>ista</strong></span> <span class='ocrx_word' id='word_1_351' title='bbox 1702 1847 1785 1897; x_wconf 80' lang='lat' dir='ltr'><strong>aetate</strong></span> <span class='ocrx_word' id='word_1_352' title='bbox 1803 1845 1851 1897; x_wconf 89' lang='lat' dir='ltr'><strong>bo·</strong></span> 
     </span>
     <span class='ocr_line' id='line_1_38' title="bbox 103 1910 1850 1984; baseline 0.001 -17"><span class='ocrx_word' id='word_1_353' title='bbox 103 1920 232 1968; x_wconf 89' lang='lat' dir='ltr'><strong>mentum</strong></span> <span class='ocrx_word' id='word_1_354' title='bbox 243 1913 376 1967; x_wconf 89' lang='lat' dir='ltr'><strong>omnium</strong></span> <span class='ocrx_word' id='word_1_355' title='bbox 391 1915 571 1966; x_wconf 77' lang='lat' dir='ltr'><strong>aetatumzet</strong></span> <span class='ocrx_word' id='word_1_356' title='bbox 590 1911 653 1965; x_wconf 84' lang='lat' dir='ltr'><strong>ideo</strong></span> <span class='ocrx_word' id='word_1_357' title='bbox 667 1910 740 1965; x_wconf 89' lang='lat' dir='ltr'><strong>bene</strong></span> <span class='ocrx_word' id='word_1_358' title='bbox 768 1916 950 1980; x_wconf 88' lang='lat' dir='ltr'><strong>comparatur</strong></span> <span class='ocrx_word' id='word_1_359' title='bbox 1004 1928 1063 1978; x_wconf 92' lang='lat' dir='ltr'><strong>mo,</strong></span> <span class='ocrx_word' id='word_1_360' title='bbox 1077 1913 1251 1984; x_wconf 88' lang='lat' dir='ltr'><strong>quicumque</strong></span> <span class='ocrx_word' id='word_1_361' title='bbox 1266 1912 1357 1967; x_wconf 92' lang='lat' dir='ltr'><strong>bonus</strong></span> <span class='ocrx_word' id='word_1_362' title='bbox 1379 1917 1421 1966; x_wconf 92' lang='grc' dir='ltr'><strong>εει</strong></span> <span class='ocrx_word' id='word_1_363' title='bbox 1446 1910 1576 1966; x_wconf 90' lang='lat' dir='ltr'><strong>minister</strong></span> <span class='ocrx_word' id='word_1_364' title='bbox 1590 1911 1703 1980; x_wconf 78' lang='lat' dir='ltr'><strong>Christi,</strong></span> <span class='ocrx_word' id='word_1_365' title='bbox 1729 1918 1758 1968; x_wconf 89' lang='lat' dir='ltr'><strong>at</strong></span> <span class='ocrx_word' id='word_1_366' title='bbox 1783 1928 1850 1968; x_wconf 90' lang='lat' dir='ltr'><strong>eum</strong></span> 
     </span>
     <span class='ocr_line' id='line_1_39' title="bbox 102 1981 1850 2054; baseline 0.002 -19"><span class='ocrx_word' id='word_1_367' title='bbox 102 1991 201 2054; x_wconf 87' lang='lat' dir='ltr'><strong>quarto</strong></span> <span class='ocrx_word' id='word_1_368' title='bbox 218 1984 276 2037; x_wconf 89' lang='lat' dir='ltr'><strong>diei</strong></span> <span class='ocrx_word' id='word_1_369' title='bbox 288 1984 317 2036; x_wconf 91' lang='lat' dir='ltr'><strong>in</strong></span> <span class='ocrx_word' id='word_1_370' title='bbox 333 2000 390 2054; x_wconf 93' lang='lat' dir='ltr'><strong>quo</strong></span> <span class='ocrx_word' id='word_1_371' title='bbox 405 1981 478 2036; x_wconf 83' lang='lat' dir='ltr'><strong>lacta</strong></span> <span class='ocrx_word' id='word_1_372' title='bbox 505 1982 677 2036; x_wconf 89' lang='lat' dir='ltr'><strong>suntsidera</strong></span> <span class='ocrx_word' id='word_1_373' title='bbox 703 1981 765 2035; x_wconf 85' lang='lat' dir='ltr'><strong>coeli</strong></span> <span class='ocrx_word' id='word_1_374' title='bbox 792 1983 820 2035; x_wconf 93' lang='lat' dir='ltr'><strong>in</strong></span> <span class='ocrx_word' id='word_1_375' title='bbox 850 1982 949 2036; x_wconf 89' lang='lat' dir='ltr'><strong>tirma-</strong></span> <span class='ocrx_word' id='word_1_376' title='bbox 1003 1983 1086 2049; x_wconf 89' lang='lat' dir='ltr'><strong>bene,</strong></span> <span class='ocrx_word' id='word_1_377' title='bbox 1112 1989 1250 2053; x_wconf 85' lang='lat' dir='ltr'><strong>quantum</strong></span> <span class='ocrx_word' id='word_1_378' title='bbox 1271 1989 1374 2053; x_wconf 87' lang='lat' dir='ltr'><strong>potest,</strong></span> <span class='ocrx_word' id='word_1_379' title='bbox 1408 1983 1546 2049; x_wconf 90' lang='lat' dir='ltr'><strong>imitatur,</strong></span> <span class='ocrx_word' id='word_1_380' title='bbox 1567 1998 1632 2037; x_wconf 87' lang='lat' dir='ltr'><strong>cum</strong></span> <span class='ocrx_word' id='word_1_381' title='bbox 1657 1982 1719 2052; x_wconf 90' lang='lat' dir='ltr'><strong>ipso</strong></span> <span class='ocrx_word' id='word_1_382' title='bbox 1740 1986 1850 2054; x_wconf 89' lang='lat' dir='ltr'><strong>populo</strong></span> 
     </span>
     <span class='ocr_line' id='line_1_40' title="bbox 104 2051 1849 2133; baseline 0.001 -25"><span class='ocrx_word' id='word_1_383' title='bbox 104 2061 208 2108; x_wconf 91' lang='lat' dir='ltr'><strong>mento.</strong></span> <span class='ocrx_word' id='word_1_384' title='bbox 232 2053 307 2118; x_wconf 86' lang='lat' dir='ltr'><strong>Quid</strong></span> <span class='ocrx_word' id='word_1_385' title='bbox 335 2054 412 2106; x_wconf 84' lang='lat' dir='ltr'><strong>enim</strong></span> <span class='ocrx_word' id='word_1_386' title='bbox 434 2052 591 2106; x_wconf 77' lang='lat' dir='ltr'><strong>evidentius</strong></span> <span class='ocrx_word' id='word_1_387' title='bbox 621 2051 761 2122; x_wconf 78' lang='lat' dir='ltr'><strong>significat</strong></span> <span class='ocrx_word' id='word_1_388' title='bbox 787 2053 949 2124; x_wconf 89' lang='lat' dir='ltr'><strong>regisemi·</strong></span> <span class='ocrx_word' id='word_1_389' title='bbox 1003 2054 1190 2123; x_wconf 87' lang='lat' dir='ltr'><strong>spiritualiter</strong></span> <span class='ocrx_word' id='word_1_390' title='bbox 1218 2055 1345 2123; x_wconf 89' lang='lat' dir='ltr'><strong>pascitur</strong></span> <span class='ocrx_word' id='word_1_391' title='bbox 1370 2061 1531 2107; x_wconf 83' lang='lat' dir='ltr'><strong>sanctarum</strong></span> <span class='ocrx_word' id='word_1_392' title='bbox 1560 2053 1773 2133; x_wconf 79' lang='lat' dir='ltr'><strong>scripturarum</strong></span> <span class='ocrx_word' id='word_1_393' title='bbox 1796 2055 1849 2109; x_wconf 92' lang='lat' dir='ltr'><strong>ali·</strong></span> 
     </span>
     <span class='ocr_line' id='line_1_41' title="bbox 103 2122 1850 2195; baseline 0.001 -16"><span class='ocrx_word' id='word_1_394' title='bbox 103 2126 228 2179; x_wconf 89' lang='lat' dir='ltr'><strong>nentiam</strong></span> <span class='ocrx_word' id='word_1_395' title='bbox 243 2139 332 2195; x_wconf 90' lang='lat' dir='ltr'><strong>quam</strong></span> <span class='ocrx_word' id='word_1_396' title='bbox 349 2123 484 2193; x_wconf 90' lang='lat' dir='ltr'><strong>splendor</strong></span> <span class='ocrx_word' id='word_1_397' title='bbox 496 2123 586 2176; x_wconf 83' lang='lat' dir='ltr'><strong>solis‘l</strong></span> <span class='ocrx_word' id='word_1_398' title='bbox 602 2128 630 2176; x_wconf 86' lang='lat' dir='ltr'><strong>at</strong></span> <span class='ocrx_word' id='word_1_399' title='bbox 642 2122 732 2192; x_wconf 84' lang='lat' dir='ltr'><strong>plebis</strong></span> <span class='ocrx_word' id='word_1_400' title='bbox 747 2122 948 2192; x_wconf 80' lang='lat' dir='ltr'><strong>obteinperan-</strong></span> <span class='ocrx_word' id='word_1_401' title='bbox 1003 2124 1107 2178; x_wconf 92' lang='lat' dir='ltr'><strong>mentis</strong></span> <span class='ocrx_word' id='word_1_402' title='bbox 1121 2128 1149 2177; x_wconf 88' lang='lat' dir='ltr'><strong>et</strong></span> <span class='ocrx_word' id='word_1_403' title='bbox 1164 2124 1226 2194; x_wconf 88' lang='lat' dir='ltr'><strong>lege</strong></span> <span class='ocrx_word' id='word_1_404' title='bbox 1240 2124 1307 2178; x_wconf 84' lang='lat' dir='ltr'><strong>Dei:</strong></span> <span class='ocrx_word' id='word_1_405' title='bbox 1335 2128 1438 2195; x_wconf 86' lang='lat' dir='ltr'><strong>partim</strong></span> <span class='ocrx_word' id='word_1_406' title='bbox 1458 2125 1493 2176; x_wconf 90' lang='lat' dir='ltr'><strong>ad</strong></span> <span class='ocrx_word' id='word_1_407' title='bbox 1517 2124 1734 2194; x_wconf 83' lang='lat' dir='ltr'><strong>concipiendam</strong></span> <span class='ocrx_word' id='word_1_408' title='bbox 1754 2124 1850 2180; x_wconf 81' lang='lat' dir='ltr'><strong>secun·</strong></span> 
     </span>
     <span class='ocr_line' id='line_1_42' title="bbox 104 2193 1849 2318; baseline 0.001 -69"><span class='ocrx_word' id='word_1_409' title='bbox 104 2197 180 2263; x_wconf 89' lang='lat' dir='ltr'><strong>tiam,</strong></span> <span class='ocrx_word' id='word_1_410' title='bbox 201 2197 281 2249; x_wconf 81' lang='lat' dir='ltr'><strong>lonae</strong></span> <span class='ocrx_word' id='word_1_411' title='bbox 299 2194 436 2318; x_wconf 75' lang='lat' dir='ltr'><strong>sqslendor</strong></span> <span class='ocrx_word' id='word_1_412' title='bbox 461 2193 592 2259; x_wconf 83' lang='lat' dir='ltr'><strong>ostendit,</strong></span> <span class='ocrx_word' id='word_1_413' title='bbox 612 2198 749 2264; x_wconf 87' lang='lat' dir='ltr'><strong>tanquam</strong></span> <span class='ocrx_word' id='word_1_414' title='bbox 769 2194 948 2264; x_wconf 75' lang='lat' dir='ltr'><strong>Synaaogam</strong></span> <span class='ocrx_word' id='word_1_415' title='bbox 1003 2195 1122 2248; x_wconf 88' lang='lat' dir='ltr'><strong>ditatem</strong></span> <span class='ocrx_word' id='word_1_416' title='bbox 1142 2195 1284 2247; x_wconf 88' lang='lat' dir='ltr'><strong>rationum</strong></span> <span class='ocrx_word' id='word_1_417' title='bbox 1301 2201 1386 2265; x_wconf 89' lang='lat' dir='ltr'><strong>atqua</strong></span> <span class='ocrx_word' id='word_1_418' title='bbox 1396 2210 1571 2261; x_wconf 88' lang='lat' dir='ltr'><strong>sermonum,</strong></span> <span class='ocrx_word' id='word_1_419' title='bbox 1598 2201 1736 2266; x_wconf 87' lang='lat' dir='ltr'><strong>tanquam</strong></span> <span class='ocrx_word' id='word_1_420' title='bbox 1753 2196 1849 2251; x_wconf 89' lang='lat' dir='ltr'><strong>herbis</strong></span> 
     </span>
     <span class='ocr_line' id='line_1_43' title="bbox 103 2264 1848 2334; baseline -0.001 -14"><span class='ocrx_word' id='word_1_421' title='bbox 103 2267 192 2334; x_wconf 85' lang='lat' dir='ltr'><strong>ipsam</strong></span> <span class='ocrx_word' id='word_1_422' title='bbox 204 2283 212 2331; x_wconf 90' lang='lat'>;</span> <span class='ocrx_word' id='word_1_423' title='bbox 226 2271 256 2319; x_wconf 89' lang='lat' dir='ltr'><strong>et</strong></span> <span class='ocrx_word' id='word_1_424' title='bbox 270 2271 312 2318; x_wconf 89' lang='lat' dir='ltr'><strong>ste</strong></span> <span class='ocrx_word' id='word_1_425' title='bbox 326 2267 359 2318; x_wconf 76' lang='lat' dir='ltr'><strong>la</strong></span> <span class='ocrx_word' id='word_1_426' title='bbox 380 2264 524 2334; x_wconf 88' lang='lat' dir='ltr'><strong>principes</strong></span> <span class='ocrx_word' id='word_1_427' title='bbox 542 2265 605 2334; x_wconf 81' lang='lat' dir='ltr'><strong>ejus</strong></span> <span class='ocrx_word' id='word_1_428' title='bbox 632 2268 660 2317; x_wconf 93' lang='grc' dir='ltr'><strong>ει</strong></span> <span class='ocrx_word' id='word_1_429' title='bbox 674 2264 772 2317; x_wconf 91' lang='lat' dir='ltr'><strong>omnia</strong></span> <span class='ocrx_word' id='word_1_430' title='bbox 787 2264 905 2318; x_wconf 83' lang='lat' dir='ltr'><strong>tundata</strong></span> <span class='ocrx_word' id='word_1_431' title='bbox 919 2264 949 2318; x_wconf 89' lang='lat' dir='ltr'><strong>in</strong></span> <span class='ocrx_word' id='word_1_432' title='bbox 1002 2264 1206 2330; x_wconf 88' lang='lat' dir='ltr'><strong>seminalibus;</strong></span> <span class='ocrx_word' id='word_1_433' title='bbox 1224 2265 1328 2334; x_wconf 88' lang='lat' dir='ltr'><strong>partim</strong></span> <span class='ocrx_word' id='word_1_434' title='bbox 1345 2265 1378 2319; x_wconf 89' lang='lat' dir='ltr'><strong>ad</strong></span> <span class='ocrx_word' id='word_1_435' title='bbox 1396 2266 1549 2319; x_wconf 87' lang='lat' dir='ltr'><strong>utilitatem</strong></span> <span class='ocrx_word' id='word_1_436' title='bbox 1584 2281 1695 2320; x_wconf 89' lang='lat' dir='ltr'><strong>morum</strong></span> <span class='ocrx_word' id='word_1_437' title='bbox 1722 2270 1750 2320; x_wconf 92' lang='grc' dir='ltr'><strong>ει</strong></span> <span class='ocrx_word' id='word_1_438' title='bbox 1777 2283 1848 2321; x_wconf 88' lang='lat' dir='ltr'><strong>con-</strong></span> 
     </span>
     <span class='ocr_line' id='line_1_44' title="bbox 103 2333 1850 2408; baseline 0.002 -20"><span class='ocrx_word' id='word_1_439' title='bbox 103 2337 257 2391; x_wconf 85' lang='lat' dir='ltr'><strong>stabilitate</strong></span> <span class='ocrx_word' id='word_1_440' title='bbox 289 2335 382 2406; x_wconf 83' lang='lat' dir='ltr'><strong>regni,</strong></span> <span class='ocrx_word' id='word_1_441' title='bbox 410 2342 546 2404; x_wconf 88' lang='lat' dir='ltr'><strong>tanquam</strong></span> <span class='ocrx_word' id='word_1_442' title='bbox 576 2334 606 2387; x_wconf 91' lang='lat' dir='ltr'><strong>in</strong></span> <span class='ocrx_word' id='word_1_443' title='bbox 641 2333 833 2388; x_wconf 86' lang='lat' dir='ltr'><strong>firmamento.</strong></span> <span class='ocrx_word' id='word_1_444' title='bbox 859 2334 949 2404; x_wconf 88' lang='lat' dir='ltr'><strong>Hujus</strong></span> <span class='ocrx_word' id='word_1_445' title='bbox 1003 2335 1171 2389; x_wconf 86' lang='lat' dir='ltr'><strong>versationis</strong></span> <span class='ocrx_word' id='word_1_446' title='bbox 1184 2335 1328 2401; x_wconf 77' lang='lat' dir='ltr'><strong>humanas,</strong></span> <span class='ocrx_word' id='word_1_447' title='bbox 1344 2341 1481 2406; x_wconf 86' lang='lat' dir='ltr'><strong>tanquam</strong></span> <span class='ocrx_word' id='word_1_448' title='bbox 1496 2335 1582 2406; x_wconf 87' lang='lat' dir='ltr'><strong>liguis</strong></span> <span class='ocrx_word' id='word_1_449' title='bbox 1598 2336 1850 2408; x_wconf 77' lang='lat' dir='ltr'><strong>fructiferis;par·</strong></span> 
     </span>
     <span class='ocr_line' id='line_1_45' title="bbox 106 2404 1848 2477; baseline 0.002 -18"><span class='ocrx_word' id='word_1_450' title='bbox 106 2407 184 2476; x_wconf 88' lang='lat' dir='ltr'><strong>qnasi</strong></span> <span class='ocrx_word' id='word_1_451' title='bbox 197 2422 318 2477; x_wconf 79' lang='lat' dir='ltr'><strong>vespera</strong></span> <span class='ocrx_word' id='word_1_452' title='bbox 330 2405 549 2475; x_wconf 89' lang='lat' dir='ltr'><strong>estinpeccatis</strong></span> <span class='ocrx_word' id='word_1_453' title='bbox 574 2420 686 2474; x_wconf 88' lang='lat' dir='ltr'><strong>regum,</strong></span> <span class='ocrx_word' id='word_1_454' title='bbox 699 2404 803 2474; x_wconf 89' lang='lat' dir='ltr'><strong>quibus</strong></span> <span class='ocrx_word' id='word_1_455' title='bbox 815 2404 864 2458; x_wconf 87' lang='lat' dir='ltr'><strong>illa</strong></span> <span class='ocrx_word' id='word_1_456' title='bbox 878 2421 949 2475; x_wconf 90' lang='lat' dir='ltr'><strong>gens</strong></span> <span class='ocrx_word' id='word_1_457' title='bbox 1003 2405 1054 2459; x_wconf 92' lang='lat' dir='ltr'><strong>tim</strong></span> <span class='ocrx_word' id='word_1_458' title='bbox 1078 2405 1114 2459; x_wconf 90' lang='lat' dir='ltr'><strong>ad</strong></span> <span class='ocrx_word' id='word_1_459' title='bbox 1135 2405 1259 2476; x_wconf 84' lang='lat' dir='ltr'><strong>vigorem</strong></span> <span class='ocrx_word' id='word_1_460' title='bbox 1287 2406 1362 2472; x_wconf 90' lang='lat' dir='ltr'><strong>lidci,</strong></span> <span class='ocrx_word' id='word_1_461' title='bbox 1392 2406 1452 2477; x_wconf 89' lang='lat' dir='ltr'><strong>spei</strong></span> <span class='ocrx_word' id='word_1_462' title='bbox 1472 2411 1499 2460; x_wconf 90' lang='lat' dir='ltr'><strong>et</strong></span> <span class='ocrx_word' id='word_1_463' title='bbox 1524 2407 1670 2459; x_wconf 82' lang='lat' dir='ltr'><strong>charitatis</strong></span> <span class='ocrx_word' id='word_1_464' title='bbox 1694 2407 1724 2460; x_wconf 90' lang='lat' dir='ltr'><strong>in</strong></span> <span class='ocrx_word' id='word_1_465' title='bbox 1762 2409 1848 2462; x_wconf 85' lang='lat' dir='ltr'><strong>vitam</strong></span> 
     </span>
     <span class='ocr_line' id='line_1_46' title="bbox 105 2475 1848 2547; baseline 0.001 -16"><span class='ocrx_word' id='word_1_466' title='bbox 105 2478 209 2531; x_wconf 88' lang='lat' dir='ltr'><strong>meruit</strong></span> <span class='ocrx_word' id='word_1_467' title='bbox 240 2476 389 2546; x_wconf 83' lang='lat' dir='ltr'><strong>captivari.</strong></span> <span class='ocrx_word' id='word_1_468' title='bbox 418 2477 460 2530; x_wconf 83' lang='lat' dir='ltr'><strong>Fit</strong></span> <span class='ocrx_word' id='word_1_469' title='bbox 486 2476 588 2530; x_wconf 88' lang='lat' dir='ltr'><strong>deinde</strong></span> <span class='ocrx_word' id='word_1_470' title='bbox 627 2491 711 2529; x_wconf 90' lang='lat' dir='ltr'><strong>mane</strong></span> <span class='ocrx_word' id='word_1_471' title='bbox 743 2475 852 2546; x_wconf 79' lang='lat' dir='ltr'><strong>quintm</strong></span> <span class='ocrx_word' id='word_1_472' title='bbox 880 2476 946 2541; x_wconf 89' lang='lat' dir='ltr'><strong>diei,</strong></span> <span class='ocrx_word' id='word_1_473' title='bbox 1003 2481 1151 2541; x_wconf 79' lang='lat' dir='ltr'><strong>aeternam,</strong></span> <span class='ocrx_word' id='word_1_474' title='bbox 1167 2480 1304 2547; x_wconf 90' lang='lat' dir='ltr'><strong>tanquam</strong></span> <span class='ocrx_word' id='word_1_475' title='bbox 1320 2477 1416 2530; x_wconf 87' lang='lat' dir='ltr'><strong>herbis</strong></span> <span class='ocrx_word' id='word_1_476' title='bbox 1432 2476 1597 2541; x_wconf 83' lang='lat' dir='ltr'><strong>virentibus,</strong></span> <span class='ocrx_word' id='word_1_477' title='bbox 1609 2492 1673 2547; x_wconf 74' lang='lat' dir='ltr'><strong>quos</strong></span> <span class='ocrx_word' id='word_1_478' title='bbox 1690 2478 1768 2531; x_wconf 91' lang='lat' dir='ltr'><strong>nullo</strong></span> <span class='ocrx_word' id='word_1_479' title='bbox 1779 2484 1848 2532; x_wconf 80' lang='lat' dir='ltr'><strong>testo</strong></span> 
     </span>
     <span class='ocr_line' id='line_1_47' title="bbox 104 2545 1849 2628; baseline 0.001 -27"><span class='ocrx_word' id='word_1_480' title='bbox 104 2547 318 2618; x_wconf 80' lang='lat' dir='ltr'><strong>transmigratio</strong></span> <span class='ocrx_word' id='word_1_481' title='bbox 341 2547 371 2600; x_wconf 93' lang='lat' dir='ltr'><strong>iu</strong></span> <span class='ocrx_word' id='word_1_482' title='bbox 396 2545 873 2616; x_wconf 77' lang='lat' dir='ltr'><strong>Babylonem,cumincaptivitate</strong></span> <span class='ocrx_word' id='word_1_483' title='bbox 900 2562 948 2616; x_wconf 92' lang='lat' dir='ltr'><strong>po·</strong></span> <span class='ocrx_word' id='word_1_484' title='bbox 1003 2547 1222 2600; x_wconf 84' lang='lat' dir='ltr'><strong>tribulationum</strong></span> <span class='ocrx_word' id='word_1_485' title='bbox 1243 2553 1359 2628; x_wconf 89' lang='lat' dir='ltr'><strong>possunt</strong></span> <span class='ocrx_word' id='word_1_486' title='bbox 1389 2562 1525 2602; x_wconf 84' lang='lat' dir='ltr'><strong>arescere.</strong></span> <span class='ocrx_word' id='word_1_487' title='bbox 1548 2548 1602 2601; x_wconf 87' lang='lat' dir='ltr'><strong>Sed</strong></span> <span class='ocrx_word' id='word_1_488' title='bbox 1630 2547 1786 2617; x_wconf 83' lang='lat' dir='ltr'><strong>spiritualis</strong></span> <span class='ocrx_word' id='word_1_489' title='bbox 1809 2550 1849 2602; x_wconf 91' lang='lat' dir='ltr'><strong>sic</strong></span> 
     </span>
     <span class='ocr_line' id='line_1_48' title="bbox 106 2617 1851 2688; baseline 0.001 -16"><span class='ocrx_word' id='word_1_490' title='bbox 106 2620 187 2688; x_wconf 87' lang='lat' dir='ltr'><strong>putus</strong></span> <span class='ocrx_word' id='word_1_491' title='bbox 214 2619 317 2672; x_wconf 88' lang='lat' dir='ltr'><strong>leniter</strong></span> <span class='ocrx_word' id='word_1_492' title='bbox 342 2618 372 2671; x_wconf 89' lang='lat' dir='ltr'><strong>iu</strong></span> <span class='ocrx_word' id='word_1_493' title='bbox 401 2617 552 2687; x_wconf 82' lang='lat' dir='ltr'><strong>peregrino</strong></span> <span class='ocrx_word' id='word_1_494' title='bbox 585 2617 643 2670; x_wconf 91' lang='lat' dir='ltr'><strong>otio</strong></span> <span class='ocrx_word' id='word_1_495' title='bbox 670 2620 711 2669; x_wconf 88' lang='lat' dir='ltr'><strong>est</strong></span> <span class='ocrx_word' id='word_1_496' title='bbox 734 2617 897 2670; x_wconf 90' lang='lat' dir='ltr'><strong>collocatus.</strong></span> <span class='ocrx_word' id='word_1_497' title='bbox 917 2617 948 2671; x_wconf 79' lang='lat' dir='ltr'><strong>lit</strong></span> <span class='ocrx_word' id='word_1_498' title='bbox 1002 2617 1127 2687; x_wconf 88' lang='lat' dir='ltr'><strong>pascitur</strong></span> <span class='ocrx_word' id='word_1_499' title='bbox 1141 2617 1202 2670; x_wconf 85' lang='lat' dir='ltr'><strong>istis</strong></span> <span class='ocrx_word' id='word_1_500' title='bbox 1217 2617 1369 2680; x_wconf 80' lang='lat' dir='ltr'><strong>alimentis,</strong></span> <span class='ocrx_word' id='word_1_501' title='bbox 1386 2623 1418 2673; x_wconf 90' lang='lat' dir='ltr'><strong>ut</strong></span> <span class='ocrx_word' id='word_1_502' title='bbox 1440 2620 1531 2672; x_wconf 88' lang='lat' dir='ltr'><strong>multa</strong></span> <span class='ocrx_word' id='word_1_503' title='bbox 1556 2617 1851 2686; x_wconf 84' lang='lat' dir='ltr'><strong>intelligat;carualis</strong></span> 
     </span>
     <span class='ocr_line' id='line_1_49' title="bbox 104 2687 1851 2759; baseline 0 -16"><span class='ocrx_word' id='word_1_504' title='bbox 104 2689 263 2759; x_wconf 88' lang='lat' dir='ltr'><strong>porrigitur</strong></span> <span class='ocrx_word' id='word_1_505' title='bbox 278 2690 340 2743; x_wconf 80' lang='lat' dir='ltr'><strong>haec</strong></span> <span class='ocrx_word' id='word_1_506' title='bbox 353 2693 422 2741; x_wconf 72' lang='lat' dir='ltr'><strong>astas</strong></span> <span class='ocrx_word' id='word_1_507' title='bbox 436 2702 529 2758; x_wconf 88' lang='lat' dir='ltr'><strong>usque</strong></span> <span class='ocrx_word' id='word_1_508' title='bbox 556 2687 591 2741; x_wconf 88' lang='lat' dir='ltr'><strong>ad</strong></span> <span class='ocrx_word' id='word_1_509' title='bbox 611 2687 765 2741; x_wconf 80' lang='lat' dir='ltr'><strong>adventum</strong></span> <span class='ocrx_word' id='word_1_510' title='bbox 789 2687 904 2754; x_wconf 82' lang='lat' dir='ltr'><strong>Christi,</strong></span> <span class='ocrx_word' id='word_1_511' title='bbox 918 2687 947 2741; x_wconf 94' lang='lat' dir='ltr'><strong>id</strong></span> <span class='ocrx_word' id='word_1_512' title='bbox 1002 2694 1098 2742; x_wconf 87' lang='lat' dir='ltr'><strong>autern</strong></span> <span class='ocrx_word' id='word_1_513' title='bbox 1132 2687 1160 2742; x_wconf 88' lang='lat' dir='ltr'><strong>id</strong></span> <span class='ocrx_word' id='word_1_514' title='bbox 1189 2694 1240 2756; x_wconf 88' lang='lat' dir='ltr'><strong>est,</strong></span> <span class='ocrx_word' id='word_1_515' title='bbox 1256 2689 1391 2758; x_wconf 87' lang='lat' dir='ltr'><strong>parvolus</strong></span> <span class='ocrx_word' id='word_1_516' title='bbox 1415 2688 1445 2742; x_wconf 92' lang='lat' dir='ltr'><strong>iu</strong></span> <span class='ocrx_word' id='word_1_517' title='bbox 1471 2688 1593 2754; x_wconf 83' lang='lat' dir='ltr'><strong>Christo,</strong></span> <span class='ocrx_word' id='word_1_518' title='bbox 1613 2692 1851 2759; x_wconf 84' lang='lat' dir='ltr'><strong>tauquampecus</strong></span> 
     </span>
     <span class='ocr_line' id='line_1_50' title="bbox 104 2757 1849 2830; baseline 0.001 -18"><span class='ocrx_word' id='word_1_519' title='bbox 104 2761 255 2830; x_wconf 85' lang='lat' dir='ltr'><strong>estquinta</strong></span> <span class='ocrx_word' id='word_1_520' title='bbox 274 2766 354 2822; x_wconf 76' lang='lat' dir='ltr'><strong>atas,</strong></span> <span class='ocrx_word' id='word_1_521' title='bbox 371 2758 527 2812; x_wconf 82' lang='lat' dir='ltr'><strong>secundom</strong></span> <span class='ocrx_word' id='word_1_522' title='bbox 540 2773 627 2828; x_wconf 84' lang='lat' dir='ltr'><strong>quarn</strong></span> <span class='ocrx_word' id='word_1_523' title='bbox 642 2761 684 2810; x_wconf 79' lang='grc' dir='ltr'><strong>εει</strong></span> <span class='ocrx_word' id='word_1_524' title='bbox 695 2758 846 2811; x_wconf 87' lang='lat' dir='ltr'><strong>declinatio</strong></span> <span class='ocrx_word' id='word_1_525' title='bbox 870 2775 886 2811; x_wconf 91' lang='lat' dir='ltr'><strong>a</strong></span> <span class='ocrx_word' id='word_1_526' title='bbox 902 2757 948 2828; x_wconf 89' lang='lat' dir='ltr'><strong>ju·</strong></span> <span class='ocrx_word' id='word_1_527' title='bbox 1003 2758 1063 2823; x_wconf 93' lang='lat' dir='ltr'><strong>Dei,</strong></span> <span class='ocrx_word' id='word_1_528' title='bbox 1078 2763 1110 2812; x_wconf 91' lang='grc' dir='ltr'><strong>ει</strong></span> <span class='ocrx_word' id='word_1_529' title='bbox 1125 2759 1214 2813; x_wconf 86' lang='grc' dir='ltr'>ιεεΙιε</span> <span class='ocrx_word' id='word_1_530' title='bbox 1225 2760 1322 2813; x_wconf 88' lang='lat' dir='ltr'><strong>credat</strong></span> <span class='ocrx_word' id='word_1_531' title='bbox 1336 2775 1401 2830; x_wconf 73' lang='lat' dir='ltr'><strong>quas</strong></span> <span class='ocrx_word' id='word_1_532' title='bbox 1420 2759 1579 2829; x_wconf 86' lang='lat' dir='ltr'><strong>intelligere</strong></span> <span class='ocrx_word' id='word_1_533' title='bbox 1599 2759 1727 2812; x_wconf 90' lang='lat' dir='ltr'><strong>nondum</strong></span> <span class='ocrx_word' id='word_1_534' title='bbox 1737 2766 1849 2828; x_wconf 88' lang='lat' dir='ltr'><strong>potest;</strong></span> 
     </span>
     <span class='ocr_line' id='line_1_51' title="bbox 104 2827 1849 2900; baseline 0.002 -20"><span class='ocrx_word' id='word_1_535' title='bbox 104 2839 218 2884; x_wconf 74' lang='lat' dir='ltr'><strong>tentate</strong></span> <span class='ocrx_word' id='word_1_536' title='bbox 230 2831 259 2884; x_wconf 92' lang='lat' dir='ltr'><strong>in</strong></span> <span class='ocrx_word' id='word_1_537' title='bbox 274 2828 598 2893; x_wconf 86' lang='lat' dir='ltr'><strong>senectutem,nondum</strong></span> <span class='ocrx_word' id='word_1_538' title='bbox 610 2827 727 2899; x_wconf 90' lang='lat' dir='ltr'><strong>quidem</strong></span> <span class='ocrx_word' id='word_1_539' title='bbox 739 2833 878 2896; x_wconf 86' lang='lat' dir='ltr'><strong>senectus,</strong></span> <span class='ocrx_word' id='word_1_540' title='bbox 895 2844 948 2882; x_wconf 91' lang='lat' dir='ltr'><strong>nec</strong></span> <span class='ocrx_word' id='word_1_541' title='bbox 1002 2834 1098 2883; x_wconf 85' lang='lat' dir='ltr'><strong>tamen</strong></span> <span class='ocrx_word' id='word_1_542' title='bbox 1127 2829 1242 2884; x_wconf 80' lang='lat' dir='ltr'><strong>eosdem</strong></span> <span class='ocrx_word' id='word_1_543' title='bbox 1272 2830 1349 2884; x_wconf 88' lang='lat' dir='ltr'><strong>cibos</strong></span> <span class='ocrx_word' id='word_1_544' title='bbox 1369 2844 1468 2883; x_wconf 89' lang='lat' dir='ltr'><strong>omnes</strong></span> <span class='ocrx_word' id='word_1_545' title='bbox 1491 2829 1607 2883; x_wconf 86' lang='lat' dir='ltr'><strong>habent.</strong></span> <span class='ocrx_word' id='word_1_546' title='bbox 1642 2829 1730 2900; x_wconf 83' lang='lat' dir='ltr'><strong>liujus</strong></span> <span class='ocrx_word' id='word_1_547' title='bbox 1753 2838 1849 2884; x_wconf 90' lang='lat' dir='ltr'><strong>autem</strong></span> 
     </span>
     <span class='ocr_line' id='line_1_52' title="bbox 103 2897 1848 2995; baseline 0.001 -40"><span class='ocrx_word' id='word_1_548' title='bbox 103 2902 156 2970; x_wconf 90' lang='lat' dir='ltr'><strong>jam</strong></span> <span class='ocrx_word' id='word_1_549' title='bbox 182 2903 343 2972; x_wconf 81' lang='lat' dir='ltr'><strong>juventus:</strong></span> <span class='ocrx_word' id='word_1_550' title='bbox 375 2900 495 2953; x_wconf 89' lang='lat' dir='ltr'><strong>senioris</strong></span> <span class='ocrx_word' id='word_1_551' title='bbox 518 2903 654 2965; x_wconf 82' lang='lat' dir='ltr'><strong>aetasest,</strong></span> <span class='ocrx_word' id='word_1_552' title='bbox 680 2914 766 2969; x_wconf 88' lang='lat' dir='ltr'><strong>quem</strong></span> <span class='ocrx_word' id='word_1_553' title='bbox 786 2899 948 2972; x_wconf 76' lang='lat' dir='ltr'><strong>Graeciapr·</strong></span> <span class='ocrx_word' id='word_1_554' title='bbox 967 2899 1095 2995; x_wconf 79' lang='lat' dir='ltr'><strong>Ctatutis</strong></span> <span class='ocrx_word' id='word_1_555' title='bbox 1115 2900 1422 2970; x_wconf 85' lang='lat' dir='ltr'><strong>vesperaest,dequa</strong></span> <span class='ocrx_word' id='word_1_556' title='bbox 1440 2900 1576 2953; x_wconf 83' lang='lat' dir='ltr'><strong>Dominus</strong></span> <span class='ocrx_word' id='word_1_557' title='bbox 1600 2898 1641 2953; x_wconf 86' lang='lat' dir='ltr'><strong>ait</strong></span> <span class='ocrx_word' id='word_1_558' title='bbox 1665 2897 1730 2962; x_wconf 85' lang='lat' dir='ltr'><strong>Luc,</strong></span> <span class='ocrx_word' id='word_1_559' title='bbox 1757 2916 1848 2956; x_wconf 80' lang='lat' dir='ltr'><strong>xvru:</strong></span> 
     </span>
     <span class='ocr_line' id='line_1_53' title="bbox 104 2966 1850 3043; baseline 0.001 -20"><span class='ocrx_word' id='word_1_560' title='bbox 104 2971 201 3029; x_wconf 66' lang='lat' dir='ltr'><strong>enteca</strong></span> <span class='ocrx_word' id='word_1_561' title='bbox 217 2975 321 3025; x_wconf 77' lang='lat' dir='ltr'><strong>vocant</strong></span> <span class='ocrx_word' id='word_1_562' title='bbox 346 2985 412 3024; x_wconf 88' lang='lat' dir='ltr'><strong>nom</strong></span> <span class='ocrx_word' id='word_1_563' title='bbox 438 2984 520 3023; x_wconf 85' lang='lat' dir='ltr'><strong>senex</strong></span> <span class='ocrx_word' id='word_1_564' title='bbox 540 2969 617 3040; x_wconf 89' lang='lat' dir='ltr'><strong>apud</strong></span> <span class='ocrx_word' id='word_1_565' title='bbox 644 2985 692 3023; x_wconf 87' lang='lat' dir='ltr'><strong>eos</strong></span> <span class='ocrx_word' id='word_1_566' title='bbox 718 2986 775 3023; x_wconf 89' lang='lat' dir='ltr'><strong>non</strong></span> <span class='ocrx_word' id='word_1_567' title='bbox 801 2966 948 3043; x_wconf 69' lang='grc' dir='ltr'>πρεσὸύτες</span> <span class='ocrx_word' id='word_1_568' title='bbox 1006 2971 1121 3024; x_wconf 75' lang='lat' dir='ltr'><strong>«Putas</strong></span> <span class='ocrx_word' id='word_1_569' title='bbox 1137 2969 1634 3024; x_wconf 83' lang='lat' dir='ltr'><strong>veniensFiliushominisinveniet</strong></span> <span class='ocrx_word' id='word_1_570' title='bbox 1661 2971 1746 3025; x_wconf 85' lang='lat' dir='ltr'><strong>tidem</strong></span> <span class='ocrx_word' id='word_1_571' title='bbox 1764 2987 1850 3042; x_wconf 88' lang='lat' dir='ltr'><strong>super</strong></span> 
     </span>
     <span class='ocr_line' id='line_1_54' title="bbox 103 3039 1848 3116; baseline 0.001 -21"><span class='ocrx_word' id='word_1_572' title='bbox 103 3043 148 3097; x_wconf 83' lang='lat' dir='ltr'><strong>scd</strong></span> <span class='ocrx_word' id='word_1_573' title='bbox 173 3045 257 3116; x_wconf 69' lang='grc' dir='ltr'><strong>γέρων</strong></span> <span class='ocrx_word' id='word_1_574' title='bbox 277 3040 393 3095; x_wconf 86' lang='lat' dir='ltr'><strong>dicitur.</strong></span> <span class='ocrx_word' id='word_1_575' title='bbox 425 3040 457 3094; x_wconf 81' lang='lat' dir='ltr'><strong>llt</strong></span> <span class='ocrx_word' id='word_1_576' title='bbox 482 3056 581 3094; x_wconf 86' lang='lat' dir='ltr'><strong>revera</strong></span> <span class='ocrx_word' id='word_1_577' title='bbox 603 3039 643 3092; x_wconf 90' lang='lat' dir='ltr'><strong>sic</strong></span> <span class='ocrx_word' id='word_1_578' title='bbox 666 3039 720 3092; x_wconf 88' lang='lat' dir='ltr'><strong>ista</strong></span> <span class='ocrx_word' id='word_1_579' title='bbox 747 3045 816 3094; x_wconf 77' lang='lat' dir='ltr'><strong>astas</strong></span> <span class='ocrx_word' id='word_1_580' title='bbox 836 3042 949 3110; x_wconf 77' lang='lat' dir='ltr'><strong>anagni</strong></span> <span class='ocrx_word' id='word_1_581' title='bbox 1006 3042 1201 3095; x_wconf 71' lang='lat' dir='ltr'><strong>«terramta</strong></span> <span class='ocrx_word' id='word_1_582' title='bbox 1223 3043 1288 3095; x_wconf 89' lang='lat' dir='ltr'><strong>Post</strong></span> <span class='ocrx_word' id='word_1_583' title='bbox 1309 3040 1388 3094; x_wconf 91' lang='lat' dir='ltr'><strong>illam</strong></span> <span class='ocrx_word' id='word_1_584' title='bbox 1412 3056 1558 3112; x_wconf 88' lang='lat' dir='ltr'><strong>vesperam</strong></span> <span class='ocrx_word' id='word_1_585' title='bbox 1588 3040 1639 3094; x_wconf 85' lang='lat' dir='ltr'><strong>liet</strong></span> <span class='ocrx_word' id='word_1_586' title='bbox 1666 3056 1763 3107; x_wconf 90' lang='lat' dir='ltr'><strong>manc,</strong></span> <span class='ocrx_word' id='word_1_587' title='bbox 1782 3057 1848 3097; x_wconf 90' lang='lat' dir='ltr'><strong>cum</strong></span> 
     </span>
     <span class='ocr_line' id='line_1_55' title="bbox 102 3110 1849 3181; baseline 0.001 -15"><span class='ocrx_word' id='word_1_588' title='bbox 102 3117 260 3167; x_wconf 85' lang='lat' dir='ltr'><strong>roboreest</strong></span> <span class='ocrx_word' id='word_1_589' title='bbox 284 3111 420 3166; x_wconf 89' lang='lat' dir='ltr'><strong>inclinata</strong></span> <span class='ocrx_word' id='word_1_590' title='bbox 436 3115 465 3164; x_wconf 88' lang='lat' dir='ltr'><strong>et</strong></span> <span class='ocrx_word' id='word_1_591' title='bbox 486 3111 576 3164; x_wconf 81' lang='lat' dir='ltr'><strong>tracta</strong></span> <span class='ocrx_word' id='word_1_592' title='bbox 599 3110 752 3180; x_wconf 89' lang='lat' dir='ltr'><strong>inpopulo</strong></span> <span class='ocrx_word' id='word_1_593' title='bbox 772 3111 947 3176; x_wconf 78' lang='lat' dir='ltr'><strong>ludaeorum,</strong></span> <span class='ocrx_word' id='word_1_594' title='bbox 1003 3111 1065 3181; x_wconf 89' lang='lat' dir='ltr'><strong>ipse</strong></span> <span class='ocrx_word' id='word_1_595' title='bbox 1090 3112 1225 3165; x_wconf 86' lang='lat' dir='ltr'><strong>Dominus</strong></span> <span class='ocrx_word' id='word_1_596' title='bbox 1246 3112 1276 3165; x_wconf 92' lang='lat' dir='ltr'><strong>in</strong></span> <span class='ocrx_word' id='word_1_597' title='bbox 1304 3111 1432 3165; x_wconf 87' lang='lat' dir='ltr'><strong>claritate</strong></span> <span class='ocrx_word' id='word_1_598' title='bbox 1455 3117 1591 3165; x_wconf 84' lang='lat' dir='ltr'><strong>venturus</strong></span> <span class='ocrx_word' id='word_1_599' title='bbox 1618 3118 1670 3167; x_wconf 90' lang='lat' dir='ltr'><strong>est.</strong></span> <span class='ocrx_word' id='word_1_600' title='bbox 1694 3112 1773 3166; x_wconf 85' lang='lat' dir='ltr'><strong>Tuuc</strong></span> <span class='ocrx_word' id='word_1_601' title='bbox 1801 3129 1849 3167; x_wconf 88' lang='lat' dir='ltr'><strong>re·</strong></span> 
     </span>
     <span class='ocr_line' id='line_1_56' title="bbox 102 3180 1848 3253; baseline 0.001 -16"><span class='ocrx_word' id='word_1_602' title='bbox 102 3183 347 3245; x_wconf 84' lang='lat' dir='ltr'><strong>quemadmodum</strong></span> <span class='ocrx_word' id='word_1_603' title='bbox 371 3180 810 3251; x_wconf 87' lang='lat' dir='ltr'><strong>homoajuventutetitsenior.</strong></span> <span class='ocrx_word' id='word_1_604' title='bbox 834 3182 948 3237; x_wconf 82' lang='lat' dir='ltr'><strong>Etbena</strong></span> <span class='ocrx_word' id='word_1_605' title='bbox 1004 3182 1232 3252; x_wconf 87' lang='lat' dir='ltr'><strong>quiescentcum</strong></span> <span class='ocrx_word' id='word_1_606' title='bbox 1254 3181 1365 3237; x_wconf 86' lang='lat' dir='ltr'><strong>Christo</strong></span> <span class='ocrx_word' id='word_1_607' title='bbox 1381 3182 1415 3236; x_wconf 86' lang='lat' dir='ltr'><strong>ab</strong></span> <span class='ocrx_word' id='word_1_608' title='bbox 1440 3183 1575 3235; x_wconf 89' lang='lat' dir='ltr'><strong>omnibus</strong></span> <span class='ocrx_word' id='word_1_609' title='bbox 1590 3182 1724 3253; x_wconf 86' lang='lat' dir='ltr'><strong>operibus</strong></span> <span class='ocrx_word' id='word_1_610' title='bbox 1743 3183 1801 3236; x_wconf 88' lang='lat' dir='ltr'><strong>suis</strong></span> <span class='ocrx_word' id='word_1_611' title='bbox 1829 3183 1848 3238; x_wconf 92' lang='lat' dir='ltr'><strong>ii</strong></span> 
     </span>
     <span class='ocr_line' id='line_1_57' title="bbox 101 3251 1850 3324; baseline 0 -16"><span class='ocrx_word' id='word_1_612' title='bbox 101 3260 285 3324; x_wconf 86' lang='lat' dir='ltr'><strong>comparatur</strong></span> <span class='ocrx_word' id='word_1_613' title='bbox 298 3253 341 3307; x_wconf 89' lang='lat' dir='ltr'><strong>illi</strong></span> <span class='ocrx_word' id='word_1_614' title='bbox 356 3252 414 3307; x_wconf 85' lang='lat' dir='ltr'><strong>diei</strong></span> <span class='ocrx_word' id='word_1_615' title='bbox 434 3251 546 3323; x_wconf 90' lang='lat' dir='ltr'><strong>quinto,</strong></span> <span class='ocrx_word' id='word_1_616' title='bbox 574 3251 605 3304; x_wconf 91' lang='lat' dir='ltr'><strong>in</strong></span> <span class='ocrx_word' id='word_1_617' title='bbox 624 3267 681 3322; x_wconf 92' lang='lat' dir='ltr'><strong>quo</strong></span> <span class='ocrx_word' id='word_1_618' title='bbox 710 3252 782 3306; x_wconf 86' lang='lat' dir='ltr'><strong>lacta</strong></span> <span class='ocrx_word' id='word_1_619' title='bbox 804 3258 869 3305; x_wconf 91' lang='lat' dir='ltr'><strong>sunt</strong></span> <span class='ocrx_word' id='word_1_620' title='bbox 890 3253 949 3306; x_wconf 89' lang='lat' dir='ltr'><strong>ani·</strong></span> <span class='ocrx_word' id='word_1_621' title='bbox 1003 3252 1109 3323; x_wconf 90' lang='lat' dir='ltr'><strong>quibus</strong></span> <span class='ocrx_word' id='word_1_622' title='bbox 1132 3253 1296 3307; x_wconf 86' lang='lat' dir='ltr'><strong>dictumest</strong></span> <span class='ocrx_word' id='word_1_623' title='bbox 1322 3252 1468 3307; x_wconf 85' lang='lat' dir='ltr'><strong>ldatth.v:</strong></span> <span class='ocrx_word' id='word_1_624' title='bbox 1487 3253 1606 3307; x_wconf 72' lang='lat' dir='ltr'><strong>«Estote</strong></span> <span class='ocrx_word' id='word_1_625' title='bbox 1635 3269 1703 3323; x_wconf 89' lang='lat' dir='ltr'><strong>argo</strong></span> <span class='ocrx_word' id='word_1_626' title='bbox 1727 3269 1850 3324; x_wconf 87' lang='lat' dir='ltr'><strong>vosper·</strong></span> 
     </span>
     <span class='ocr_line' id='line_1_58' title="bbox 101 3322 1847 3395; baseline -0.001 -16"><span class='ocrx_word' id='word_1_627' title='bbox 101 3324 338 3395; x_wconf 86' lang='lat' dir='ltr'><strong>matiainaquis‚</strong></span> <span class='ocrx_word' id='word_1_628' title='bbox 360 3322 949 3392; x_wconf 83' lang='lat' dir='ltr'><strong>etvolatiliacoeli:posteoqrrarnscilicet</strong></span> <span class='ocrx_word' id='word_1_629' title='bbox 1005 3323 1185 3377; x_wconf 79' lang='lat' dir='ltr'><strong>clectisicot</strong></span> <span class='ocrx_word' id='word_1_630' title='bbox 1213 3330 1241 3378; x_wconf 90' lang='grc' dir='ltr'><strong>ει</strong></span> <span class='ocrx_word' id='word_1_631' title='bbox 1256 3324 1339 3378; x_wconf 83' lang='grc' dir='ltr'>Ρειεε</span> <span class='ocrx_word' id='word_1_632' title='bbox 1352 3331 1444 3377; x_wconf 89' lang='lat' dir='ltr'><strong>vester</strong></span> <span class='ocrx_word' id='word_1_633' title='bbox 1473 3323 1847 3393; x_wconf 80' lang='lat' dir='ltr'><strong>coelestisperlectusest.»</strong></span> 
     </span>
     <span class='ocr_line' id='line_1_59' title="bbox 100 3393 1847 3464; baseline 0 -14"><span class='ocrx_word' id='word_1_634' title='bbox 100 3397 140 3449; x_wconf 94' lang='lat' dir='ltr'><strong>illi</strong></span> <span class='ocrx_word' id='word_1_635' title='bbox 152 3396 287 3450; x_wconf 86' lang='lat' dir='ltr'><strong>homines</strong></span> <span class='ocrx_word' id='word_1_636' title='bbox 300 3393 377 3449; x_wconf 87' lang='lat' dir='ltr'><strong>inter</strong></span> <span class='ocrx_word' id='word_1_637' title='bbox 398 3400 506 3462; x_wconf 81' lang='lat' dir='ltr'><strong>gentes,</strong></span> <span class='ocrx_word' id='word_1_638' title='bbox 536 3398 674 3463; x_wconf 89' lang='lat' dir='ltr'><strong>tanquam</strong></span> <span class='ocrx_word' id='word_1_639' title='bbox 696 3394 726 3446; x_wconf 90' lang='lat' dir='ltr'><strong>in</strong></span> <span class='ocrx_word' id='word_1_640' title='bbox 744 3393 838 3463; x_wconf 90' lang='lat' dir='ltr'><strong>aquis,</strong></span> <span class='ocrx_word' id='word_1_641' title='bbox 858 3409 949 3463; x_wconf 88' lang='lat' dir='ltr'><strong>coepe·</strong></span> <span class='ocrx_word' id='word_1_642' title='bbox 1002 3393 1170 3448; x_wconf 87' lang='lat' dir='ltr'><strong>Talesenim</strong></span> <span class='ocrx_word' id='word_1_643' title='bbox 1184 3394 1292 3448; x_wconf 84' lang='lat' dir='ltr'><strong>iaciunt</strong></span> <span class='ocrx_word' id='word_1_644' title='bbox 1305 3409 1394 3464; x_wconf 88' lang='lat' dir='ltr'><strong>opera</strong></span> <span class='ocrx_word' id='word_1_645' title='bbox 1408 3393 1572 3449; x_wconf 86' lang='lat' dir='ltr'><strong>bonavalda</strong></span> <span class='ocrx_word' id='word_1_646' title='bbox 1588 3410 1594 3448; x_wconf 92' lang='lat'>:</span> <span class='ocrx_word' id='word_1_647' title='bbox 1611 3399 1677 3464; x_wconf 91' lang='lat' dir='ltr'><strong>post</strong></span> <span class='ocrx_word' id='word_1_648' title='bbox 1690 3397 1759 3450; x_wconf 89' lang='lat' dir='ltr'><strong>tatia</strong></span> <span class='ocrx_word' id='word_1_649' title='bbox 1771 3399 1847 3450; x_wconf 88' lang='lat' dir='ltr'><strong>euim</strong></span> 
     </span>
     <span class='ocr_line' id='line_1_60' title="bbox 101 3463 1848 3536; baseline 0 -17"><span class='ocrx_word' id='word_1_650' title='bbox 101 3472 167 3520; x_wconf 80' lang='lat' dir='ltr'><strong>nant</strong></span> <span class='ocrx_word' id='word_1_651' title='bbox 185 3466 291 3531; x_wconf 79' lang='lat' dir='ltr'><strong>vivere,</strong></span> <span class='ocrx_word' id='word_1_652' title='bbox 309 3470 338 3519; x_wconf 89' lang='lat' dir='ltr'><strong>at</strong></span> <span class='ocrx_word' id='word_1_653' title='bbox 364 3464 469 3518; x_wconf 86' lang='lat' dir='ltr'><strong>habere</strong></span> <span class='ocrx_word' id='word_1_654' title='bbox 498 3466 635 3518; x_wconf 88' lang='lat' dir='ltr'><strong>incertam</strong></span> <span class='ocrx_word' id='word_1_655' title='bbox 655 3463 752 3518; x_wconf 85' lang='lat' dir='ltr'><strong>sedem</strong></span> <span class='ocrx_word' id='word_1_656' title='bbox 780 3467 808 3516; x_wconf 91' lang='grc' dir='ltr'><strong>ει</strong></span> <span class='ocrx_word' id='word_1_657' title='bbox 830 3464 947 3518; x_wconf 88' lang='lat' dir='ltr'><strong>instabi·</strong></span> <span class='ocrx_word' id='word_1_658' title='bbox 1002 3480 1088 3535; x_wconf 87' lang='lat' dir='ltr'><strong>opera</strong></span> <span class='ocrx_word' id='word_1_659' title='bbox 1104 3471 1244 3535; x_wconf 87' lang='lat' dir='ltr'><strong>speranda</strong></span> <span class='ocrx_word' id='word_1_660' title='bbox 1259 3470 1302 3519; x_wconf 89' lang='lat' dir='ltr'><strong>ast</strong></span> <span class='ocrx_word' id='word_1_661' title='bbox 1327 3465 1439 3536; x_wconf 83' lang='lat' dir='ltr'><strong>requies</strong></span> <span class='ocrx_word' id='word_1_662' title='bbox 1467 3465 1497 3518; x_wconf 95' lang='lat' dir='ltr'><strong>in</strong></span> <span class='ocrx_word' id='word_1_663' title='bbox 1526 3465 1571 3519; x_wconf 90' lang='lat' dir='ltr'><strong>die</strong></span> <span class='ocrx_word' id='word_1_664' title='bbox 1586 3465 1708 3536; x_wconf 89' lang='lat' dir='ltr'><strong>septimo</strong></span> <span class='ocrx_word' id='word_1_665' title='bbox 1728 3467 1778 3536; x_wconf 90' lang='lat' dir='ltr'><strong>qui</strong></span> <span class='ocrx_word' id='word_1_666' title='bbox 1799 3482 1848 3519; x_wconf 82' lang='grc' dir='ltr'><strong>εε-</strong></span> 
     </span>
     <span class='ocr_line' id='line_1_61' title="bbox 99 3533 1847 3614; baseline 0 -24"><span class='ocrx_word' id='word_1_667' title='bbox 99 3538 166 3602; x_wconf 82' lang='lat' dir='ltr'><strong>lent,</strong></span> <span class='ocrx_word' id='word_1_668' title='bbox 181 3537 259 3590; x_wconf 88' lang='lat' dir='ltr'><strong>sicut</strong></span> <span class='ocrx_word' id='word_1_669' title='bbox 271 3551 338 3589; x_wconf 81' lang='lat' dir='ltr'><strong>aves</strong></span> <span class='ocrx_word' id='word_1_670' title='bbox 363 3535 499 3589; x_wconf 85' lang='lat' dir='ltr'><strong>volantes.</strong></span> <span class='ocrx_word' id='word_1_671' title='bbox 527 3533 583 3589; x_wconf 85' lang='lat' dir='ltr'><strong>Sed</strong></span> <span class='ocrx_word' id='word_1_672' title='bbox 605 3535 689 3614; x_wconf 82' lang='lat' dir='ltr'><strong>plane</strong></span> <span class='ocrx_word' id='word_1_673' title='bbox 718 3533 756 3587; x_wconf 91' lang='lat' dir='ltr'><strong>ibi</strong></span> <span class='ocrx_word' id='word_1_674' title='bbox 772 3539 854 3587; x_wconf 80' lang='lat' dir='ltr'><strong>crant</strong></span> <span class='ocrx_word' id='word_1_675' title='bbox 876 3540 945 3600; x_wconf 87' lang='lat' dir='ltr'><strong>cete,</strong></span> <span class='ocrx_word' id='word_1_676' title='bbox 1003 3550 1114 3604; x_wconf 88' lang='lat' dir='ltr'><strong>speram</strong></span> <span class='ocrx_word' id='word_1_677' title='bbox 1124 3535 1284 3590; x_wconf 90' lang='lat' dir='ltr'><strong>nonhabet.</strong></span> <span class='ocrx_word' id='word_1_678' title='bbox 1300 3535 1382 3589; x_wconf 88' lang='lat' dir='ltr'><strong>Nullo</strong></span> <span class='ocrx_word' id='word_1_679' title='bbox 1396 3550 1464 3604; x_wconf 86' lang='lat' dir='ltr'><strong>ergo</strong></span> <span class='ocrx_word' id='word_1_680' title='bbox 1478 3536 1562 3589; x_wconf 89' lang='lat' dir='ltr'><strong>modo</strong></span> <span class='ocrx_word' id='word_1_681' title='bbox 1577 3535 1741 3605; x_wconf 91' lang='lat' dir='ltr'><strong>potestdici</strong></span> <span class='ocrx_word' id='word_1_682' title='bbox 1752 3551 1847 3607; x_wconf 90' lang='lat' dir='ltr'><strong>quem·</strong></span> 
     </span>
     <span class='ocr_line' id='line_1_62' title="bbox 100 3604 1847 3677; baseline 0.002 -18"><span class='ocrx_word' id='word_1_683' title='bbox 100 3607 180 3661; x_wconf 85' lang='lat' dir='ltr'><strong>idest</strong></span> <span class='ocrx_word' id='word_1_684' title='bbox 202 3606 301 3677; x_wconf 82' lang='lat' dir='ltr'><strong>magui</strong></span> <span class='ocrx_word' id='word_1_685' title='bbox 314 3605 455 3671; x_wconf 88' lang='lat' dir='ltr'><strong>homines,</strong></span> <span class='ocrx_word' id='word_1_686' title='bbox 470 3604 519 3676; x_wconf 90' lang='lat' dir='ltr'><strong>qui</strong></span> <span class='ocrx_word' id='word_1_687' title='bbox 536 3620 627 3671; x_wconf 82' lang='lat' dir='ltr'><strong>magis</strong></span> <span class='ocrx_word' id='word_1_688' title='bbox 652 3604 875 3660; x_wconf 87' lang='lat' dir='ltr'><strong>dominabantur</strong></span> <span class='ocrx_word' id='word_1_689' title='bbox 889 3606 947 3659; x_wconf 90' lang='lat' dir='ltr'><strong>llu-</strong></span> <span class='ocrx_word' id='word_1_690' title='bbox 1002 3605 1158 3660; x_wconf 89' lang='lat' dir='ltr'><strong>admodum</strong></span> <span class='ocrx_word' id='word_1_691' title='bbox 1181 3606 1281 3661; x_wconf 82' lang='lat' dir='ltr'><strong>iecerit</strong></span> <span class='ocrx_word' id='word_1_692' title='bbox 1300 3607 1373 3660; x_wconf 87' lang='lat' dir='ltr'><strong>Deus</strong></span> <span class='ocrx_word' id='word_1_693' title='bbox 1388 3609 1490 3660; x_wconf 83' lang='lat' dir='ltr'><strong>coelnm</strong></span> <span class='ocrx_word' id='word_1_694' title='bbox 1507 3610 1535 3659; x_wconf 88' lang='lat' dir='ltr'><strong>at</strong></span> <span class='ocrx_word' id='word_1_695' title='bbox 1557 3611 1674 3671; x_wconf 85' lang='lat' dir='ltr'><strong>terram,</strong></span> <span class='ocrx_word' id='word_1_696' title='bbox 1691 3611 1719 3659; x_wconf 89' lang='lat' dir='ltr'><strong>et</strong></span> <span class='ocrx_word' id='word_1_697' title='bbox 1732 3622 1847 3662; x_wconf 92' lang='lat' dir='ltr'><strong>omnem</strong></span> 
     </span>
     <span class='ocr_line' id='line_1_63' title="bbox 98 3675 1849 3749; baseline 0 -17"><span class='ocrx_word' id='word_1_698' title='bbox 98 3680 190 3732; x_wconf 90' lang='lat' dir='ltr'><strong>ctibus</strong></span> <span class='ocrx_word' id='word_1_699' title='bbox 218 3678 326 3746; x_wconf 80' lang='lat' dir='ltr'><strong>saeculi,</strong></span> <span class='ocrx_word' id='word_1_700' title='bbox 348 3692 436 3747; x_wconf 88' lang='lat' dir='ltr'><strong>quam</strong></span> <span class='ocrx_word' id='word_1_701' title='bbox 464 3675 604 3730; x_wconf 88' lang='lat' dir='ltr'><strong>servirent</strong></span> <span class='ocrx_word' id='word_1_702' title='bbox 630 3675 658 3728; x_wconf 88' lang='lat' dir='ltr'><strong>in</strong></span> <span class='ocrx_word' id='word_1_703' title='bbox 677 3675 728 3730; x_wconf 87' lang='lat' dir='ltr'><strong>itta</strong></span> <span class='ocrx_word' id='word_1_704' title='bbox 756 3675 945 3744; x_wconf 87' lang='lat' dir='ltr'><strong>captivitate:</strong></span> <span class='ocrx_word' id='word_1_705' title='bbox 1002 3682 1272 3748; x_wconf 86' lang='lat' dir='ltr'><strong>creaturam,quam</strong></span> <span class='ocrx_word' id='word_1_706' title='bbox 1287 3675 1436 3731; x_wconf 90' lang='lat' dir='ltr'><strong>condidit:</strong></span> <span class='ocrx_word' id='word_1_707' title='bbox 1453 3677 1502 3730; x_wconf 89' lang='lat' dir='ltr'><strong>aad</strong></span> <span class='ocrx_word' id='word_1_708' title='bbox 1515 3676 1569 3730; x_wconf 88' lang='lat' dir='ltr'><strong>ista</strong></span> <span class='ocrx_word' id='word_1_709' title='bbox 1584 3677 1722 3747; x_wconf 83' lang='lat' dir='ltr'><strong>expositio</strong></span> <span class='ocrx_word' id='word_1_710' title='bbox 1739 3694 1790 3749; x_wconf 90' lang='lat' dir='ltr'><strong>per</strong></span> <span class='ocrx_word' id='word_1_711' title='bbox 1803 3694 1849 3732; x_wconf 91' lang='lat' dir='ltr'><strong>or·</strong></span> 
     </span>
     <span class='ocr_line' id='line_1_64' title="bbox 99 3746 1848 3818; baseline 0.002 -17"><span class='ocrx_word' id='word_1_712' title='bbox 99 3749 248 3803; x_wconf 87' lang='lat' dir='ltr'><strong>nonenim</strong></span> <span class='ocrx_word' id='word_1_713' title='bbox 263 3747 298 3802; x_wconf 91' lang='lat' dir='ltr'><strong>ad</strong></span> <span class='ocrx_word' id='word_1_714' title='bbox 320 3750 429 3801; x_wconf 89' lang='lat' dir='ltr'><strong>cultum</strong></span> <span class='ocrx_word' id='word_1_715' title='bbox 444 3746 587 3801; x_wconf 87' lang='lat' dir='ltr'><strong>idolorum</strong></span> <span class='ocrx_word' id='word_1_716' title='bbox 601 3746 699 3817; x_wconf 90' lang='lat' dir='ltr'><strong>aliquo</strong></span> <span class='ocrx_word' id='word_1_717' title='bbox 719 3754 826 3799; x_wconf 88' lang='lat' dir='ltr'><strong>terrore</strong></span> <span class='ocrx_word' id='word_1_718' title='bbox 843 3746 945 3817; x_wconf 86' lang='lat' dir='ltr'><strong>depra-</strong></span> <span class='ocrx_word' id='word_1_719' title='bbox 1003 3746 1098 3801; x_wconf 90' lang='lat' dir='ltr'><strong>dinem</strong></span> <span class='ocrx_word' id='word_1_720' title='bbox 1113 3747 1225 3802; x_wconf 85' lang='lat' dir='ltr'><strong>dierum</strong></span> <span class='ocrx_word' id='word_1_721' title='bbox 1235 3750 1275 3802; x_wconf 93' lang='lat' dir='ltr'><strong>sic</strong></span> <span class='ocrx_word' id='word_1_722' title='bbox 1289 3747 1398 3801; x_wconf 89' lang='lat' dir='ltr'><strong>indicat</strong></span> <span class='ocrx_word' id='word_1_723' title='bbox 1415 3746 1497 3818; x_wconf 84' lang='lat' dir='ltr'><strong>quasi</strong></span> <span class='ocrx_word' id='word_1_724' title='bbox 1520 3746 1668 3802; x_wconf 91' lang='lat' dir='ltr'><strong>historiam</strong></span> <span class='ocrx_word' id='word_1_725' title='bbox 1688 3763 1784 3803; x_wconf 90' lang='lat' dir='ltr'><strong>rerum</strong></span> <span class='ocrx_word' id='word_1_726' title='bbox 1806 3750 1848 3804; x_wconf 82' lang='lat' dir='ltr'><strong>ta·</strong></span> 
     </span>
     <span class='ocr_line' id='line_1_65' title="bbox 99 3816 1849 3888; baseline 0.002 -18"><span class='ocrx_word' id='word_1_727' title='bbox 99 3821 152 3873; x_wconf 82' lang='lat' dir='ltr'><strong>sati</strong></span> <span class='ocrx_word' id='word_1_728' title='bbox 166 3825 245 3873; x_wconf 80' lang='lat' dir='ltr'><strong>sunt</strong></span> <span class='ocrx_word' id='word_1_729' title='bbox 265 3819 317 3874; x_wconf 89' lang='lat' dir='ltr'><strong>Ubi</strong></span> <span class='ocrx_word' id='word_1_730' title='bbox 329 3834 397 3872; x_wconf 91' lang='lat' dir='ltr'><strong>sane</strong></span> <span class='ocrx_word' id='word_1_731' title='bbox 413 3817 698 3873; x_wconf 84' lang='lat' dir='ltr'><strong>animadvertendum</strong></span> <span class='ocrx_word' id='word_1_732' title='bbox 714 3816 790 3887; x_wconf 88' lang='lat' dir='ltr'><strong>quod</strong></span> <span class='ocrx_word' id='word_1_733' title='bbox 801 3816 948 3873; x_wconf 87' lang='lat' dir='ltr'><strong>benedixit</strong></span> <span class='ocrx_word' id='word_1_734' title='bbox 1001 3822 1111 3871; x_wconf 81' lang='lat' dir='ltr'><strong>ciarum</strong></span> <span class='ocrx_word' id='word_1_735' title='bbox 1132 3823 1165 3872; x_wconf 88' lang='grc' dir='ltr'><strong>ει</strong></span> <span class='ocrx_word' id='word_1_736' title='bbox 1191 3818 1425 3888; x_wconf 80' lang='lat' dir='ltr'><strong>pradicationem</strong></span> <span class='ocrx_word' id='word_1_737' title='bbox 1455 3818 1617 3872; x_wconf 72' lang='lat' dir='ltr'><strong>futurorum</strong></span> <span class='ocrx_word' id='word_1_738' title='bbox 1648 3818 1771 3873; x_wconf 87' lang='lat' dir='ltr'><strong>maxime</strong></span> <span class='ocrx_word' id='word_1_739' title='bbox 1799 3821 1849 3874; x_wconf 91' lang='lat' dir='ltr'><strong>ob-</strong></span> 
     </span>
     <span class='ocr_line' id='line_1_66' title="bbox 100 3887 1846 3959; baseline -0.001 -15"><span class='ocrx_word' id='word_1_740' title='bbox 100 3889 171 3944; x_wconf 80' lang='lat' dir='ltr'><strong>Deus</strong></span> <span class='ocrx_word' id='word_1_741' title='bbox 201 3890 252 3944; x_wconf 82' lang='lat' dir='ltr'><strong>illa</strong></span> <span class='ocrx_word' id='word_1_742' title='bbox 279 3888 425 3954; x_wconf 87' lang='lat' dir='ltr'><strong>animalia,</strong></span> <span class='ocrx_word' id='word_1_743' title='bbox 450 3888 563 3942; x_wconf 85' lang='lat' dir='ltr'><strong>dicans:</strong></span> <span class='ocrx_word' id='word_1_744' title='bbox 593 3887 945 3957; x_wconf 65' lang='lat' dir='ltr'><strong>«Crescitaetmultiplb</strong></span> <span class='ocrx_word' id='word_1_745' title='bbox 1003 3896 1103 3944; x_wconf 83' lang='lat' dir='ltr'><strong>servat.</strong></span> <span class='ocrx_word' id='word_1_746' title='bbox 1120 3888 1149 3943; x_wconf 93' lang='lat' dir='ltr'><strong>Si</strong></span> <span class='ocrx_word' id='word_1_747' title='bbox 1165 3894 1259 3942; x_wconf 89' lang='lat' dir='ltr'><strong>autern</strong></span> <span class='ocrx_word' id='word_1_748' title='bbox 1280 3888 1405 3959; x_wconf 86' lang='lat' dir='ltr'><strong>aliquem</strong></span> <span class='ocrx_word' id='word_1_749' title='bbox 1425 3893 1520 3942; x_wconf 83' lang='lat' dir='ltr'><strong>moret</strong></span> <span class='ocrx_word' id='word_1_750' title='bbox 1539 3888 1661 3958; x_wconf 88' lang='lat' dir='ltr'><strong>quodin</strong></span> <span class='ocrx_word' id='word_1_751' title='bbox 1686 3889 1747 3943; x_wconf 90' lang='lat' dir='ltr'><strong>istis</strong></span> <span class='ocrx_word' id='word_1_752' title='bbox 1775 3895 1846 3943; x_wconf 74' lang='lat' dir='ltr'><strong>asta·</strong></span> 
     </span>
     <span class='ocr_line' id='line_1_67' title="bbox 99 3957 1849 4030; baseline 0 -16"><span class='ocrx_word' id='word_1_753' title='bbox 99 3960 202 4014; x_wconf 89' lang='lat' dir='ltr'><strong>camini</strong></span> <span class='ocrx_word' id='word_1_754' title='bbox 217 3965 247 4014; x_wconf 88' lang='lat' dir='ltr'><strong>et</strong></span> <span class='ocrx_word' id='word_1_755' title='bbox 258 3960 364 4030; x_wconf 85' lang='lat' dir='ltr'><strong>replete</strong></span> <span class='ocrx_word' id='word_1_756' title='bbox 379 3974 483 4029; x_wconf 89' lang='lat' dir='ltr'><strong>aquam</strong></span> <span class='ocrx_word' id='word_1_757' title='bbox 499 3959 595 4022; x_wconf 87' lang='lat' dir='ltr'><strong>maris,</strong></span> <span class='ocrx_word' id='word_1_758' title='bbox 612 3974 734 4027; x_wconf 84' lang='lat' dir='ltr'><strong>avesque</strong></span> <span class='ocrx_word' id='word_1_759' title='bbox 753 3959 946 4029; x_wconf 88' lang='lat' dir='ltr'><strong>multiplicen-</strong></span> <span class='ocrx_word' id='word_1_760' title='bbox 1002 3957 1077 4013; x_wconf 90' lang='lat' dir='ltr'><strong>tibus</strong></span> <span class='ocrx_word' id='word_1_761' title='bbox 1092 3959 1188 4013; x_wconf 83' lang='lat' dir='ltr'><strong>smculi</strong></span> <span class='ocrx_word' id='word_1_762' title='bbox 1204 3959 1275 4014; x_wconf 88' lang='lat' dir='ltr'><strong>duas</strong></span> <span class='ocrx_word' id='word_1_763' title='bbox 1289 3965 1387 4012; x_wconf 78' lang='lat' dir='ltr'><strong>aetates</strong></span> <span class='ocrx_word' id='word_1_764' title='bbox 1400 3959 1508 4029; x_wconf 91' lang='lat' dir='ltr'><strong>primas</strong></span> <span class='ocrx_word' id='word_1_765' title='bbox 1521 3957 1601 4011; x_wconf 90' lang='lat' dir='ltr'><strong>denis</strong></span> <span class='ocrx_word' id='word_1_766' title='bbox 1614 3959 1849 4028; x_wconf 85' lang='lat' dir='ltr'><strong>generationibus</strong></span> 
     </span>
     <span class='ocr_line' id='line_1_68' title="bbox 98 4027 1849 4102; baseline 0.001 -18"><span class='ocrx_word' id='word_1_767' title='bbox 98 4039 143 4085; x_wconf 91' lang='lat' dir='ltr'><strong>tur</strong></span> <span class='ocrx_word' id='word_1_768' title='bbox 157 4047 247 4102; x_wconf 89' lang='lat' dir='ltr'><strong>super</strong></span> <span class='ocrx_word' id='word_1_769' title='bbox 261 4037 379 4085; x_wconf 88' lang='lat' dir='ltr'><strong>terram.</strong></span> <span class='ocrx_word' id='word_1_770' title='bbox 403 4051 417 4080; x_wconf 74' lang='lat' dir='ltr'><strong>a</strong></span> <span class='ocrx_word' id='word_1_771' title='bbox 433 4029 505 4093; x_wconf 83' lang='lat' dir='ltr'><strong>Quia</strong></span> <span class='ocrx_word' id='word_1_772' title='bbox 520 4044 617 4083; x_wconf 77' lang='lat' dir='ltr'><strong>revera</strong></span> <span class='ocrx_word' id='word_1_773' title='bbox 634 4045 704 4100; x_wconf 87' lang='lat' dir='ltr'><strong>gens</strong></span> <span class='ocrx_word' id='word_1_774' title='bbox 718 4029 884 4084; x_wconf 82' lang='lat' dir='ltr'><strong>Judoeorum</strong></span> <span class='ocrx_word' id='word_1_775' title='bbox 898 4033 945 4100; x_wconf 87' lang='lat' dir='ltr'><strong>(ex</strong></span> <span class='ocrx_word' id='word_1_776' title='bbox 1001 4029 1175 4083; x_wconf 86' lang='lat' dir='ltr'><strong>advertimus</strong></span> <span class='ocrx_word' id='word_1_777' title='bbox 1195 4027 1339 4099; x_wconf 81' lang='lat' dir='ltr'><strong>explicari,</strong></span> <span class='ocrx_word' id='word_1_778' title='bbox 1356 4033 1413 4083; x_wconf 89' lang='lat' dir='ltr'><strong>tres</strong></span> <span class='ocrx_word' id='word_1_779' title='bbox 1437 4033 1532 4081; x_wconf 91' lang='lat' dir='ltr'><strong>autem</strong></span> <span class='ocrx_word' id='word_1_780' title='bbox 1560 4035 1765 4098; x_wconf 86' lang='lat' dir='ltr'><strong>consequentes</strong></span> <span class='ocrx_word' id='word_1_781' title='bbox 1792 4031 1849 4086; x_wconf 92' lang='lat' dir='ltr'><strong>sin·</strong></span> 
     </span>
     <span class='ocr_line' id='line_1_69' title="bbox 97 4097 1846 4172; baseline -0.001 -16"><span class='ocrx_word' id='word_1_782' title='bbox 97 4119 154 4172; x_wconf 87' lang='lat' dir='ltr'><strong>quo</strong></span> <span class='ocrx_word' id='word_1_783' title='bbox 173 4105 218 4157; x_wconf 82' lang='lat' dir='ltr'><strong>dis</strong></span> <span class='ocrx_word' id='word_1_784' title='bbox 241 4118 304 4156; x_wconf 85' lang='lat' dir='ltr'><strong>ersa</strong></span> <span class='ocrx_word' id='word_1_785' title='bbox 324 4106 432 4171; x_wconf 87' lang='lat' dir='ltr'><strong>estper</strong></span> <span class='ocrx_word' id='word_1_786' title='bbox 450 4101 557 4171; x_wconf 86' lang='lat' dir='ltr'><strong>gentes)</strong></span> <span class='ocrx_word' id='word_1_787' title='bbox 579 4101 661 4153; x_wconf 84' lang='lat' dir='ltr'><strong>valde</strong></span> <span class='ocrx_word' id='word_1_788' title='bbox 689 4098 944 4170; x_wconf 88' lang='lat' dir='ltr'><strong>multiplicataest.</strong></span> <span class='ocrx_word' id='word_1_789' title='bbox 1001 4099 1076 4170; x_wconf 81' lang='lat' dir='ltr'><strong>gulm</strong></span> <span class='ocrx_word' id='word_1_790' title='bbox 1119 4098 1337 4170; x_wconf 89' lang='lat' dir='ltr'><strong>quatuordecim</strong></span> <span class='ocrx_word' id='word_1_791' title='bbox 1374 4097 1609 4170; x_wconf 80' lang='lat' dir='ltr'><strong>generationibus</strong></span> <span class='ocrx_word' id='word_1_792' title='bbox 1645 4104 1846 4165; x_wconf 85' lang='lat' dir='ltr'><strong>contexuntur,</strong></span> 
     </span>
     <span class='ocr_line' id='line_1_70' title="bbox 100 4119 1849 4243; baseline -0.001 -17"><span class='ocrx_word' id='word_1_793' title='bbox 100 4172 188 4243; x_wconf 81' lang='lat' dir='ltr'><strong>liujus</strong></span> <span class='ocrx_word' id='word_1_794' title='bbox 213 4119 283 4234; x_wconf 66' lang='lat' dir='ltr'><strong>Dei,</strong></span> <span class='ocrx_word' id='word_1_795' title='bbox 308 4171 530 4242; x_wconf 87' lang='lat' dir='ltr'><strong>hocest,hojus</strong></span> <span class='ocrx_word' id='word_1_796' title='bbox 547 4170 647 4234; x_wconf 81' lang='lat' dir='ltr'><strong>aetatis,</strong></span> <span class='ocrx_word' id='word_1_797' title='bbox 694 4170 756 4223; x_wconf 85' lang='lat' dir='ltr'><strong>ussi</strong></span> <span class='ocrx_word' id='word_1_798' title='bbox 772 4185 890 4241; x_wconf 87' lang='lat' dir='ltr'><strong>vespera</strong></span> <span class='ocrx_word' id='word_1_799' title='bbox 904 4177 947 4225; x_wconf 92' lang='lat' dir='ltr'><strong>est</strong></span> <span class='ocrx_word' id='word_1_800' title='bbox 1001 4176 1077 4223; x_wconf 82' lang='lat' dir='ltr'><strong>sexta</strong></span> <span class='ocrx_word' id='word_1_801' title='bbox 1094 4170 1318 4224; x_wconf 88' lang='lat' dir='ltr'><strong>veroistanullo</strong></span> <span class='ocrx_word' id='word_1_802' title='bbox 1343 4168 1561 4240; x_wconf 87' lang='lat' dir='ltr'><strong>generationum</strong></span> <span class='ocrx_word' id='word_1_803' title='bbox 1588 4185 1709 4224; x_wconf 88' lang='lat' dir='ltr'><strong>numero</strong></span> <span class='ocrx_word' id='word_1_804' title='bbox 1732 4169 1849 4226; x_wconf 82' lang='lat' dir='ltr'><strong>definita</strong></span> 
     </span>
     <span class='ocr_line' id='line_1_71' title="bbox 99 4186 1847 4314; baseline -0.001 -17"><span class='ocrx_word' id='word_1_805' title='bbox 99 4242 300 4313; x_wconf 89' lang='lat' dir='ltr'><strong>multiplicatio</strong></span> <span class='ocrx_word' id='word_1_806' title='bbox 312 4247 495 4314; x_wconf 86' lang='lat' dir='ltr'><strong>peccatorum</strong></span> <span class='ocrx_word' id='word_1_807' title='bbox 515 4241 543 4295; x_wconf 93' lang='lat' dir='ltr'><strong>in</strong></span> <span class='ocrx_word' id='word_1_808' title='bbox 557 4186 850 4312; x_wconf 53' lang='lat' dir='ltr'><strong>popoto‘iodaeorom</strong></span> <span class='ocrx_word' id='word_1_809' title='bbox 878 4230 981 4312; x_wconf 80' lang='lat' dir='ltr'><strong>quial)</strong></span> <span class='ocrx_word' id='word_1_810' title='bbox 1000 4240 1157 4295; x_wconf 77' lang='lat' dir='ltr'><strong>sitzlacile</strong></span> <span class='ocrx_word' id='word_1_811' title='bbox 1177 4246 1220 4295; x_wconf 89' lang='lat' dir='ltr'><strong>est</strong></span> <span class='ocrx_word' id='word_1_812' title='bbox 1249 4241 1345 4295; x_wconf 74' lang='lat' dir='ltr'><strong>ridere</strong></span> <span class='ocrx_word' id='word_1_813' title='bbox 1375 4240 1461 4295; x_wconf 90' lang='lat' dir='ltr'><strong>ctiam</strong></span> <span class='ocrx_word' id='word_1_814' title='bbox 1484 4240 1708 4311; x_wconf 88' lang='lat' dir='ltr'><strong>inuuoquoqua</strong></span> <span class='ocrx_word' id='word_1_815' title='bbox 1731 4242 1847 4296; x_wconf 86' lang='lat' dir='ltr'><strong>bomine</strong></span> 
     </span>
     <span class='ocr_line' id='line_1_72' title="bbox 98 4311 1848 4383; baseline 0.001 -17"><span class='ocrx_word' id='word_1_816' title='bbox 98 4317 137 4368; x_wconf 87' lang='lat' dir='ltr'><strong>sic</strong></span> <span class='ocrx_word' id='word_1_817' title='bbox 148 4314 284 4368; x_wconf 78' lang='lat' dir='ltr'><strong>excaecati</strong></span> <span class='ocrx_word' id='word_1_818' title='bbox 299 4317 374 4380; x_wconf 88' lang='lat' dir='ltr'><strong>sunt,</strong></span> <span class='ocrx_word' id='word_1_819' title='bbox 406 4316 438 4367; x_wconf 90' lang='lat' dir='ltr'><strong>ut</strong></span> <span class='ocrx_word' id='word_1_820' title='bbox 461 4312 552 4367; x_wconf 89' lang='lat' dir='ltr'><strong>Deum</strong></span> <span class='ocrx_word' id='word_1_821' title='bbox 574 4319 604 4367; x_wconf 91' lang='grc' dir='ltr'><strong>ει</strong></span> <span class='ocrx_word' id='word_1_822' title='bbox 631 4312 784 4367; x_wconf 87' lang='lat' dir='ltr'><strong>Dominum</strong></span> <span class='ocrx_word' id='word_1_823' title='bbox 814 4316 944 4366; x_wconf 89' lang='lat' dir='ltr'><strong>nostrum</strong></span> <span class='ocrx_word' id='word_1_824' title='bbox 999 4311 1070 4365; x_wconf 90' lang='lat' dir='ltr'><strong>duas</strong></span> <span class='ocrx_word' id='word_1_825' title='bbox 1085 4313 1193 4382; x_wconf 88' lang='lat' dir='ltr'><strong>primas</strong></span> <span class='ocrx_word' id='word_1_826' title='bbox 1208 4317 1315 4377; x_wconf 81' lang='lat' dir='ltr'><strong>aetates,</strong></span> <span class='ocrx_word' id='word_1_827' title='bbox 1333 4311 1484 4366; x_wconf 80' lang='lat' dir='ltr'><strong>infantiam</strong></span> <span class='ocrx_word' id='word_1_828' title='bbox 1496 4315 1525 4366; x_wconf 88' lang='lat' dir='ltr'><strong>et</strong></span> <span class='ocrx_word' id='word_1_829' title='bbox 1540 4313 1703 4383; x_wconf 89' lang='lat' dir='ltr'><strong>pueritiam,</strong></span> <span class='ocrx_word' id='word_1_830' title='bbox 1720 4315 1848 4382; x_wconf 88' lang='lat' dir='ltr'><strong>corporis</strong></span> 
     </span>
     <span class='ocr_line' id='line_1_73' title="bbox 96 4382 1847 4454; baseline 0 -16"><span class='ocrx_word' id='word_1_831' title='bbox 96 4385 193 4439; x_wconf 83' lang='lat' dir='ltr'><strong>lesum</strong></span> <span class='ocrx_word' id='word_1_832' title='bbox 223 4385 369 4440; x_wconf 84' lang='lat' dir='ltr'><strong>Christum</strong></span> <span class='ocrx_word' id='word_1_833' title='bbox 394 4398 452 4437; x_wconf 90' lang='lat' dir='ltr'><strong>non</strong></span> <span class='ocrx_word' id='word_1_834' title='bbox 478 4388 596 4452; x_wconf 89' lang='lat' dir='ltr'><strong>possent</strong></span> <span class='ocrx_word' id='word_1_835' title='bbox 618 4397 785 4454; x_wconf 88' lang='lat' dir='ltr'><strong>agnoscere.</strong></span> <span class='ocrx_word' id='word_1_836' title='bbox 819 4382 944 4451; x_wconf 79' lang='lat' dir='ltr'><strong>Mystico,</strong></span> <span class='ocrx_word' id='word_1_837' title='bbox 999 4383 1130 4436; x_wconf 90' lang='lat' dir='ltr'><strong>sensibus</strong></span> <span class='ocrx_word' id='word_1_838' title='bbox 1166 4383 1332 4437; x_wconf 80' lang='lat' dir='ltr'><strong>inhaerere:</strong></span> <span class='ocrx_word' id='word_1_839' title='bbox 1355 4383 1406 4454; x_wconf 90' lang='lat' dir='ltr'><strong>qui</strong></span> <span class='ocrx_word' id='word_1_840' title='bbox 1431 4399 1531 4437; x_wconf 89' lang='lat' dir='ltr'><strong>sensus</strong></span> <span class='ocrx_word' id='word_1_841' title='bbox 1563 4384 1690 4454; x_wconf 84' lang='lat' dir='ltr'><strong>corporis</strong></span> <span class='ocrx_word' id='word_1_842' title='bbox 1718 4384 1847 4454; x_wconf 86' lang='lat' dir='ltr'><strong>quinque</strong></span> 
     </span>
     <span class='ocr_line' id='line_1_74' title="bbox 998 4453 1847 4524; baseline 0.002 -18"><span class='ocrx_word' id='word_1_843' title='bbox 998 4458 1065 4507; x_wconf 90' lang='lat' dir='ltr'><strong>sunt</strong></span> <span class='ocrx_word' id='word_1_844' title='bbox 1098 4455 1184 4522; x_wconf 82' lang='lat' dir='ltr'><strong>visus,</strong></span> <span class='ocrx_word' id='word_1_845' title='bbox 1216 4453 1341 4519; x_wconf 89' lang='lat' dir='ltr'><strong>auditus,</strong></span> <span class='ocrx_word' id='word_1_846' title='bbox 1371 4459 1484 4524; x_wconf 87' lang='lat' dir='ltr'><strong>gustus,</strong></span> <span class='ocrx_word' id='word_1_847' title='bbox 1510 4454 1643 4521; x_wconf 86' lang='lat' dir='ltr'><strong>ollactus,</strong></span> <span class='ocrx_word' id='word_1_848' title='bbox 1671 4457 1700 4508; x_wconf 89' lang='lat' dir='ltr'><strong>et</strong></span> <span class='ocrx_word' id='word_1_849' title='bbox 1723 4460 1847 4521; x_wconf 89' lang='lat' dir='ltr'><strong>tactus;</strong></span> 
     </span>
     <span class='ocr_line' id='line_1_75' title="bbox 998 4523 1846 4595; baseline 0.001 -19"><span class='ocrx_word' id='word_1_850' title='bbox 998 4523 1148 4594; x_wconf 87' lang='lat' dir='ltr'><strong>quinarius</strong></span> <span class='ocrx_word' id='word_1_851' title='bbox 1168 4527 1413 4578; x_wconf 88' lang='lat' dir='ltr'><strong>autemnumerus</strong></span> <span class='ocrx_word' id='word_1_852' title='bbox 1433 4523 1594 4595; x_wconf 87' lang='lat' dir='ltr'><strong>duplicatos</strong></span> <span class='ocrx_word' id='word_1_853' title='bbox 1619 4523 1767 4594; x_wconf 84' lang='lat' dir='ltr'><strong>(quoniam</strong></span> <span class='ocrx_word' id='word_1_854' title='bbox 1790 4524 1846 4578; x_wconf 91' lang='lat' dir='ltr'><strong>do-</strong></span> 
     </span>
     <span class='ocr_line' id='line_1_76' title="bbox 998 4594 1846 4665; baseline 0.001 -19"><span class='ocrx_word' id='word_1_855' title='bbox 998 4594 1063 4663; x_wconf 84' lang='lat' dir='ltr'><strong>plex</strong></span> <span class='ocrx_word' id='word_1_856' title='bbox 1089 4599 1132 4648; x_wconf 89' lang='lat' dir='ltr'><strong>est</strong></span> <span class='ocrx_word' id='word_1_857' title='bbox 1160 4610 1243 4648; x_wconf 90' lang='lat' dir='ltr'><strong>sexus</strong></span> <span class='ocrx_word' id='word_1_858' title='bbox 1263 4596 1416 4663; x_wconf 85' lang='lat' dir='ltr'><strong>humanus,</strong></span> <span class='ocrx_word' id='word_1_859' title='bbox 1442 4595 1519 4649; x_wconf 79' lang='lat' dir='ltr'><strong>rande</strong></span> <span class='ocrx_word' id='word_1_860' title='bbox 1550 4594 1749 4665; x_wconf 87' lang='lat' dir='ltr'><strong>generationes</strong></span> <span class='ocrx_word' id='word_1_861' title='bbox 1775 4595 1846 4649; x_wconf 88' lang='lat' dir='ltr'><strong>tales</strong></span> 
     </span>
     <span class='ocr_line' id='line_1_77' title="bbox 998 4664 1845 4732; baseline 0.001 -14"><span class='ocrx_word' id='word_1_862' title='bbox 998 4664 1134 4731; x_wconf 83' lang='lat' dir='ltr'><strong>existunt,</strong></span> <span class='ocrx_word' id='word_1_863' title='bbox 1158 4665 1333 4720; x_wconf 91' lang='lat' dir='ltr'><strong>masculinus</strong></span> <span class='ocrx_word' id='word_1_864' title='bbox 1361 4670 1390 4719; x_wconf 91' lang='lat' dir='ltr'><strong>et</strong></span> <span class='ocrx_word' id='word_1_865' title='bbox 1420 4665 1588 4732; x_wconf 78' lang='lat' dir='ltr'><strong>femininus)</strong></span> <span class='ocrx_word' id='word_1_866' title='bbox 1617 4664 1767 4718; x_wconf 88' lang='lat' dir='ltr'><strong>denarium</strong></span> <span class='ocrx_word' id='word_1_867' title='bbox 1791 4681 1845 4719; x_wconf 90' lang='lat' dir='ltr'><strong>no·</strong></span> 
     </span>
     <span class='ocr_line' id='line_1_78' title="bbox 998 4735 1843 4817; baseline -0.001 -29"><span class='ocrx_word' id='word_1_868' title='bbox 998 4751 1109 4789; x_wconf 88' lang='lat' dir='ltr'><strong>merum</strong></span> <span class='ocrx_word' id='word_1_869' title='bbox 1123 4736 1199 4789; x_wconf 90' lang='lat' dir='ltr'><strong>lacit.</strong></span> <span class='ocrx_word' id='word_1_870' title='bbox 1215 4737 1276 4790; x_wconf 81' lang='lat' dir='ltr'><strong>tam</strong></span> <span class='ocrx_word' id='word_1_871' title='bbox 1294 4752 1360 4789; x_wconf 85' lang='lat' dir='ltr'><strong>vero</strong></span> <span class='ocrx_word' id='word_1_872' title='bbox 1384 4735 1420 4789; x_wconf 86' lang='lat' dir='ltr'><strong>ab</strong></span> <span class='ocrx_word' id='word_1_873' title='bbox 1434 4735 1635 4801; x_wconf 87' lang='lat' dir='ltr'><strong>adolescentia,</strong></span> <span class='ocrx_word' id='word_1_874' title='bbox 1651 4740 1680 4789; x_wconf 91' lang='lat' dir='ltr'><strong>et</strong></span> <span class='ocrx_word' id='word_1_875' title='bbox 1699 4735 1843 4817; x_wconf 84' lang='lat' dir='ltr'><strong>deinceps,</strong></span> 
     </span>
     <span class='ocr_line' id='line_1_79' title="bbox 999 4804 1844 4877; baseline 0.002 -18"><span class='ocrx_word' id='word_1_876' title='bbox 999 4804 1046 4859; x_wconf 92' lang='lat' dir='ltr'><strong>ubi</strong></span> <span class='ocrx_word' id='word_1_877' title='bbox 1059 4807 1144 4871; x_wconf 89' lang='lat' dir='ltr'><strong>ratio,</strong></span> <span class='ocrx_word' id='word_1_878' title='bbox 1160 4807 1261 4876; x_wconf 90' lang='lat' dir='ltr'><strong>incipit</strong></span> <span class='ocrx_word' id='word_1_879' title='bbox 1275 4807 1304 4860; x_wconf 90' lang='lat' dir='ltr'><strong>in</strong></span> <span class='ocrx_word' id='word_1_880' title='bbox 1320 4807 1436 4860; x_wconf 88' lang='lat' dir='ltr'><strong>homine</strong></span> <span class='ocrx_word' id='word_1_881' title='bbox 1461 4807 1625 4877; x_wconf 71' lang='lat' dir='ltr'><strong>praevalere,</strong></span> <span class='ocrx_word' id='word_1_882' title='bbox 1641 4806 1748 4860; x_wconf 88' lang='lat' dir='ltr'><strong>accedit</strong></span> <span class='ocrx_word' id='word_1_883' title='bbox 1760 4822 1844 4877; x_wconf 86' lang='lat' dir='ltr'><strong>quru-</strong></span> 
     </span>
     <span class='ocr_line' id='line_1_80' title="bbox 998 4875 1846 4948; baseline 0.005 -20"><span class='ocrx_word' id='word_1_884' title='bbox 998 4891 1054 4946; x_wconf 91' lang='lat' dir='ltr'><strong>que</strong></span> <span class='ocrx_word' id='word_1_885' title='bbox 1069 4876 1200 4932; x_wconf 88' lang='lat' dir='ltr'><strong>sensibus</strong></span> <span class='ocrx_word' id='word_1_886' title='bbox 1216 4876 1341 4948; x_wconf 90' lang='lat' dir='ltr'><strong>cognitio</strong></span> <span class='ocrx_word' id='word_1_887' title='bbox 1354 4882 1383 4930; x_wconf 89' lang='lat' dir='ltr'><strong>et</strong></span> <span class='ocrx_word' id='word_1_888' title='bbox 1397 4876 1479 4943; x_wconf 89' lang='lat' dir='ltr'><strong>ratio,</strong></span> <span class='ocrx_word' id='word_1_889' title='bbox 1497 4876 1601 4947; x_wconf 89' lang='lat' dir='ltr'><strong>quibus</strong></span> <span class='ocrx_word' id='word_1_890' title='bbox 1621 4875 1678 4931; x_wconf 81' lang='lat' dir='ltr'><strong>sita</strong></span> <span class='ocrx_word' id='word_1_891' title='bbox 1694 4875 1803 4948; x_wconf 87' lang='lat' dir='ltr'><strong>regitur</strong></span> <span class='ocrx_word' id='word_1_892' title='bbox 1817 4884 1846 4932; x_wconf 91' lang='lat' dir='ltr'><strong>et</strong></span> 
     </span>
     <span class='ocr_line' id='line_1_81' title="bbox 997 4946 1844 5028; baseline 0.002 -28"><span class='ocrx_word' id='word_1_893' title='bbox 997 4946 1232 5002; x_wconf 88' lang='lat' dir='ltr'><strong>administrator:</strong></span> <span class='ocrx_word' id='word_1_894' title='bbox 1254 4953 1285 5002; x_wconf 90' lang='grc' dir='ltr'><strong>ει</strong></span> <span class='ocrx_word' id='word_1_895' title='bbox 1305 4949 1365 5019; x_wconf 89' lang='lat' dir='ltr'><strong>jam</strong></span> <span class='ocrx_word' id='word_1_896' title='bbox 1378 4946 1556 5028; x_wconf 86' lang='lat' dir='ltr'><strong>septenarius</strong></span> <span class='ocrx_word' id='word_1_897' title='bbox 1570 4962 1707 5001; x_wconf 88' lang='lat' dir='ltr'><strong>numerus</strong></span> <span class='ocrx_word' id='word_1_898' title='bbox 1723 4963 1784 5002; x_wconf 88' lang='lat' dir='ltr'><strong>asse</strong></span> <span class='ocrx_word' id='word_1_899' title='bbox 1799 4948 1844 5002; x_wconf 92' lang='lat' dir='ltr'><strong>in-</strong></span> 
     </span>
    </p>
   </div>
   <div class='ocr_carea' id='block_1_6' title="bbox 95 4453 945 5021">
    <p class='ocr_par' dir='ltr' id='par_1_6' title="bbox 95 4453 945 5021">
     <span class='ocr_line' id='line_1_82' title="bbox 98 4453 943 4525; baseline -0.004 -16"><span class='ocrx_word' id='word_1_900' title='bbox 98 4471 183 4509; x_wconf 86' lang='lat' dir='ltr'><strong>mane</strong></span> <span class='ocrx_word' id='word_1_901' title='bbox 197 4462 284 4510; x_wconf 77' lang='lat' dir='ltr'><strong>sexta</strong></span> <span class='ocrx_word' id='word_1_902' title='bbox 298 4454 354 4510; x_wconf 90' lang='lat' dir='ltr'><strong>diei</strong></span> <span class='ocrx_word' id='word_1_903' title='bbox 368 4453 401 4510; x_wconf 82' lang='grc' dir='ltr'><strong>ιιι</strong></span> <span class='ocrx_word' id='word_1_904' title='bbox 418 4454 584 4525; x_wconf 73' lang='lat' dir='ltr'><strong>pradicatio</strong></span> <span class='ocrx_word' id='word_1_905' title='bbox 601 4453 745 4524; x_wconf 80' lang='lat' dir='ltr'><strong>Evangelii</strong></span> <span class='ocrx_word' id='word_1_906' title='bbox 762 4468 815 4523; x_wconf 90' lang='lat' dir='ltr'><strong>par</strong></span> <span class='ocrx_word' id='word_1_907' title='bbox 836 4453 943 4521; x_wconf 81' lang='lat' dir='ltr'><strong>tasum,</strong></span> 
     </span>
     <span class='ocr_line' id='line_1_83' title="bbox 100 4522 942 4597; baseline -0.004 -19"><span class='ocrx_word' id='word_1_908' title='bbox 100 4531 127 4579; x_wconf 86' lang='lat' dir='ltr'><strong>et</strong></span> <span class='ocrx_word' id='word_1_909' title='bbox 139 4525 223 4579; x_wconf 87' lang='lat' dir='ltr'><strong>linito</strong></span> <span class='ocrx_word' id='word_1_910' title='bbox 243 4525 290 4580; x_wconf 86' lang='lat' dir='ltr'><strong>dia</strong></span> <span class='ocrx_word' id='word_1_911' title='bbox 297 4525 408 4597; x_wconf 89' lang='lat' dir='ltr'><strong>quinto,</strong></span> <span class='ocrx_word' id='word_1_912' title='bbox 422 4526 504 4579; x_wconf 88' lang='lat' dir='ltr'><strong>idest</strong></span> <span class='ocrx_word' id='word_1_913' title='bbox 517 4525 617 4596; x_wconf 92' lang='lat' dir='ltr'><strong>quinta</strong></span> <span class='ocrx_word' id='word_1_914' title='bbox 632 4529 726 4589; x_wconf 76' lang='lat' dir='ltr'><strong>aetate,</strong></span> <span class='ocrx_word' id='word_1_915' title='bbox 742 4522 842 4592; x_wconf 89' lang='lat' dir='ltr'><strong>incipit</strong></span> <span class='ocrx_word' id='word_1_916' title='bbox 856 4530 942 4592; x_wconf 84' lang='lat' dir='ltr'><strong>sexta,</strong></span> 
     </span>
     <span class='ocr_line' id='line_1_84' title="bbox 97 4593 944 4665; baseline -0.002 -16"><span class='ocrx_word' id='word_1_917' title='bbox 97 4596 203 4650; x_wconf 74' lang='lat' dir='ltr'><strong>scilicet</strong></span> <span class='ocrx_word' id='word_1_918' title='bbox 221 4604 352 4651; x_wconf 86' lang='lat' dir='ltr'><strong>senectus</strong></span> <span class='ocrx_word' id='word_1_919' title='bbox 362 4594 465 4650; x_wconf 84' lang='lat' dir='ltr'><strong>veteris</strong></span> <span class='ocrx_word' id='word_1_920' title='bbox 479 4594 615 4660; x_wconf 87' lang='lat' dir='ltr'><strong>hominis,</strong></span> <span class='ocrx_word' id='word_1_921' title='bbox 633 4593 663 4649; x_wconf 90' lang='lat' dir='ltr'><strong>iu</strong></span> <span class='ocrx_word' id='word_1_922' title='bbox 678 4608 735 4665; x_wconf 89' lang='lat' dir='ltr'><strong>qua</strong></span> <span class='ocrx_word' id='word_1_923' title='bbox 749 4594 834 4647; x_wconf 87' lang='lat' dir='ltr'><strong>borno</strong></span> <span class='ocrx_word' id='word_1_924' title='bbox 849 4594 944 4647; x_wconf 87' lang='lat' dir='ltr'><strong>minus</strong></span> 
     </span>
     <span class='ocr_line' id='line_1_85' title="bbox 96 4664 945 4739; baseline -0.001 -19"><span class='ocrx_word' id='word_1_925' title='bbox 96 4674 199 4737; x_wconf 87' lang='lat' dir='ltr'><strong>potens</strong></span> <span class='ocrx_word' id='word_1_926' title='bbox 213 4672 267 4734; x_wconf 88' lang='lat' dir='ltr'><strong>est,</strong></span> <span class='ocrx_word' id='word_1_927' title='bbox 281 4672 310 4721; x_wconf 84' lang='lat' dir='ltr'><strong>st</strong></span> <span class='ocrx_word' id='word_1_928' title='bbox 322 4667 406 4739; x_wconf 92' lang='lat' dir='ltr'><strong>quasi</strong></span> <span class='ocrx_word' id='word_1_929' title='bbox 421 4666 455 4720; x_wconf 89' lang='lat' dir='ltr'><strong>ad</strong></span> <span class='ocrx_word' id='word_1_930' title='bbox 471 4671 632 4720; x_wconf 83' lang='lat' dir='ltr'><strong>extremum</strong></span> <span class='ocrx_word' id='word_1_931' title='bbox 647 4664 713 4718; x_wconf 82' lang='lat' dir='ltr'><strong>vitae</strong></span> <span class='ocrx_word' id='word_1_932' title='bbox 728 4665 826 4719; x_wconf 85' lang='lat' dir='ltr'><strong>tendit.</strong></span> <span class='ocrx_word' id='word_1_933' title='bbox 846 4665 879 4719; x_wconf 86' lang='lat' dir='ltr'><strong>Et</strong></span> <span class='ocrx_word' id='word_1_934' title='bbox 892 4665 945 4719; x_wconf 90' lang='lat' dir='ltr'><strong>hoc</strong></span> 
     </span>
     <span class='ocr_line' id='line_1_86' title="bbox 95 4735 945 4809; baseline -0.002 -18"><span class='ocrx_word' id='word_1_935' title='bbox 95 4738 182 4792; x_wconf 83' lang='lat' dir='ltr'><strong>stiam</strong></span> <span class='ocrx_word' id='word_1_936' title='bbox 201 4735 417 4809; x_wconf 63' lang='lat' dir='ltr'><strong>apparetquia</strong></span> <span class='ocrx_word' id='word_1_937' title='bbox 435 4737 635 4791; x_wconf 89' lang='lat' dir='ltr'><strong>illudcarnale</strong></span> <span class='ocrx_word' id='word_1_938' title='bbox 664 4750 785 4804; x_wconf 87' lang='lat' dir='ltr'><strong>regnum</strong></span> <span class='ocrx_word' id='word_1_939' title='bbox 812 4735 872 4804; x_wconf 88' lang='lat' dir='ltr'><strong>jam</strong></span> <span class='ocrx_word' id='word_1_940' title='bbox 902 4742 945 4789; x_wconf 84' lang='lat' dir='ltr'><strong>est</strong></span> 
     </span>
     <span class='ocr_line' id='line_1_87' title="bbox 96 4805 943 4878; baseline -0.005 -15"><span class='ocrx_word' id='word_1_941' title='bbox 96 4809 431 4873; x_wconf 71' lang='lat' dir='ltr'><strong>vehementerattritnm,</strong></span> <span class='ocrx_word' id='word_1_942' title='bbox 445 4808 560 4878; x_wconf 88' lang='lat' dir='ltr'><strong>quando</strong></span> <span class='ocrx_word' id='word_1_943' title='bbox 585 4811 614 4862; x_wconf 88' lang='lat' dir='ltr'><strong>et</strong></span> <span class='ocrx_word' id='word_1_944' title='bbox 638 4805 778 4876; x_wconf 89' lang='lat' dir='ltr'><strong>templum</strong></span> <span class='ocrx_word' id='word_1_945' title='bbox 800 4805 850 4860; x_wconf 90' lang='lat' dir='ltr'><strong>Dei</strong></span> <span class='ocrx_word' id='word_1_946' title='bbox 865 4805 943 4876; x_wconf 87' lang='lat' dir='ltr'><strong>deje-</strong></span> 
     </span>
     <span class='ocr_line' id='line_1_88' title="bbox 96 4877 941 4947; baseline -0.001 -18"><span class='ocrx_word' id='word_1_947' title='bbox 96 4886 173 4933; x_wconf 83' lang='lat' dir='ltr'><strong>ctum</strong></span> <span class='ocrx_word' id='word_1_948' title='bbox 189 4884 243 4944; x_wconf 89' lang='lat' dir='ltr'><strong>est,</strong></span> <span class='ocrx_word' id='word_1_949' title='bbox 260 4881 289 4933; x_wconf 89' lang='grc' dir='ltr'><strong>ει</strong></span> <span class='ocrx_word' id='word_1_950' title='bbox 298 4877 436 4933; x_wconf 85' lang='lat' dir='ltr'><strong>sacrificia</strong></span> <span class='ocrx_word' id='word_1_951' title='bbox 453 4881 635 4932; x_wconf 80' lang='lat' dir='ltr'><strong>cessaverunt</strong></span> <span class='ocrx_word' id='word_1_952' title='bbox 655 4881 705 4931; x_wconf 91' lang='lat' dir='ltr'><strong>:et</strong></span> <span class='ocrx_word' id='word_1_953' title='bbox 720 4891 797 4930; x_wconf 90' lang='lat' dir='ltr'><strong>nuuc</strong></span> <span class='ocrx_word' id='word_1_954' title='bbox 815 4891 941 4947; x_wconf 75' lang='lat' dir='ltr'><strong>sagena,</strong></span> 
     </span>
     <span class='ocr_line' id='line_1_89' title="bbox 96 4947 944 5021; baseline -0.004 -18"><span class='ocrx_word' id='word_1_955' title='bbox 96 4955 237 5021; x_wconf 86' lang='lat' dir='ltr'><strong>quantum</strong></span> <span class='ocrx_word' id='word_1_956' title='bbox 252 4950 288 5004; x_wconf 90' lang='lat' dir='ltr'><strong>ad</strong></span> <span class='ocrx_word' id='word_1_957' title='bbox 304 4947 384 5018; x_wconf 89' lang='lat' dir='ltr'><strong>regni</strong></span> <span class='ocrx_word' id='word_1_958' title='bbox 405 4949 479 5002; x_wconf 82' lang='lat' dir='ltr'><strong>sires</strong></span> <span class='ocrx_word' id='word_1_959' title='bbox 493 4950 606 5016; x_wconf 85' lang='lat' dir='ltr'><strong>attinet,</strong></span> <span class='ocrx_word' id='word_1_960' title='bbox 630 4947 711 5019; x_wconf 87' lang='lat' dir='ltr'><strong>quasi</strong></span> <span class='ocrx_word' id='word_1_961' title='bbox 732 4951 890 5001; x_wconf 83' lang='lat' dir='ltr'><strong>extremam</strong></span> <span class='ocrx_word' id='word_1_962' title='bbox 905 4948 944 5000; x_wconf 82' lang='lat' dir='ltr'><strong>vi·</strong></span> 
     </span>
    </p>
   </div>
   <div class='ocr_carea' id='block_1_7' title="bbox 91 5017 943 5798">
    <p class='ocr_par' dir='ltr' id='par_1_7' title="bbox 91 5017 943 5798">
     <span class='ocr_line' id='line_1_90' title="bbox 95 5017 942 5087; baseline -0.002 -14"><span class='ocrx_word' id='word_1_963' title='bbox 95 5026 154 5074; x_wconf 85' lang='lat' dir='ltr'><strong>tam</strong></span> <span class='ocrx_word' id='word_1_964' title='bbox 170 5020 268 5075; x_wconf 90' lang='lat' dir='ltr'><strong>trabit.</strong></span> <span class='ocrx_word' id='word_1_965' title='bbox 290 5021 323 5075; x_wconf 91' lang='lat' dir='ltr'><strong>ln</strong></span> <span class='ocrx_word' id='word_1_966' title='bbox 350 5021 405 5073; x_wconf 89' lang='lat' dir='ltr'><strong>ista</strong></span> <span class='ocrx_word' id='word_1_967' title='bbox 424 5024 520 5073; x_wconf 76' lang='grc' dir='ltr'>ιεεεεε</span> <span class='ocrx_word' id='word_1_968' title='bbox 536 5024 630 5085; x_wconf 71' lang='grc' dir='ltr'>ειειε,</span> <span class='ocrx_word' id='word_1_969' title='bbox 652 5024 791 5087; x_wconf 89' lang='lat' dir='ltr'><strong>tanquam</strong></span> <span class='ocrx_word' id='word_1_970' title='bbox 812 5017 842 5070; x_wconf 90' lang='lat' dir='ltr'><strong>in</strong></span> <span class='ocrx_word' id='word_1_971' title='bbox 857 5033 942 5072; x_wconf 89' lang='lat' dir='ltr'><strong>sene-</strong></span> 
     </span>
     <span class='ocr_line' id='line_1_91' title="bbox 95 5088 942 5159; baseline -0.002 -14"><span class='ocrx_word' id='word_1_972' title='bbox 95 5097 171 5145; x_wconf 83' lang='lat' dir='ltr'><strong>ctute</strong></span> <span class='ocrx_word' id='word_1_973' title='bbox 184 5092 291 5145; x_wconf 80' lang='lat' dir='ltr'><strong>veteris</strong></span> <span class='ocrx_word' id='word_1_974' title='bbox 308 5089 444 5156; x_wconf 89' lang='lat' dir='ltr'><strong>hominis,</strong></span> <span class='ocrx_word' id='word_1_975' title='bbox 461 5091 547 5144; x_wconf 91' lang='lat' dir='ltr'><strong>bomo</strong></span> <span class='ocrx_word' id='word_1_976' title='bbox 563 5104 652 5143; x_wconf 88' lang='lat' dir='ltr'><strong>novus</strong></span> <span class='ocrx_word' id='word_1_977' title='bbox 668 5088 803 5153; x_wconf 89' lang='lat' dir='ltr'><strong>nascitur,</strong></span> <span class='ocrx_word' id='word_1_978' title='bbox 821 5088 870 5159; x_wconf 91' lang='lat' dir='ltr'><strong>qui</strong></span> <span class='ocrx_word' id='word_1_979' title='bbox 881 5089 942 5159; x_wconf 86' lang='lat' dir='ltr'><strong>jam</strong></span> 
     </span>
     <span class='ocr_line' id='line_1_92' title="bbox 95 5159 943 5299; baseline -0.005 -12"><span class='ocrx_word' id='word_1_980' title='bbox 95 5160 511 5287; x_wconf 63' lang='lat' dir='ltr'><strong>tdtttttttlltntt</strong></span> <span class='ocrx_word' id='word_1_981' title='bbox 541 5159 723 5284; x_wconf 44' lang='lat' dir='ltr'><strong>tanta..</strong></span> <span class='ocrx_word' id='word_1_982' title='bbox 740 5159 943 5299; x_wconf 61' lang='lat' dir='ltr'><strong>tutta</strong></span> 
     </span>
     <span class='ocr_line' id='line_1_93' title="bbox 95 5299 942 5371; baseline -0.005 -14"><span class='ocrx_word' id='word_1_983' title='bbox 95 5303 140 5358; x_wconf 89' lang='lat' dir='ltr'><strong>die</strong></span> <span class='ocrx_word' id='word_1_984' title='bbox 154 5318 213 5357; x_wconf 93' lang='lat' dir='ltr'><strong>non</strong></span> <span class='ocrx_word' id='word_1_985' title='bbox 227 5302 336 5358; x_wconf 90' lang='lat' dir='ltr'><strong>dictum</strong></span> <span class='ocrx_word' id='word_1_986' title='bbox 351 5306 413 5356; x_wconf 90' lang='lat' dir='ltr'><strong>erat</strong></span> <span class='ocrx_word' id='word_1_987' title='bbox 427 5316 435 5355; x_wconf 71' lang='grc' dir='ltr'><strong>ε</strong></span> <span class='ocrx_word' id='word_1_988' title='bbox 450 5301 613 5356; x_wconf 89' lang='lat' dir='ltr'><strong>Producant</strong></span> <span class='ocrx_word' id='word_1_989' title='bbox 636 5315 720 5371; x_wconf 79' lang='lat' dir='ltr'><strong>aquae</strong></span> <span class='ocrx_word' id='word_1_990' title='bbox 745 5299 870 5353; x_wconf 88' lang='lat' dir='ltr'><strong>animam</strong></span> <span class='ocrx_word' id='word_1_991' title='bbox 897 5301 942 5353; x_wconf 83' lang='lat' dir='ltr'><strong>vi-</strong></span> 
     </span>
     <span class='ocr_line' id='line_1_94' title="bbox 94 5369 942 5443; baseline -0.001 -17"><span class='ocrx_word' id='word_1_992' title='bbox 94 5381 220 5441; x_wconf 82' lang='lat' dir='ltr'><strong>rentem,</strong></span> <span class='ocrx_word' id='word_1_993' title='bbox 235 5374 284 5429; x_wconf 87' lang='lat' dir='ltr'><strong>sed</strong></span> <span class='ocrx_word' id='word_1_994' title='bbox 311 5372 427 5443; x_wconf 87' lang='lat' dir='ltr'><strong>reptilia</strong></span> <span class='ocrx_word' id='word_1_995' title='bbox 453 5371 616 5427; x_wconf 89' lang='lat' dir='ltr'><strong>animarum</strong></span> <span class='ocrx_word' id='word_1_996' title='bbox 638 5372 778 5426; x_wconf 79' lang='lat' dir='ltr'><strong>sisarum.</strong></span> <span class='ocrx_word' id='word_1_997' title='bbox 794 5369 942 5434; x_wconf 81' lang='lat' dir='ltr'><strong>Quomodo</strong></span> 
     </span>
     <span class='ocr_line' id='line_1_95' title="bbox 92 5441 940 5515; baseline -0.006 -14"><span class='ocrx_word' id='word_1_998' title='bbox 92 5448 169 5500; x_wconf 83' lang='lat' dir='ltr'><strong>enim</strong></span> <span class='ocrx_word' id='word_1_999' title='bbox 180 5460 305 5515; x_wconf 86' lang='lat' dir='ltr'><strong>corpora</strong></span> <span class='ocrx_word' id='word_1_1000' title='bbox 319 5448 386 5498; x_wconf 89' lang='lat' dir='ltr'><strong>sunt</strong></span> <span class='ocrx_word' id='word_1_1001' title='bbox 399 5443 524 5513; x_wconf 88' lang='lat' dir='ltr'><strong>reptilia,</strong></span> <span class='ocrx_word' id='word_1_1002' title='bbox 540 5442 580 5496; x_wconf 89' lang='lat' dir='ltr'><strong>sic</strong></span> <span class='ocrx_word' id='word_1_1003' title='bbox 594 5447 662 5497; x_wconf 92' lang='lat' dir='ltr'><strong>tunc</strong></span> <span class='ocrx_word' id='word_1_1004' title='bbox 672 5442 765 5496; x_wconf 88' lang='lat' dir='ltr'><strong>adbuc</strong></span> <span class='ocrx_word' id='word_1_1005' title='bbox 780 5441 867 5495; x_wconf 89' lang='lat' dir='ltr'><strong>ctiam</strong></span> <span class='ocrx_word' id='word_1_1006' title='bbox 878 5456 940 5496; x_wconf 92' lang='lat' dir='ltr'><strong>cor·</strong></span> 
     </span>
     <span class='ocr_line' id='line_1_96' title="bbox 92 5511 939 5587; baseline -0.005 -17"><span class='ocrx_word' id='word_1_1007' title='bbox 92 5515 182 5587; x_wconf 87' lang='lat' dir='ltr'><strong>porali</strong></span> <span class='ocrx_word' id='word_1_1008' title='bbox 197 5513 415 5570; x_wconf 89' lang='lat' dir='ltr'><strong>circumcisione</strong></span> <span class='ocrx_word' id='word_1_1009' title='bbox 428 5517 457 5569; x_wconf 85' lang='grc' dir='ltr'><strong>ει</strong></span> <span class='ocrx_word' id='word_1_1010' title='bbox 478 5512 632 5580; x_wconf 88' lang='lat' dir='ltr'><strong>sacritlciis,</strong></span> <span class='ocrx_word' id='word_1_1011' title='bbox 648 5518 786 5584; x_wconf 88' lang='lat' dir='ltr'><strong>tanquam</strong></span> <span class='ocrx_word' id='word_1_1012' title='bbox 801 5511 830 5566; x_wconf 93' lang='lat' dir='ltr'><strong>in</strong></span> <span class='ocrx_word' id='word_1_1013' title='bbox 856 5511 939 5581; x_wconf 90' lang='lat' dir='ltr'><strong>mari,</strong></span> 
     </span>
     <span class='ocr_line' id='line_1_97' title="bbox 92 5581 940 5658; baseline -0.007 -17"><span class='ocrx_word' id='word_1_1014' title='bbox 92 5587 224 5658; x_wconf 83' lang='lat' dir='ltr'><strong>gentium</strong></span> <span class='ocrx_word' id='word_1_1015' title='bbox 238 5583 365 5656; x_wconf 87' lang='lat' dir='ltr'><strong>populns</strong></span> <span class='ocrx_word' id='word_1_1016' title='bbox 377 5583 426 5639; x_wconf 92' lang='lat' dir='ltr'><strong>ills</strong></span> <span class='ocrx_word' id='word_1_1017' title='bbox 443 5581 584 5640; x_wconf 82' lang='lat' dir='ltr'><strong>serviebat</strong></span> <span class='ocrx_word' id='word_1_1018' title='bbox 595 5581 661 5653; x_wconf 87' lang='lat' dir='ltr'><strong>lagi.</strong></span> <span class='ocrx_word' id='word_1_1019' title='bbox 677 5582 764 5637; x_wconf 86' lang='lat' dir='ltr'><strong>latam</strong></span> <span class='ocrx_word' id='word_1_1020' title='bbox 784 5596 851 5636; x_wconf 81' lang='lat' dir='ltr'><strong>vero</strong></span> <span class='ocrx_word' id='word_1_1021' title='bbox 876 5582 940 5636; x_wconf 88' lang='lat' dir='ltr'><strong>ani-</strong></span> 
     </span>
     <span class='ocr_line' id='line_1_98' title="bbox 91 5652 938 5726; baseline -0.007 -14"><span class='ocrx_word' id='word_1_1022' title='bbox 91 5672 168 5712; x_wconf 82' lang='lat' dir='ltr'><strong>mam</strong></span> <span class='ocrx_word' id='word_1_1023' title='bbox 183 5656 279 5711; x_wconf 81' lang='lat' dir='ltr'><strong>risam</strong></span> <span class='ocrx_word' id='word_1_1024' title='bbox 294 5655 375 5722; x_wconf 88' lang='lat' dir='ltr'><strong>dicit,</strong></span> <span class='ocrx_word' id='word_1_1025' title='bbox 397 5653 465 5726; x_wconf 87' lang='lat' dir='ltr'><strong>quia</strong></span> <span class='ocrx_word' id='word_1_1026' title='bbox 488 5655 577 5709; x_wconf 81' lang='lat' dir='ltr'><strong>sitam</strong></span> <span class='ocrx_word' id='word_1_1027' title='bbox 598 5654 659 5726; x_wconf 85' lang='lat' dir='ltr'><strong>jam</strong></span> <span class='ocrx_word' id='word_1_1028' title='bbox 687 5652 831 5723; x_wconf 90' lang='lat' dir='ltr'><strong>incipiunt</strong></span> <span class='ocrx_word' id='word_1_1029' title='bbox 853 5656 938 5707; x_wconf 79' lang='lat' dir='ltr'><strong>aster·</strong></span> 
     </span>
     <span class='ocr_line' id='line_1_99' title="bbox 92 5724 940 5798; baseline -0.005 -15"><span class='ocrx_word' id='word_1_1030' title='bbox 92 5745 158 5784; x_wconf 82' lang='lat' dir='ltr'><strong>nam</strong></span> <span class='ocrx_word' id='word_1_1031' title='bbox 169 5726 348 5784; x_wconf 84' lang='lat' dir='ltr'><strong>desiderare.</strong></span> <span class='ocrx_word' id='word_1_1032' title='bbox 373 5724 601 5798; x_wconf 83' lang='lat' dir='ltr'><strong>Serpentcscrgo</strong></span> <span class='ocrx_word' id='word_1_1033' title='bbox 617 5729 646 5780; x_wconf 88' lang='lat' dir='ltr'><strong>at</strong></span> <span class='ocrx_word' id='word_1_1034' title='bbox 661 5739 774 5796; x_wconf 88' lang='lat' dir='ltr'><strong>pecora,</strong></span> <span class='ocrx_word' id='word_1_1035' title='bbox 790 5739 855 5796; x_wconf 79' lang='lat' dir='ltr'><strong>qua</strong></span> <span class='ocrx_word' id='word_1_1036' title='bbox 881 5727 940 5781; x_wconf 88' lang='lat' dir='ltr'><strong>ter·</strong></span> 
     </span>
    </p>
   </div>
   <div class='ocr_carea' id='block_1_8' title="bbox 994 5017 1846 5796">
    <p class='ocr_par' dir='ltr' id='par_1_8' title="bbox 994 5017 1846 5638">
     <span class='ocr_line' id='line_1_100' title="bbox 996 5017 1844 5089; baseline 0.004 -18"><span class='ocrx_word' id='word_1_1037' title='bbox 996 5017 1092 5088; x_wconf 85' lang='lat' dir='ltr'><strong>cipiet,</strong></span> <span class='ocrx_word' id='word_1_1038' title='bbox 1109 5018 1159 5089; x_wconf 92' lang='lat' dir='ltr'><strong>qui</strong></span> <span class='ocrx_word' id='word_1_1039' title='bbox 1185 5018 1316 5073; x_wconf 87' lang='lat' dir='ltr'><strong>similiter</strong></span> <span class='ocrx_word' id='word_1_1040' title='bbox 1336 5017 1509 5088; x_wconf 76' lang='lat' dir='ltr'><strong>duplicatus,</strong></span> <span class='ocrx_word' id='word_1_1041' title='bbox 1524 5018 1743 5087; x_wconf 85' lang='lat' dir='ltr'><strong>quatuordecim</strong></span> <span class='ocrx_word' id='word_1_1042' title='bbox 1758 5035 1844 5089; x_wconf 85' lang='lat' dir='ltr'><strong>gens·</strong></span> 
     </span>
     <span class='ocr_line' id='line_1_101' title="bbox 996 5089 1843 5159; baseline 0.004 -18"><span class='ocrx_word' id='word_1_1043' title='bbox 996 5089 1157 5143; x_wconf 87' lang='lat' dir='ltr'><strong>rationibus</strong></span> <span class='ocrx_word' id='word_1_1044' title='bbox 1178 5090 1288 5144; x_wconf 88' lang='lat' dir='ltr'><strong>eminet</strong></span> <span class='ocrx_word' id='word_1_1045' title='bbox 1306 5093 1335 5143; x_wconf 91' lang='lat' dir='ltr'><strong>et</strong></span> <span class='ocrx_word' id='word_1_1046' title='bbox 1351 5094 1478 5158; x_wconf 86' lang='lat' dir='ltr'><strong>apparet,</strong></span> <span class='ocrx_word' id='word_1_1047' title='bbox 1495 5105 1565 5159; x_wconf 90' lang='lat' dir='ltr'><strong>quas</strong></span> <span class='ocrx_word' id='word_1_1048' title='bbox 1581 5089 1688 5144; x_wconf 89' lang='lat' dir='ltr'><strong>habeut</strong></span> <span class='ocrx_word' id='word_1_1049' title='bbox 1704 5094 1761 5144; x_wconf 90' lang='lat' dir='ltr'><strong>tres</strong></span> <span class='ocrx_word' id='word_1_1050' title='bbox 1775 5097 1843 5145; x_wconf 74' lang='lat' dir='ltr'><strong>ata·</strong></span> 
     </span>
     <span class='ocr_line' id='line_1_102' title="bbox 997 5158 1846 5285; baseline 0.005 -73"><span class='ocrx_word' id='word_1_1051' title='bbox 997 5163 1039 5213; x_wconf 92' lang='lat' dir='ltr'><strong>tes</strong></span> <span class='ocrx_word' id='word_1_1052' title='bbox 1068 5165 1286 5285; x_wconf 67' lang='lat' dir='ltr'><strong>consequentes,</strong></span> <span class='ocrx_word' id='word_1_1053' title='bbox 1315 5158 1500 5214; x_wconf 87' lang='lat' dir='ltr'><strong>adolescentis</strong></span> <span class='ocrx_word' id='word_1_1054' title='bbox 1528 5160 1644 5226; x_wconf 89' lang='lat' dir='ltr'><strong>scilicet,</strong></span> <span class='ocrx_word' id='word_1_1055' title='bbox 1675 5159 1790 5229; x_wconf 85' lang='lat' dir='ltr'><strong>juvenis</strong></span> <span class='ocrx_word' id='word_1_1056' title='bbox 1817 5166 1846 5216; x_wconf 90' lang='lat' dir='ltr'><strong>at</strong></span> 
     </span>
     <span class='ocr_line' id='line_1_103' title="bbox 997 5228 1844 5292; baseline 0.005 -10"><span class='ocrx_word' id='word_1_1057' title='bbox 997 5228 1127 5283; x_wconf 89' lang='lat' dir='ltr'><strong>senioris.</strong></span> <span class='ocrx_word' id='word_1_1058' title='bbox 1177 5229 1314 5284; x_wconf 76' lang='lat' dir='ltr'><strong>enectutis</strong></span> <span class='ocrx_word' id='word_1_1059' title='bbox 1338 5244 1404 5283; x_wconf 84' lang='lat' dir='ltr'><strong>vero</strong></span> <span class='ocrx_word' id='word_1_1060' title='bbox 1424 5236 1503 5292; x_wconf 81' lang='lat' dir='ltr'><strong>etas,</strong></span> <span class='ocrx_word' id='word_1_1061' title='bbox 1522 5229 1594 5286; x_wconf 88' lang='lat' dir='ltr'><strong>sicot</strong></span> <span class='ocrx_word' id='word_1_1062' title='bbox 1618 5230 1649 5284; x_wconf 91' lang='lat' dir='ltr'><strong>in</strong></span> <span class='ocrx_word' id='word_1_1063' title='bbox 1664 5230 1748 5284; x_wconf 90' lang='lat' dir='ltr'><strong>nobis</strong></span> <span class='ocrx_word' id='word_1_1064' title='bbox 1763 5231 1844 5286; x_wconf 92' lang='lat' dir='ltr'><strong>nullo</strong></span> 
     </span>
     <span class='ocr_line' id='line_1_104' title="bbox 996 5298 1845 5372; baseline 0.002 -19"><span class='ocrx_word' id='word_1_1065' title='bbox 996 5304 1103 5354; x_wconf 88' lang='lat' dir='ltr'><strong>statuto</strong></span> <span class='ocrx_word' id='word_1_1066' title='bbox 1120 5314 1259 5354; x_wconf 87' lang='lat' dir='ltr'><strong>annorum</strong></span> <span class='ocrx_word' id='word_1_1067' title='bbox 1287 5304 1415 5369; x_wconf 89' lang='lat' dir='ltr'><strong>tempore</strong></span> <span class='ocrx_word' id='word_1_1068' title='bbox 1438 5298 1583 5364; x_wconf 85' lang='lat' dir='ltr'><strong>delinitur,</strong></span> <span class='ocrx_word' id='word_1_1069' title='bbox 1611 5301 1659 5356; x_wconf 89' lang='lat' dir='ltr'><strong>sed</strong></span> <span class='ocrx_word' id='word_1_1070' title='bbox 1688 5306 1753 5372; x_wconf 88' lang='lat' dir='ltr'><strong>post</strong></span> <span class='ocrx_word' id='word_1_1071' title='bbox 1781 5303 1845 5355; x_wconf 90' lang='lat' dir='ltr'><strong>illas</strong></span> 
     </span>
     <span class='ocr_line' id='line_1_105' title="bbox 996 5371 1841 5450; baseline 0.001 -26"><span class='ocrx_word' id='word_1_1072' title='bbox 996 5371 1135 5441; x_wconf 88' lang='lat' dir='ltr'><strong>quinque,</strong></span> <span class='ocrx_word' id='word_1_1073' title='bbox 1156 5375 1297 5450; x_wconf 88' lang='lat' dir='ltr'><strong>quantum</strong></span> <span class='ocrx_word' id='word_1_1074' title='bbox 1314 5371 1437 5442; x_wconf 85' lang='lat' dir='ltr'><strong>quisque</strong></span> <span class='ocrx_word' id='word_1_1075' title='bbox 1454 5371 1566 5437; x_wconf 74' lang='lat' dir='ltr'><strong>vixerit,</strong></span> <span class='ocrx_word' id='word_1_1076' title='bbox 1594 5373 1732 5427; x_wconf 87' lang='lat' dir='ltr'><strong>senectuti</strong></span> <span class='ocrx_word' id='word_1_1077' title='bbox 1751 5372 1841 5442; x_wconf 87' lang='lat' dir='ltr'><strong>depu-</strong></span> 
     </span>
     <span class='ocr_line' id='line_1_106' title="bbox 996 5440 1844 5516; baseline 0 -20"><span class='ocrx_word' id='word_1_1078' title='bbox 996 5446 1073 5496; x_wconf 85' lang='lat' dir='ltr'><strong>tatur</strong></span> <span class='ocrx_word' id='word_1_1079' title='bbox 1090 5441 1151 5495; x_wconf 87' lang='lat' dir='ltr'><strong>:sic</strong></span> <span class='ocrx_word' id='word_1_1080' title='bbox 1166 5457 1196 5494; x_wconf 88' lang='grc' dir='ltr'><strong>ιε</strong></span> <span class='ocrx_word' id='word_1_1081' title='bbox 1219 5441 1273 5495; x_wconf 89' lang='lat' dir='ltr'><strong>ista</strong></span> <span class='ocrx_word' id='word_1_1082' title='bbox 1286 5447 1369 5496; x_wconf 78' lang='lat' dir='ltr'><strong>tutata</strong></span> <span class='ocrx_word' id='word_1_1083' title='bbox 1383 5440 1479 5497; x_wconf 84' lang='lat' dir='ltr'><strong>saeculi</strong></span> <span class='ocrx_word' id='word_1_1084' title='bbox 1495 5458 1553 5496; x_wconf 88' lang='lat' dir='ltr'><strong>non</strong></span> <span class='ocrx_word' id='word_1_1085' title='bbox 1570 5447 1710 5512; x_wconf 87' lang='lat' dir='ltr'><strong>apparent</strong></span> <span class='ocrx_word' id='word_1_1086' title='bbox 1725 5459 1844 5516; x_wconf 86' lang='lat' dir='ltr'><strong>genera·</strong></span> 
     </span>
     <span class='ocr_line' id='line_1_107' title="bbox 995 5509 1841 5586; baseline 0.005 -22"><span class='ocrx_word' id='word_1_1087' title='bbox 995 5509 1089 5566; x_wconf 85' lang='lat' dir='ltr'><strong>tiones</strong></span> <span class='ocrx_word' id='word_1_1088' title='bbox 1104 5510 1240 5578; x_wconf 83' lang='lat' dir='ltr'><strong>dellnitae,</strong></span> <span class='ocrx_word' id='word_1_1089' title='bbox 1258 5513 1430 5567; x_wconf 91' lang='lat' dir='ltr'><strong>utoccultus</strong></span> <span class='ocrx_word' id='word_1_1090' title='bbox 1456 5512 1493 5567; x_wconf 87' lang='lat' dir='ltr'><strong>sit</strong></span> <span class='ocrx_word' id='word_1_1091' title='bbox 1516 5511 1634 5567; x_wconf 89' lang='lat' dir='ltr'><strong>ultimus</strong></span> <span class='ocrx_word' id='word_1_1092' title='bbox 1660 5513 1731 5577; x_wconf 87' lang='lat' dir='ltr'><strong>dies,</strong></span> <span class='ocrx_word' id='word_1_1093' title='bbox 1756 5529 1841 5586; x_wconf 88' lang='lat' dir='ltr'><strong>quem</strong></span> 
     </span>
     <span class='ocr_line' id='line_1_108' title="bbox 994 5580 1709 5638; baseline 0.003 -2"><span class='ocrx_word' id='word_1_1094' title='bbox 994 5580 1105 5636; x_wconf 86' lang='lat' dir='ltr'><strong>utiliter</strong></span> <span class='ocrx_word' id='word_1_1095' title='bbox 1120 5581 1258 5638; x_wconf 85' lang='lat' dir='ltr'><strong>Dominus</strong></span> <span class='ocrx_word' id='word_1_1096' title='bbox 1272 5582 1360 5638; x_wconf 86' lang='lat' dir='ltr'><strong>latere</strong></span> <span class='ocrx_word' id='word_1_1097' title='bbox 1374 5598 1390 5636; x_wconf 91' lang='lat' dir='ltr'><strong>o</strong></span> <span class='ocrx_word' id='word_1_1098' title='bbox 1413 5587 1506 5637; x_wconf 87' lang='lat' dir='ltr'><strong>ortera</strong></span> <span class='ocrx_word' id='word_1_1099' title='bbox 1518 5581 1709 5638; x_wconf 87' lang='lat' dir='ltr'><strong>demonstrat.</strong></span> 
     </span>
    </p>

    <p class='ocr_par' dir='ltr' id='par_1_9' title="bbox 994 5598 1842 5796">
     <span class='ocr_line' id='line_1_109' title="bbox 1030 5598 1831 5727; baseline 0.001 -22"><span class='ocrx_word' id='word_1_1100' title='bbox 1030 5650 1110 5722; x_wconf 76' lang='lat' dir='ltr'><strong>(ano.</strong></span> <span class='ocrx_word' id='word_1_1101' title='bbox 1122 5653 1171 5708; x_wconf 82' lang='lat' dir='ltr'><strong>abt</strong></span> <span class='ocrx_word' id='word_1_1102' title='bbox 1184 5659 1290 5724; x_wconf 78' lang='lat' dir='ltr'><strong>supra).</strong></span> <span class='ocrx_word' id='word_1_1103' title='bbox 1305 5598 1460 5709; x_wconf 53' lang='lat' dir='ltr'><strong>Moroiiter.</strong></span> <span class='ocrx_word' id='word_1_1104' title='bbox 1476 5651 1566 5708; x_wconf 85' lang='lat' dir='ltr'><strong>llabet</strong></span> <span class='ocrx_word' id='word_1_1105' title='bbox 1581 5654 1778 5727; x_wconf 78' lang='lat' dir='ltr'><strong>oniasquisque</strong></span> <span class='ocrx_word' id='word_1_1106' title='bbox 1793 5669 1831 5706; x_wconf 91' lang='lat' dir='ltr'><strong>no</strong></span> 
     </span>
     <span class='ocr_line' id='line_1_110' title="bbox 994 5723 1842 5796; baseline 0 -19"><span class='ocrx_word' id='word_1_1107' title='bbox 994 5725 1084 5779; x_wconf 87' lang='lat' dir='ltr'><strong>strum</strong></span> <span class='ocrx_word' id='word_1_1108' title='bbox 1099 5723 1130 5779; x_wconf 91' lang='lat' dir='ltr'><strong>in</strong></span> <span class='ocrx_word' id='word_1_1109' title='bbox 1145 5724 1230 5780; x_wconf 85' lang='lat' dir='ltr'><strong>rectis</strong></span> <span class='ocrx_word' id='word_1_1110' title='bbox 1243 5724 1380 5796; x_wconf 86' lang='lat' dir='ltr'><strong>operibus</strong></span> <span class='ocrx_word' id='word_1_1111' title='bbox 1389 5727 1419 5779; x_wconf 91' lang='lat' dir='ltr'><strong>ct</strong></span> <span class='ocrx_word' id='word_1_1112' title='bbox 1431 5725 1583 5794; x_wconf 77' lang='lat' dir='ltr'><strong>recturus,</strong></span> <span class='ocrx_word' id='word_1_1113' title='bbox 1593 5729 1732 5795; x_wconf 78' lang='lat' dir='ltr'><strong>tanquam</strong></span> <span class='ocrx_word' id='word_1_1114' title='bbox 1743 5725 1842 5780; x_wconf 71' lang='lat' dir='ltr'><strong>dictio·</strong></span> 
     </span>
    </p>
   </div>
   <div class='ocr_carea' id='block_1_9' title="bbox 0 0 1950 6103">
    <p class='ocr_par' dir='ltr' id='par_1_10' title="bbox 0 0 1950 6103">
     <span class='ocr_line' id='line_1_111' title="bbox 0 0 1950 6103; baseline 0 0"><span class='ocrx_word' id='word_1_1115' title='bbox 0 0 1950 6103; x_wconf 95' lang='lat' dir='ltr'><strong> </strong></span> 
     </span>
    </p>
   </div>
  </div>
 </body>
</html>
