3892 6106
151 222 217 276 tint
477 214 673 271 wilarium
693 213 817 270 stuant
837 213 938 269 futu.
961 213 1044 270 iton.
1064 213 1140 268 OPP.
1162 211 1250 267 PARS
1270 211 1291 266 Ι.
1312 239 1346 249 -
1365 208 1594 265 theotonica.
1832 212 1885 264 itti

151 342 250 398 omnia
260 340 354 412 ligura
364 345 447 396 erant
462 339 532 394 Nori
556 336 741 404 Testamenti,
767 340 795 390 et
818 335 878 390 reri
901 351 996 389 sacer·
1011 336 1032 389 h
1052 334 1151 389 decem
1165 332 1369 388 trihussecutae
1379 334 1446 385 sunt
1458 328 1620 396 Jerobo'am,
1635 331 1666 382 et
1677 327 1891 394 duculioboarn3

151 432 306 486 dotisiesn
335 429 447 486 Christi.
464 430 500 483 Et
519 427 620 481 induit.
650 425 825 482 Vestimenta
854 424 999 496 pontilicis
1053 423 1088 477 de
1113 421 1247 494 Ephraim
1270 420 1325 475 tuit
1347 419 1509 486 Jeroboam,
1537 417 1588 490 qui
1605 416 1722 489 primns
1753 416 1891 472 indecem

151 524 220 574 suni
230 535 318 589 opera
331 519 467 571 virtutum
481 532 488 569 ι
500 513 649 585 sapientia,
666 513 807 568 doctrina.
1053 512 1187 567 tribubus
1197 510 1350 566 crudeliter
1364 506 1503 579 regnavit.

188 608 277 661 Vnus.
297 607 381 660 th·
397 605 500 660 Cmonn
515 618 610 666 nureo,
626 606 679 656 etc.
700 602 734 654 In
751 615 808 671 qua
822 605 999 654 eratnomen
1089 601 1168 654 Vens.
1190 602 1235 655 27.
1257 599 1343 668 -ssEt
1364 595 1509 664 dereliquit
1535 598 1597 665 post
1622 608 1662 659 sc,
1686 598 1745 647 cto.
1774 593 1893 665 (luilly-

153 693 357 765 omnipotentis
371 691 431 758 Dei,
449 706 513 762 quae
527 689 670 761 significat
688 686 938 743 honorificentiam
954 686 998 740 di·
1052 688 1133 757 stica,
1168 688 1310 754 Roboam,
1333 683 1384 755 qui
1411 682 1602 753 interpetatur
1637 681 1760 735 latitudo
1797 683 1891 750 populi.

150 783 225 836 rinae
239 780 404 851 majestatis,
422 779 559 850 qnoniam
573 793 660 847 super
681 776 779 830 omnia
802 780 926 830 statuere
954 775 1000 829 de·
1053 782 1119 842 etc.,
1134 791 1219 847 usque
1231 774 1269 829 ad
1281 775 1309 827 in
1324 772 1423 843 regula
1433 771 1579 826 catholicas
1594 768 1663 824 fidei
1678 769 1847 839 permansit.

150 873 262 933 bemus,
277 877 309 925 ut
324 868 500 923 inomnibus
524 867 632 922 actibus
656 865 804 920 nostriset
820 864 1000 919 sermonibus
1090 865 1174 917 Vens.
1191 864 1234 917 98.
1251 862 1410 916 -Aaertit
1428 863 1531 928 pentem
1555 857 1668 913 consilio
1692 871 1755 912 suo.
1782 856 1894 912 Credcns

151 958 358 1014 honorificetur
375 959 449 1013 iieus
464 972 515 1026 per
528 959 618 1011 losum
632 957 785 1023 Christum,
798 955 847 1024 qui
865 958 905 1008 est
919 956 1000 1023 caput
1056 951 1162 1006 scilicet
1176 949 1296 1005 consilio
1305 950 1456 1019 juvenum.

150 1046 308 1116 nostrumU
321 1048 393 1100 Petr.
412 1044 459 1115 tv).
1353 1055 1466 1110 CApUT
1484 1053 1600 1108 xpum·

187 1134 268 1186 Vm·
297 1136 339 1187 Π·
367 1161 398 1172 “”
429 1132 581 1199 swmcia·
607 1128 864 1199 4R⁸³·)0¹¹⁰m⁰d⁰
891 1129 1000 1199 ⁸⁰5⁵&
1088 1162 1170 1217 Vens.
1193 1164 1217 1216 t.
1241 1163 1335 1215 -Et
1362 1161 1484 1215 surremit
1509 1160 1595 1213 Elius.
1627 1158 1725 1228 (Rae.)
1754 1157 1810 1223 Qui
1835 1158 1896 1212 duos

152 1218 492 1362 ffi‘s’z'asrtffi’cffiffi
508 1216 943 1360 ssazigllimeffieffitcmium
972 1220 1000 1270 οἱ
1053 1249 1317 1321 quinquagenarios
1344 1249 1380 1302 ab
1403 1247 1471 1304 Onia
1498 1261 1566 1317 rege
1585 1247 1690 1301 missos
1705 1245 1815 1300 coelesti
1839 1246 1896 1316 igne

797 1347 803 1358 ⁴
1054 1338 1210 1393 combussit
1221 1337 1268 1407 (tv
1283 1339 1346 1404 lieu.
1362 1336 1390 1405 r).

188 1396 381 1450 Vnus.‘28.-
405 1395 517 1448 Phinees
541 1394 766 1461 hliusEleozori.
784 1392 846 1463 (In.)
867 1391 997 1460 Phineas,
1090 1427 1170 1480 vm·
1200 1428 1226 1479 ᾖ.
1259 1453 1290 1465 -
1318 1426 1370 1492 om.
1400 1423 1520 1477 indum
1555 1422 1619 1493 (¹⁰.)
1648 1421 1779 1492 Mysum,
1817 1421 1895 1476 fumes

153 1488 226 1537 mut
238 1490 376 1554 smmum
401 1491 444 1535 ρει
459 1499 489 1535 ¹¹¹
516 1482 590 1535 l¹b¹⁰
605 1482 795 1580 ques⁰funf
821 1483 903 1549 (ἀφ’
921 1485 997 1579 ¹¹⁹,)'
1053 1515 1141 1569 trium
1164 1529 1306 1568 annornm
1326 1511 1404 1565 vorbi
1422 1511 1472 1565 Dei
1485 1520 1513 1564 et
1527 1510 1596 1565 fidei
1609 1510 1762 1565 Trinitatis
1778 1509 1895 1564 inediam

152 1578 218 1637 ‘’lc'’
244 1587 332 1668 ΜΨ.
356 1570 393 1623 “d
419 1575 546 1666 “mmm
576 1569 811 1631 s⁰n¹md¹⁰¹⁵'¹d
843 1573 887 1622 ⁰⁸²
913 1569 995 1623 (Μ’
1019 1602 1198 1671 sslignrarit,
1215 1606 1280 1661 etc..
1296 1600 1432 1670 usquead
1460 1605 1491 1653 ut
1506 1605 1604 1669 postea
1629 1599 1745 1652 reniret
1774 1598 1826 1669 qni
1853 1614 1895 1653 nee

155 1665 242 1719 mm*
258 1659 379 1710 semer
392 1661 533 1727 permut·
1054 1692 1208 1746 translatus
1237 1706 1288 1745 nec
1302 1690 1461 1752 subrectus,
1475 1689 1578 1742 coe-lum
1594 1687 1758 1741 ethereum
1777 1701 1828 1740 sua
1853 1685 1896 1739 rir-

1053 1783 1115 1834 tute
1128 1782 1300 1850 penetraret.

1091 1867 1176 1922 vans.
1205 1869 1246 1920 ta.
1268 1893 1304 1905 -
1325 1866 1401 1920 Elios
1425 1862 1533 1934 quidem
1555 1865 1585 1917 in
1612 1862 1733 1928 turbine,
1757 1868 1814 1917 etc.
1842 1861 1896 1929 (ini

214 2011 219 2021 ,
1055 1951 1125 2007 Cum
1155 1967 1212 2006 non
1241 1951 1278 2005 sit
1300 1949 1457 2020 discipulus
1481 1963 1569 2019 super
1609 1948 1803 2018 magistrum,
1840 1953 1896 2005 etc..

155 2017 244 2066 mm·
1054 2039 1190 2108 usquead
1205 2038 1343 2110 quicnim
1357 2036 1509 2092 tirmatlde
1523 2036 1618 2107 tangit
1645 2041 1776 2090 mortem
1793 2035 1896 2100 Christi,

465 2077 579 2133 CAPUT
599 2077 687 2132 XLVI'
1054 2127 1196 2199 particeps
1211 2133 1254 2181 est
1263 2127 1325 2197 ejus
1340 2123 1566 2180 resurrectionis.

190 2184 269 2238 vm·
300 2188 324 2239 ¹⁴
350 2213 384 2224 ““
411 2185 498 2237 Fo'm
527 2186 555 2236 5²²
597 2183 663 2280 beu?
690 2184 777 2280 mus,
793 2184 876 2283 Νἷῃῖρ·
909 2181 998 2249 (³⁸³⁸)
1089 2217 1122 2271 In
1138 2218 1225 2270 Etiseo
1239 2217 1395 2284 completus.
1409 2213 1464 2279 Qui
1490 2212 1582 2266 orarit
1600 2212 1647 2267 die
1673 2212 1769 2266 :Fiat
1794 2215 1898 2282 spiritus

154 2273 234 2326 lesus
249 2277 373 2342 etopere
390 2277 417 2326 et
436 2286 568 2324 sermone
585 2271 726 2324 Christum
757 2270 909 2338 signrlreat,
934 2276 999 2336 etc,

153 2375 238 2430 usque
261 2360 298 2413 od
320 2359 503 2430 triumphans
527 2357 704 2430 principatus
733 2362 761 2410 et
784 2362 940 2427 potestates
969 2357 999 2410 in

154 2448 321 2519 semetipso.

189 1747 270 1800 Vnus.
284 1749 327 1800 3l.
347 1748 425 1800 -Et
441 1749 627 1798 testamentum
645 1743 747 1798 Dauid.
769 1743 831 1812 (ln.)
854 1743 1002 1816 Significat

153 1834 231 1906 quod
249 1834 334 1889 tlavid
353 1833 381 1887 in
397 1832 598 1888 distributione
614 1831 838 1886 ministeriorum
855 1832 916 1898 Dei,
933 1836 1001 1898 etc,

153 1938 238 1991 usque
255 1923 291 1974 od
306 1927 335 1976 ei
353 1922 383 1974 in
398 1920 582 1975 tabernaculo
608 1919 806 1973 ministrorum
822 1920 896 1973 vices
923 1921 999 1975 ordi·

1055 2309 1116 2359 mos
1142 2303 1244 2373 duplae
1277 2305 1306 2356 ia
1325 2318 1375 2369 me,
1388 2300 1560 2355 etobtinuit.
1579 2300 1661 2355 Unde
1673 2300 1704 2353 in
1719 2300 1860 2370 patientia
1875 2307 1897 2354 et

1052 2392 1157 2446 virtute
1182 2389 1384 2460 insuperabilis
1402 2389 1466 2457 tuit,
1492 2387 1542 2458 qni
1569 2388 1727 2442 invitaet
1759 2388 1788 2443 in
1816 2394 1896 2443 morte

188 2538 271 2592 Vm·
288 2539 314 2591 4·
330 2567 364 2576 “
378 2536 445 2600 ⁰¹¹⁸
461 2540 524 2588 “⁷¹⁶⁶
538 2536 626 2598 ''mm'’
647 2538 699 2587 ⁰¹⁰·
719 2534 780 2600 (m
798 2532 945 2596 0¹¹⁰¹¹¹⁰d⁰
969 2534 999 2588 in
1054 2481 1240 2623 mipfilpsilpglp
1253 2479 1403 2622 {cheliom
1417 2570 1456 2620 eat
1470 2579 1534 2634 pens
1548 2579 1700 2634 perpauco.
1717 2564 1797 2628 Quia
1811 2565 1900 2620 domas

153 2640 272 2724 ⁰,⁰⁰⁰‘⁵¹¹
287 2625 371 2723 Que
387 2623 544 2693 impedium
559 2629 602 2720 Ψ
612 2622 677 2720 ,⁵⁰¹3
694 2626 759 2690 Μ’
774 2635 859 2689 mque
873 2620 910 2675 “d
939 2621 1001 2676 Μ’
1055 2657 1152 2723 David,
1168 2661 1197 2710 et
1210 2655 1302 2709 tribus
1314 2655 1397 2718 Juda,
1407 2660 1435 2709 et
1446 2653 1606 2724 benjamin,
1622 2668 1683 2707 non
1698 2653 1824 2724 ponitus
1838 2655 1902 2724 abje-

131 2792 137 2799 .
155 2712 309 2768 '¹⁸b¹¹¹¹l¹¹r
323 2729 353 2766 ln
371 2718 500 2782 tempore
515 2710 696 2781 perdrt1⁰⁰¹⁵·
1054 2750 1154 2798 cerunt
1168 2745 1309 2798 culturam
1324 2742 1384 2808 Dei,
1399 2743 1447 2796 sed
1464 2741 1512 2795 alii
1531 2755 1632 2794 eorum
1649 2739 1777 2796 inerunt
1791 2742 1901 2796 idolota-

192 2803 309 2855 γεω·
330 2802 403 2856 ‘A
424 2804 552 2897 mm·
582 2798 805 2897 memm’
823 2797 998 2899 q⁰⁸¹ffd⁰⁰¹'
1053 2833 1205 2897 trae,sicut
1227 2833 1324 2886 loram
1351 2835 1380 2884 ct
1398 2831 1517 2895 ¹hobae:
1548 2829 1598 2884 alii
1622 2828 1821 2885 adhaeserunt
1844 2831 1900 2885 Deo.

153 2889 331 2959 ploratorum
349 2890 513 2942 rumoribus
529 2887 632 2941 auditis
645 2887 869 2954 desperaverunt
891 2894 999 2942 intrare
1015 2890 1036 2945 C
1054 2921 1128 2976 sicu,
1139 2919 1271 2975 Ezechias
1288 2923 1316 2973 οἱ
1329 2919 1431 2974 lusia&

99 3030 115 3055 ο
155 2981 271 3030 mmm·
479 3065 483 3074 ,
530 3067 535 3076 ,
625 3066 630 3077 ,
703 3066 709 3077 ‚
1092 3011 1171 3063 Vens.
1205 3011 1247 3063 ia.
1277 3036 1312 3049 -
1332 3006 1465 3062 Ezechias
1502 3008 1623 3062 inunieit
1651 3008 1802 3062 ciuitatem
1824 3023 1903 3074 suan,

190 3065 268 3118 Vens.
288 3067 330 3120 t3.
356 3065 445 3120 -Et
468 3064 575 3134 indues
605 3065 717 3132 scapula,
734 3070 785 3118 etc.
814 3065 905 3132 (Rae.)
934 3066 1003 3120 Post

154 3153 249 3221 losue,
266 3158 463 3208 successerunt
474 3152 586 3222 judices
599 3152 649 3223 qui
664 3153 804 3224 populum
818 3153 867 3206 Dei
888 3152 922 3207 ab
948 3151 1002 3207 ho-

155 3239 245 3295 stibus
259 3240 449 3295 defendebant
461 3257 468 3306 ;
488 3245 516 3293 et
530 3245 594 3310 post
606 3239 712 3295 Christi
733 3241 905 3311 passionem,
934 3257 1001 3312 apo-

155 3329 219 3383 stoli
232 3334 355 3382 rectores
367 3328 496 3382 Ecclesiae
516 3327 575 3382 ilai.

190 3416 273 3471 Vens.
290 3417 331 3469 li.
347 3418 432 3470 -Ut
449 3419 487 3471 sit
514 3418 644 3470 memorio
658 3417 774 3476 illorum.
799 3421 854 3469 ete.
872 3415 943 3480 Quia
970 3416 1000 3471 in
1369 3394 1481 3451 CAPUT
1499 3395 1587 3450 mx·

155 3509 231 3557 recta
247 3503 303 3558 fide
319 3508 581 3574 perseveraverunt,
596 3508 628 3556 nt
649 3504 787 3557 memoria
803 3519 903 3557 eurum
931 3520 1000 3575 per·
1090 3506 1209 3560 Vaast.
1227 3500 1509 3559 -liemorio'losiae.
1534 3499 1803 3569 (anniuersario
1832 3502 1902 3557 saia

155 3596 241 3662 petua
257 3591 453 3645 bencdictionc
466 3589 637 3645 firmaretur.
653 3591 730 3647 Ossa.
748 3590 846 3645 Robur
858 3590 998 3647 bonorum
1053 3594 1140 3664 regis,
1156 3597 1221 3658 etc,
1236 3606 1320 3661 usque
1343 3589 1381 3645 od
1395 3590 1456 3660 ipse
1481 3587 1620 3643 eelo‘llei
1645 3591 1781 3646 mundat
1809 3598 1900 3647 terrant

155 3695 274 3750 operum
285 3680 414 3734 mercede
429 3679 560 3744 donatur,
575 3683 604 3732 ut
616 3679 755 3732 memoria
765 3679 888 3734 nominis
898 3695 998 3735 eorum
1052 3683 1133 3739 Jndoe
1146 3687 1173 3735 et
1186 3682 1343 3735 Jerusalem
1358 3680 1392 3733 ab
1408 3677 1543 3732 omnibns
1558 3677 1848 3746 abominationibus,
1862 3678 1899 3750 qai

155 3769 189 3823 ad
206 3775 333 3839 posteros
347 3783 411 3822 cum
426 3767 517 3837 gloria
531 3767 730 3822 transferatur.
1054 3771 1112 3825 ait:
1129 3771 1204 3825 Zetus
1219 3768 1314 3823 domus
1330 3771 1382 3821 tuae
1398 3764 1510 3820 comedit
1520 3780 1571 3819 me.

190 3858 275 3912 vens.
294 3858 335 3910 ts.
351 3886 385 3896 -
399 3856 548 3910 Ilitectuso
564 3858 684 3921 Domino,
700 3862 753 3910 etc.
783 3856 873 3927 (Rau.)
897 3856 1000 3911 Narrat
1089 3860 1168 3913 Vana.
1185 3861 1210 3911 5.
1237 3858 1385 3910 -Praeter
1400 3853 1540 3915 Douidet
1567 3853 1733 3921 Ezechiam,
1753 3862 1781 3910 et
1799 3857 1897 3915 dorios,

154 3945 273 3999 historia
294 3945 368 4015 qrind
395 3944 533 3997 llominus
556 3943 670 3998 Samuel
696 3944 808 4009 intanti,
825 3948 891 4012 etc,
914 3960 999 4014 usque
1053 3952 1107 4002 etc.
1125 3947 1224 4001 liitres
1237 3943 1450 4014 comparatione
1467 3941 1590 3996 aliorum
1612 3957 1675 3996 non
1692 3943 1897 4016 dicuntnrpet·

154 4035 191 4087 ad
213 4033 380 4104 pronuntiat
402 4032 484 4085 nralis
510 4031 669 4085 rectoribus
686 4047 799 4101 posnam
815 4030 941 4086 suturam
971 4037 1000 4086 ct
1053 4051 1139 4090 casse.
1167 4032 1249 4097 Qraod
1279 4033 1356 4085 enim
1383 4032 1580 4102 peccaverunt,
1624 4029 1783 4103 condigna
1822 4029 1894 4104 poni·

154 4128 276 4176 mortem
292 4125 470 4191 perpetuam.
1014 4166 1036 4219 D
1054 4124 1143 4178 tentia
1156 4123 1332 4187 deleverunt,
1350 4123 1379 4174 ot
1397 4117 1548 4174 devotione
1563 4122 1593 4172 et
1626 4118 1745 4188 pietate
1772 4121 1832 4176 Deo
1853 4120 1897 4192 pu

459 4261 572 4316 CAPUT
592 4263 695 4317 ΜΗ
1054 4213 1221 4352 scarpi-8.
1248 4325 1282 4336 -
1320 4293 1498 4349 Incenderunt
1526 4293 1611 4347 electo
1630 4295 1782 4351 ciuitatem
1816 4296 1893 4353 meli

190 4389 269 4441 Vens.
288 4388 439 4441 t.-Posl
462 4387 516 4441 haec
539 4390 661 4441 surrenti
672 4389 792 4443 Nathan.
808 4388 849 4443 hd
862 4389 997 4457 litteram,
1055 4390 1130 4450 totis,
1157 4390 1209 4441 etc.
1238 4386 1300 4455 (ln.)
1337 4382 1457 4448 Quidam
1489 4381 1565 4436 hunc
1594 4381 1696 4437 locrim
1729 4383 1761 4440 in
1788 4399 1891 4456 persam

152 4475 224 4529 lacta
237 4475 322 4529 David
335 4480 550 4538 commemorat,
566 4475 600 4529 de
615 4476 719 4545 quibus
736 4476 807 4531 tiber
837 4477 946 4548 lingum
971 4483 999 4532 et
1055 4473 1158 4530 Christi
1177 4472 1428 4542 intelliguntetc„
1452 4469 1589 4538 usortend
1605 4468 1776 4528 bisantem
1804 4473 1891 4530 desin-

152 4561 391 4632 Paraiipomcnon
406 4562 572 4632 plenissime
589 4568 714 4617 narrant.
1053 4563 1114 4629 ctis,
1130 4560 1280 4616 aedificarit
1296 4559 1446 4614 Ecclesiam
1460 4557 1521 4612 Ilei.

187 4651 267 4703 Vens.
297 4650 323 4703 l.
349 4650 487 4714 —Quosi
509 4650 602 4720 adeps.
633 4651 782 4720 Significat
804 4668 871 4706 eum
901 4653 996 4720 gratia
1089 4654 1167 4707 Vens.
1184 4649 1419 4706 tlh-Ezechiel
1445 4648 1495 4717 qui
1525 4646 1607 4709 uidit,
1638 4653 1699 4704 etc.
1719 4651 1793 4722 (ln.)
1821 4648 1890 4721 trid·

152 4737 275 4808 Spiritus
292 4737 574 4808 sanctireptotum,a
593 4737 750 4794 carnalium
770 4741 914 4796 consortio
938 4741 997 4795 vita
1052 4757 1083 4794 ce
1112 4739 1248 4804 Ezechiel,
1285 4743 1350 4805 eto,
1374 4735 1520 4807 usquead
1549 4739 1578 4790 ct
1604 4736 1890 4810 poenitentibnsprr·

152 4830 180 4878 et
196 4825 322 4880 moribus
334 4830 509 4895 separatum.
1052 4828 1155 4884 dixisse
1169 4827 1310 4882 remedia.

187 4914 267 4969 Vens.
285 4917 310 4968 3.
328 4944 361 4953 -
384 4914 450 4969 Cum
477 4915 596 4969 leonibus
624 4916 698 4970 lusit.
727 4915 820 4985 (uas.)
850 4916 936 4971 David
960 4917 997 4971 si·
1086 4918 1169 4973 vans.
1186 4919 1228 4970 lt.
1245 4945 1279 4954 —-
1303 4916 1334 4970 ln
1363 4912 1458 4967 imbre.
1478 4911 1627 4982 Significat
1656 4915 1742 4985 quod
1776 4915 1888 4988 pretia

151 5001 268 5072 gnificat
280 5000 435 5065 Christum,
452 5007 516 5064 etc..
528 5018 613 5071 usque
627 5003 664 5058 nd
678 5008 707 5057 et
727 5003 805 5057 dedit
821 5003 861 5057 illi
876 5019 994 5071 nomen,
1050 5003 1122 5058 verit
1135 5018 1222 5072 super
1243 5007 1404 5073 peccatores
1432 5003 1583 5054 venturam
1600 5016 1666 5056 esse
1691 5003 1830 5074 pluviam
1849 5003 1887 5055 sie

151 5090 605 5161 quodestsuperomnenomen.
1049 5091 1142 5157 dictae,
1172 5090 1353 5162 etperviam
1377 5089 1578 5144 mandatorum
1623 5088 1681 5144 Dei
1706 5091 1887 5162 gradiemus

184 5178 265 5232 vans.
282 5177 324 5232 ll.
341 5207 375 5216 --
398 5179 460 5232 Post
487 5180 577 5248 ipsum
607 5182 729 5233 surrexit
755 5181 830 5248 ptius
855 5185 991 5233 semotus.
1048 5179 1450 5252 promiseritconsolationem
1461 5175 1684 5234 misericordiae.

151 5264 213 5334 (ln.)
230 5264 351 5334 Mystico,
367 5265 512 5334 Salomon,
524 5272 590 5334 etc,
605 5282 690 5337 usque
716 5267 753 5321 od
779 5267 853 5322 sicut
879 5267 908 5322 in
935 5283 994 5322 una
1084 5268 1164 5322 Vsus.
1183 5270 1225 5322 ta.
1248 5297 1279 5307 -
1297 5267 1369 5323 Nom
1382 5269 1408 5320 et
1433 5270 1501 5335 ipse,
1525 5267 1579 5318 cto.
1604 5263 1684 5328 Quia
1699 5264 1885 5325 Christum*

150 5367 213 5404 area
228 5352 320 5406 bonos
330 5353 493 5423 signiiieant
507 5370 607 5425 grana,
620 5357 709 5409 malos
721 5372 787 5410 vero
800 5356 892 5426 palea.
1049 5358 1128 5426 gnat,
1144 5355 1194 5425 qui
1209 5359 1252 5409 est
1277 5353 1373 5423 imago
1397 5353 1450 5408 nai
1467 5367 1475 5408 ι
1492 5355 1526 5407 ut
1552 5351 1730 5427 quicunque
1760 5353 1885 5414 midai

186 5440 267 5498 vans.
283 5443 328 5498 ti.
344 5471 378 5483 -
404 5444 437 5502 Ut
450 5445 553 5513 {erues
580 5446 736 5515 importuna.
752 5451 807 5500 otc.
837 5446 902 5515 ilat
923 5444 994 5512 Quia
1048 5443 1078 5498 in
1089 5444 1191 5507 Deum,
1204 5442 1251 5499 hic
1264 5442 1345 5515 quasi
1360 5440 1467 5500 annulo
1483 5439 1626 5512 signetur.

1055 3102 1106 3152 etc.
1145 3097 1234 3168 (Rau.)
1260 3095 1343 3160 Quod
1382 3093 1513 3151 Ezechias
1545 3094 1659 3148 fontem
1687 3096 1825 3163 obturat,
1848 3104 1903 3162 eie..

1054 3185 1190 3255 usquead
1212 3184 1357 3239 civitatem
1372 3183 1517 3237 exstinctis
1541 3181 1677 3238 hostibus
1703 3184 1861 3242 liberatam
1879 3186 1902 3239 in

1056 3273 1295 3345 Paralipomenon
1310 3272 1395 3343 plene
1407 3270 1578 3325 ostenditur.
