3892 6106
97 275 133 328 85
681 273 810 333 GlaOSSa
826 275 1029 335 oublltaltla.
1050 308 1084 318 —
1103 279 1159 337 ull
1188 279 1269 336 dart.
1814 286 1850 342 80

95 397 234 448 ctaerant
248 408 314 465 quae
329 409 384 467 per
404 396 536 465 tempora
555 393 654 450 lutura
668 398 760 451 erant.
788 396 864 452 Fecit
878 412 947 468 ergo
962 400 985 455 Α
1040 401 1162 469 (laida.
1175 416 1244 467 rr,c.
1259 400 1553 472 7,)Sediorteaninrae
1563 403 1850 473 sextadielactambl

96 486 252 554 antequam
265 487 361 538 essent
380 488 587 553 superterram
611 482 770 539 secundom
784 483 949 540 ierrnabili-
1002 487 1097 560 imago
1115 488 1166 545 Dei
1183 489 1302 556 relucet,
1318 494 1390 558 etc.,
1405 506 1491 562 eoque
1513 493 1550 548 od
1569 507 1634 565 quae
1653 495 1850 566 praeponenda

95 575 184 626 latam
206 571 347 639 materies,
375 587 441 643 quas
466 570 617 626 formanda
656 576 739 627 erant
764 572 851 628 verbo
874 573 947 645 ejus,
1002 581 1045 631 est
1063 577 1094 632 in
1110 576 1284 648 hujusmodi.

94 661 262 730 praecedens
275 659 477 716 formationem
492 676 551 715 non
566 665 695 731 tempore
714 661 762 716 sed
775 661 898 733 origine.
1038 664 1194 735 (lacunas.)
1218 665 1300 721 eliud
1325 669 1366 721 est
1393 666 1508 722 babitus
1533 668 1600 724 vilra
1622 670 1672 741 qui
1696 670 1848 727 animalem

129 768 145 800 a
163 749 230 804 Non
242 748 320 804 enim
336 750 450 821 pluerat
465 748 641 816 nominum
664 752 718 804 etc.
742 751 840 818 laun..
866 751 948 821 illd,
1001 752 1090 808 allicit
1112 753 1270 820 bominem,
1290 754 1368 810 aliod
1383 756 1507 827 Spiritus
1528 757 1682 826 vivillcans,
1699 759 1750 832 qui
1764 760 1848 831 spiri-

93 851 117 890 ο.
134 837 178 907 5.)
195 836 283 902 Quasi
298 853 357 892 nen
372 835 440 892 iecit
454 837 528 892 bens
543 836 583 891 sic
596 841 665 891 tunc
687 837 761 893 sicot
779 852 866 905 nunc,
882 843 947 907 etc,
1001 843 1108 895 tualem
1126 841 1272 897 homiuem
1297 848 1443 912 operatur.
1471 845 1551 900 llade
1578 846 1663 902 isaias
1679 863 1686 902 :
1702 847 1756 913 Oui
1771 848 1850 905 dedit

93 940 182 994 roone
196 925 234 979 nd
249 940 301 979 nce
315 929 447 980 creatura
461 924 568 980 moveri
584 929 690 997 posset.
1001 931 1101 985 ilatum
1114 930 1227 1000 populis
1241 946 1327 1002 super
1341 936 1457 998 torrem,
1480 936 1509 988 et
1522 932 1654 1005 spiritum
1675 935 1849 993 calcantibus
1905 992 1912 999 ,

130 1014 218 1069 vars.
234 1015 260 1068 6.
282 1043 318 1054 -
340 1033 355 1065 ι
378 1013 432 1069 Sed
447 1013 522 1083 lons,
537 1031 552 1065 ο
568 1019 621 1068 etc.
638 1012 731 1084 (Rae.)
758 1014 847 1086 liujus
859 1013 948 1070 lentis
1001 1031 1082 1082 eam;
1099 1016 1219 1071 utilene
1239 1017 1340 1071 ilatum
1363 1019 1480 1090 quidem
1505 1021 1584 1075 omni
1604 1023 1713 1093 populo
1735 1023 1857 1095 quiesi

93 1101 317 1172 qualiscumque
340 1100 510 1170 irrigatione
523 1101 585 1174 jam
600 1106 676 1157 terra
695 1101 792 1158 barbis
807 1107 837 1158 ot
860 1101 947 1172 lignis
1000 1110 1206 1176 superterram
1222 1105 1350 1170 dederit;
1371 1106 1502 1177 spiritum
1520 1124 1587 1162 rere
1603 1109 1648 1163 bis
1661 1115 1775 1167 lantum
1798 1111 1849 1184 qni

93 1188 197 1244 vestita
209 1189 385 1261 supervenit.
403 1190 476 1246 Fons
498 1205 574 1244 unus
600 1189 762 1246 ascendisse
777 1189 879 1245 dicitnr
893 1205 946 1262 pro
1000 1196 1115 1247 terrena
1137 1191 1278 1247 desideria
1294 1193 1405 1248 calcant
1421 1210 1427 1248 :
1445 1200 1476 1249 ut
1500 1194 1585 1249 ilatus
1599 1197 1632 1250 ed
1659 1203 1774 1269 tompus
1800 1199 1848 1268 sit,

93 1278 194 1350 aliqua
207 1277 240 1333 in
259 1282 344 1334 terrae
361 1277 467 1334 tinibus
483 1277 609 1345 unitate,
625 1277 668 1333 vel
695 1277 849 1350 singularis
867 1277 945 1349 posi·
1000 1280 1117 1352 spiritus
1129 1296 1196 1335 vero
1211 1286 1345 1350 aeternos,
1363 1288 1394 1336 ut
1408 1282 1536 1354 potaqui
1550 1283 1664 1356 proprie
1678 1285 1848 1341 lleidonuur

93 1372 140 1422 tus
150 1371 196 1421 est
209 1383 263 1440 pro
278 1366 395 1438 plurali.
1000 1369 1045 1423 sit.

128 1474 144 1506 a
161 1454 217 1511 Sed
238 1453 314 1519 lons,
328 1475 344 1505 a
360 1458 413 1509 etc.
430 1454 525 1525 (Brea,
540 1456 570 1509 ia
592 1452 672 1522 Gara,
694 1470 719 1509 ο.
745 1455 788 1522 2.)
811 1454 860 1508 Ηίο
873 1453 945 1509 inti·
1037 1458 1116 1514 vaae.
1133 1460 1160 1514 8.
1175 1478 1241 1510 -ι
1266 1459 1445 1513 Plantarerat
1465 1464 1572 1528 autem,
1594 1478 1610 1512 s
1630 1465 1684 1517 etc.
1707 1462 1802 1531 (Rana,
1817 1464 1849 1518 la

92 1557 174 1597 mere
190 1541 385 1614 videturque
407 1541 479 1598 ssent
501 1543 657 1598 secundum
679 1547 841 1613 temporum
856 1541 946 1597 inter·
1000 1547 1141 1614 llecoem,
1153 1552 1222 1601 tom.
1237 1547 1293 1615 ill.)
1309 1547 1353 1602 Ab
1366 1547 1416 1603 illo
1429 1547 1571 1620 principio
1585 1549 1724 1621 plantavit
1737 1549 1848 1621 paradi·

92 1630 180 1698 valla,
202 1634 277 1699 etc„
302 1646 387 1702 usqne
408 1631 447 1687 cd
463 1635 529 1704 post
548 1631 675 1703 perbaec
694 1645 760 1701 quae
787 1633 854 1685 nota
880 1632 947 1684 sunt
1000 1650 1075 1702 sum,
1091 1642 1156 1703 etc,
1171 1635 1304 1705 usquead
1318 1640 1347 1691 et
1361 1636 1429 1708 quia
1448 1637 1485 1692 de
1497 1637 1576 1709 ligno
1591 1637 1656 1693 ritas
1678 1642 1707 1693 et
1720 1638 1847 1694 scientias

93 1726 244 1792 utcunque
255 1720 409 1776 noscenda.
960 1681 982 1738 Β
1001 1725 1070 1780 boui
1080 1729 1109 1779 et
1123 1724 1192 1779 mali
1208 1727 1270 1779 eret
1279 1723 1443 1795 specialiter
1454 1724 1592 1781 dicturos.

129 1809 214 1864 vans.
244 1813 273 1865 t.
301 1828 376 1860 -s
408 1807 558 1878 Formnrit,
585 1813 671 1864 sete.
696 1807 791 1878 (auo.)
816 1807 944 1876 Mustiae.
1036 1811 1211 1868 «prenavit
1225 1811 1362 1867 Dominus
1380 1811 1544 1883 paradisum
1561 1813 1590 1866 in
1607 1814 1685 1868 lidan
1696 1814 1732 1870 ad
1750 1812 1848 1870 Orien·

94 1897 192 1954 latior
205 1898 243 1953 de
257 1897 375 1954 bomine
399 1897 522 1969 figurate
546 1896 706 1968 explicatur
726 1894 863 1960 narratio,
879 1899 944 1962 elc.,
999 1906 1069 1969 tom,
1087 1921 1100 1953 a
1117 1905 1171 1963 etc,
1188 1900 1280 1973 (Ana,
1296 1899 1329 1955 de
1342 1901 1410 1954 Gen.
1424 1900 1463 1955 od
1476 1901 1542 1967 tua,
1555 1900 1605 1956 lib.
1620 1917 1679 1969 mu,
1693 1917 1715 1957 c.
1729 1902 1768 1973 l.)
1779 1904 1847 1958 Tres

94 2003 180 2059 usque
195 1987 235 2043 od
253 1992 288 2043 ut
310 2002 364 2043 nec
390 1991 555 2043 contemnat
578 1984 655 2057 quod
675 1989 727 2052 est,
754 1999 807 2039 nec
832 1988 947 2055 arroget
999 1990 1148 2063 generales
1169 1989 1317 2045 sententiae
1341 1988 1376 2044 de
1399 1988 1531 2059 paradiso
1560 1994 1635 2045 sunt.
1662 1991 1722 2046 Una
1745 2006 1845 2046 eorum

95 2076 172 2149 qnod
184 2092 245 2132 uon
255 2080 308 2132 est.
1000 2078 1051 2150 qui
1066 2076 1253 2149 corporaliter
1267 2081 1379 2132 teatmn
1392 2076 1514 2147 intelligi
1538 2077 1650 2146 volunt,
1673 2078 1730 2133 alia
1744 2094 1845 2136 eorum

129 2185 144 2217 ι
160 2164 308 2220 formavit
323 2163 412 2236 igitur
431 2162 569 2219 Dominus
588 2162 663 2218 Deus
677 2159 836 2227 bominem,
852 2180 866 2210 u
890 2165 943 2216 etc.
1000 2166 1051 2239 qni
1063 2165 1250 2238 spiritualiter
1264 2168 1387 2231 antrum,
1402 2164 1489 2219 tertia
1506 2180 1574 2220 rere
1588 2181 1689 2221 eorum
1702 2166 1751 2238 qui
1766 2171 1844 2221 utre·

94 2255 187 2322 (bum,
205 2254 241 2309 dc
254 2254 321 2311 des.
337 2253 388 2308 lib.
405 2268 446 2316 ru,
461 2266 524 2323 cap.
541 2253 578 2307 20
601 2255 630 2306 et
652 2251 711 2322 25.)
731 2249 813 2304 Prius
826 2249 861 2304 de
875 2248 944 2303 limo
1000 2269 1055 2326 que
1071 2251 1156 2307 modo
1166 2251 1330 2323 paradisum
1346 2252 1496 2324 accipiunt.
1512 2253 1636 2309 Tertiam
1649 2253 1720 2310 mibi
1733 2254 1845 2325 placere

92 2347 177 2398 terrac
191 2341 349 2398 formalem
371 2346 414 2397 est
431 2355 536 2412 corpus
563 2339 700 2408 animale,
720 2342 785 2404 etc,
809 2351 894 2408 usque
907 2335 945 2391 od
999 2341 1092 2398 fateor
1119 2356 1126 2395 τ
1150 2344 1183 2396 ut
1203 2339 1290 2396 homo
1314 2341 1405 2396 iaclus
1424 2357 1459 2397 ex
1478 2341 1559 2411 limo,
1578 2342 1655 2414 quod
1669 2358 1774 2415 corpus
1788 2343 1845 2398 bu·

92 2431 180 2486 babet
193 2431 273 2486 enim
289 2430 488 2485 necessitatem
503 2428 655 2484 moriendi.
999 2444 1118 2485 menum
1129 2434 1180 2495 est,
1193 2429 1223 2483 in
1238 2429 1371 2501 paradiso
1385 2431 1527 2502 corporali
1537 2432 1646 2486 locatus
1655 2430 1843 2503 intelligatur.

125 2519 211 2589 (idid.
229 2534 254 2574 c.
281 2518 338 2589 ll.)
352 2518 430 2574 Stola
444 2517 538 2590 prima
564 2522 612 2572 aui
631 2515 746 2589 justitie
767 2518 820 2579 est,
836 2513 872 2569 de
886 2529 946 2585 qua
999 2518 1101 2584 adam,
1117 2517 1169 2572 etsi
1183 2517 1261 2572 eliud
1276 2517 1425 2588 significat,
1442 2519 1510 2590 qnia
1526 2524 1568 2574 est
1587 2520 1678 2575 forma
1699 2518 1798 2587 laturi,
1814 2519 1845 2576 in

93 2609 190 2681 lapsus
202 2611 245 2662 est
261 2622 269 2663 ε
285 2607 327 2661 rel
341 2606 365 2661 si
386 2606 564 2675 corporalem
579 2604 825 2660 immortalitatem
838 2601 942 2674 signat,
1000 2611 1102 2661 ustura
1116 2605 1231 2677 propria
1242 2606 1328 2661 bomo
1343 2606 1490 2678 accipitur.

93 2697 167 2752 banc
187 2695 297 2765 amisit,
317 2711 384 2750 cum
408 2693 551 2765 peccando
573 2693 608 2749 ed
626 2709 690 2748 eam
714 2691 863 2765 pervenire
886 2707 944 2745 nou
1035 2694 1123 2765 (idid.)
1147 2713 1161 2746 a
1183 2694 1323 2749 Pleutarit
1352 2700 1448 2749 autem
1477 2696 1615 2751 Dominus
1636 2696 1801 2767 paradisum
1814 2695 1845 2752 in

93 2785 197 2856 potuit.
223 2784 268 2839 Sic
287 2799 357 2851 ergo
371 2782 462 2838 adam
490 2798 594 2854 corpus
616 2782 740 2837 animale
757 2780 867 2848 babuit,
884 2794 944 2834 non
1000 2784 1086 2840 Eden.
1105 2805 1116 2831 ·
1135 2783 1164 2838 ld
1189 2788 1232 2837 est
1251 2783 1281 2837 iu
1308 2783 1425 2839 deliciis.
1442 2784 1549 2839 Deinde
1564 2785 1619 2839 boc
1631 2785 1800 2857 recapitulat
1814 2789 1846 2839 ut

93 2873 180 2928 modo
195 2878 264 2928 ante
283 2871 461 2943 paradisum,
484 2871 534 2926 sed
548 2875 578 2926 et
603 2869 634 2926 in
655 2870 787 2942 paradiso
802 2866 944 2941 (quamvis
999 2871 1131 2928 ostendat
1154 2872 1300 2943 quomodo
1326 2871 1490 2942 paradisum
1518 2873 1591 2927 lleus
1613 2871 1763 2944 plantavit.
1785 2894 1799 2922 a
1813 2873 1847 2929 lit

91 2962 122 3019 in
137 2961 272 3018 interiori
285 2961 404 3017 bomine
419 2960 473 3016 iuit
492 2960 653 3032 spirituale)
681 2960 756 3031 quod
774 2957 869 3013 amisit
882 2971 943 3029 pec·
999 2961 1083 3033 ejecit
1098 2960 1221 3016 Deuade
1236 2963 1310 3015 terra
1326 2975 1412 3015 omne
1437 2961 1561 3031 lignum,
1578 2966 1660 3016 sete.
1680 2962 1744 3016 lam
1766 2960 1845 3016 enim

91 3051 196 3119 cando,
214 3057 243 3106 et
258 3050 365 3106 meruit
379 3048 507 3121 corporis
521 3054 655 3117 mortem,
669 3049 785 3121 quinon
800 3046 943 3119 peccando
959 3025 981 3084 (ἶ
999 3059 1066 3105 tunc
1080 3051 1252 3120 produxerat
1266 3053 1343 3104 terra
1363 3064 1449 3104 omne
1464 3048 1587 3120 lignum,
1605 3049 1651 3104 die
1667 3050 1774 3104 scilicet
1787 3054 1845 3103 ter·

91 3144 223 3196 meretur
236 3140 267 3194 in
282 3155 386 3211 corpus
395 3137 543 3210 spirituale
558 3135 757 3192 mutationem.
997 3138 1046 3194 tie.
1066 3137 1120 3194 Sed
1133 3153 1198 3192 cum
1220 3153 1256 3191 ex
1270 3137 1314 3192 bis
1330 3137 1483 3206 generibus
1497 3137 1557 3193 sint
1573 3138 1652 3209 ligna
1673 3137 1800 3192 instituta
1815 3137 1844 3192 io

127 3228 319 3292 «formavit,
339 3245 354 3279 s
372 3231 426 3281 ele.
448 3228 539 3297 ianm,
561 3225 581 3281 1.
600 3241 627 3280 vr
652 3226 685 3280 de
714 3225 779 3282 Gen.
810 3224 848 3279 od
875 3224 943 3290 tlte,
998 3224 1288 3300 paradise,produxit
1306 3224 1514 3290 inmanifeste,
1534 3231 1563 3281 et
1584 3225 1761 3296 intempore
1782 3241 1843 3295 suo,

91 3337 115 3374 ο.
132 3335 153 3387 r,
170 3324 244 3373 tom.
265 3317 325 3387 lli.)
342 3315 501 3372 Videndum
514 3319 558 3370 est
571 3319 669 3369 utrum
685 3313 881 3384 recapitulatio
895 3312 943 3379 sit,
998 3333 1063 3389 quaa
1074 3316 1139 3388 jam'
1150 3315 1300 3370 causaliter
1314 3316 1398 3369 tertio
1414 3314 1460 3370 die
1475 3319 1552 3369 terra
1564 3314 1746 3386 produxerat.

92 3407 251 3462 utdicatur
265 3406 410 3477 quomodo
431 3404 518 3459 bomo
532 3403 622 3458 lactus
637 3403 683 3472 sit,
703 3417 788 3474 quem
805 3406 883 3455 sexta
898 3400 944 3456 die
1033 3402 1154 3475 (Sraanl
1174 3401 1296 3468 Quidam
1311 3401 1421 3456 codices
1440 3402 1570 3458 babent:
1597 3421 1611 3452 a
1636 3402 1712 3457 [iden
1735 3400 1770 3456 ad
1797 3402 1846 3456 0r·

94 3495 206 3551 iactum
220 3493 355 3566 legimus.
370 3497 414 3548 An
428 3498 496 3548 tunc
513 3507 578 3546 cnm
602 3491 669 3546 iecit
683 3489 780 3546 omnia
795 3487 891 3554 simul,
917 3491 946 3541 et
998 3497 1071 3548 tum.
1102 3508 1117 3542 s
1145 3491 1183 3544 llx
1207 3504 1263 3561 quo
1282 3504 1435 3559 possumus
1460 3490 1601 3560 conjicere
1628 3488 1791 3560 paradisum
1814 3488 1844 3542 in

94 3584 248 3639 bominem
261 3581 291 3636 iu
317 3580 361 3636 bis
374 3580 451 3648 iecit,
464 3585 497 3635 ut
510 3595 624 3634 accesso
635 3576 775 3647 temporis
789 3575 876 3631 etiem
891 3574 946 3630 boc
998 3578 1112 3636 Oriente
1140 3576 1235 3632 situm.
1269 3577 1435 3649 Ubicunque
1455 3583 1551 3633 autem
1574 3576 1622 3646 sit,
1645 3576 1750 3632 scimus
1777 3590 1845 3631 eum

94 3672 184 3727 modo
199 3671 293 3739 lieret,
308 3684 366 3740 quo
379 3668 410 3723 in
425 3666 639 3739 bacperspicua
652 3665 745 3720 forma
759 3664 844 3718 vilem
856 3661 947 3735 gerit?
999 3671 1144 3721 terrenam
1176 3680 1248 3730 esse,
1272 3669 1302 3720 et
1325 3665 1475 3736 interjecto
1497 3667 1618 3735 Oceano,
1644 3670 1673 3720 et
1701 3663 1845 3720 montibus

93 3761 169 3816 sicut
183 3758 283 3815 lenum
307 3756 415 3812 iaclum
439 3760 594 3826 aoteqmm
609 3753 778 3817 exoriretur,
794 3752 946 3806 accedente
1000 3753 1148 3826 oppositis,
1166 3752 1389 3808 remotissimum
1399 3760 1523 3810 anostra
1538 3757 1616 3822 orbe,
1634 3753 1664 3809 in
1677 3755 1735 3809 allo
1746 3753 1843 3818 silom,

93 3854 236 3920 tempore,
253 3851 283 3901 et
297 3845 386 3902 londs
401 3843 581 3915 irrigatione,
597 3847 728 3898 exortunr
744 3845 795 3909 cst,
812 3846 844 3895 ot
859 3855 947 3911 super
1000 3843 1210 3914 pertingentem
1221 3842 1356 3913 usquead
1367 3844 1496 3898 lunarem
1509 3843 1661 3910 circulum;
1678 3842 1845 3914 undaeque

93 3943 204 3992 tenram
220 3939 304 3991 esset.
944 3978 946 3983 ,
1000 3931 1100 3988 diluvii
1115 3930 1183 3985 illuc
1198 3930 1316 3985 minimo
1335 3936 1539 4002 peruenerunt.

130 4027 227 4093 (Aac,
250 4023 319 4079 ibid.
336 4038 361 4078 c.
380 4025 407 4092 l,
430 4020 469 4092 3.)
497 4019 658 4076 Secundum
680 4016 946 4089 recapitulationem
1037 4020 1100 4073 «ln
1126 4033 1184 4091 quo
1204 4017 1309 4088 posuit.
1328 4039 1339 4068 ι
1360 4020 1460 4088 lano..
1484 4020 1532 4075 oli
1552 4034 1647 4089 supro,
1671 4034 1733 4089 cap.
1749 4016 1787 4089 5.)
1815 4018 1845 4074 Si

95 4115 178 4188 prius
191 4113 351 4179 rideamus,
365 4121 438 4179 etc.,
452 4126 538 4181 osque
551 4110 590 4164 nd
610 4114 679 4164 tunc
700 4115 798 4163 autern
814 4107 947 4163 invisibi-
1001 4107 1066 4180 quis
1079 4110 1162 4179 putat
1183 4105 1293 4161 animas
1316 4122 1433 4180 corpore
1448 4112 1548 4162 exutas
1566 4107 1635 4162 locis
1649 4105 1847 4177 corporalibus

96 4205 174 4266 liter,
186 4201 380 4274 potentialiter
394 4206 423 4256 et
434 4198 585 4256 causaliter
600 4196 945 4270 quomodoliuutiuture,
1001 4195 1152 4262 contineri,
1175 4201 1241 4262 etc,
1269 4210 1355 4265 osque
1385 4196 1423 4251 cd
1447 4196 1529 4267 cujus
1544 4211 1600 4251 nna
1620 4194 1757 4266 collyride
1773 4194 1848 4250 ilaus

95 4308 155 4348 non
168 4291 254 4346 iacta.
960 4310 983 4366 Ι)
1002 4285 1149 4341 hominem
1162 4284 1263 4339 aiame
1277 4284 1468 4357 quadraginta
1482 4285 1584 4340 diebus
1599 4281 1740 4339 liberavit.

134 4377 290 4443 inroravit,
311 4396 326 4429 u
351 4380 404 4432 etc.
424 4377 516 4444 (Bana,
539 4377 569 4429 in
592 4372 731 4442 beroem.)
752 4373 872 4428 l'actura
892 4372 945 4428 bo·
1038 4375 1122 4430 Vnae.
1148 4378 1174 4430 9.
1196 4391 1258 4423 -ο
1275 4373 1469 4445 Produritque
1482 4373 1620 4428 Dominus
1635 4371 1744 4443 lignum
1760 4369 1849 4425 etiam

97 4468 197 4529 minis.
216 4471 281 4534 etc,
296 4481 381 4535 osque
393 4464 432 4519 od
444 4465 473 4519 in
485 4479 542 4535 qna
555 4462 672 4528 vireret,
686 4461 802 4516 creavit.
1003 4483 1017 4512 a
1033 4463 1108 4517 vilae.
1126 4481 1140 4513 a
1168 4463 1265 4530 (Aoo,
1292 4462 1354 4518 ibid
1368 4504 1376 4525 ,
1399 4478 1422 4516 c.
1445 4464 1486 4532 l.)
1513 4461 1551 4516 llo
1566 4460 1705 4533 sapientia
1720 4457 1846 4513 dicitur:

133 4557 229 4627 (Aua,
252 4555 286 4610 de
307 4557 371 4611 Gru.
391 4553 510 4615 odae..
532 4552 551 4607 l.
574 4567 613 4619 m,
638 4566 662 4606 c.
682 4553 713 4606 lt
735 4555 764 4604 et
784 4549 837 4618 Π.)
862 4549 946 4615 Oura·
1003 4573 1017 4602 a
1034 4551 1156 4622 Lignum
1179 4550 1244 4605 vilse
1271 4551 1316 4605 bis
1338 4556 1381 4606 est
1409 4550 1459 4623 qui
1484 4547 1726 4621 apprehenderint
1741 4561 1846 4601 eam.»

97 4645 173 4701 ritur
192 4649 290 4698 utrum
316 4643 388 4697 brus
408 4646 526 4713 repente
545 4638 694 4694 bominem
716 4637 747 4707 in
766 4641 850 4693 catate
872 4636 947 4693 virili
1001 4639 1113 4696 Sedest
1134 4637 1310 4693 llierusalem
1326 4644 1435 4694 telerna
1463 4638 1492 4693 in
1518 4637 1607 4703 coelis,
1623 4643 1686 4703 alc,
1711 4649 1796 4704 usqae
1811 4632 1849 4688 od

97 4732 212 4799 lecerit,
238 4736 305 4800 ala,
325 4744 410 4800 usquc
427 4730 466 4784 nd
488 4734 518 4784 et
541 4727 607 4783 ideo
630 4725 789 4783 necessario
817 4725 947 4782 futurum
1002 4743 1067 4800 quae
1081 4743 1127 4781 res
1141 4725 1200 4782 sois
1214 4727 1392 4798 temporibus
1403 4732 1495 4799 gestas
1512 4725 1646 4780 narrarit.

98 4827 173 4878 erat.
1038 4814 1192 4886 «Lignum
1217 4815 1303 4870 etiam
1319 4816 1392 4878 vitae,
1420 4834 1433 4867 a
1463 4820 1516 4869 etc.
1538 4815 1634 4883 (Bana,
1648 4815 1678 4867 in
1705 4812 1848 4875 Hennam,

136 4910 170 4965 aa
185 4903 338 4978 inspirarit
366 4904 396 4959 in
420 4903 520 4960 faciem
548 4904 612 4976 ejus
636 4903 811 4976 spiraculum
829 4901 906 4972 vita,
921 4906 950 4957 et
1002 4907 1073 4957 tom.
1090 4904 1137 4970 lll,
1153 4904 1205 4958 col.
1226 4906 1278 4973 13.)
1296 4905 1327 4959 ln
1342 4904 1430 4959 altero
1445 4902 1570 4958 heminis
1584 4901 1698 4972 signnm
1711 4899 1850 4955 obedien-

99 4999 190 5054 iactos
204 4999 250 5051 est
264 4994 351 5049 bomo
366 4993 396 5048 in
411 4992 536 5048 animam
551 4994 706 5049 viventem.
722 5009 738 5044 e
754 4996 846 5057 (aaa,
866 4991 948 5054 ibid,
1003 4993 1051 5047 tica
1077 5006 1164 5063 quam
1192 4991 1313 5048 debebat
1340 5008 1347 5046 :
1372 4992 1402 5046 in
1429 4992 1519 5046 allero
1549 4992 1758 5045 sacramentum
1784 4987 1852 5042 vitea

101 5078 948 5153 l.ru,c.3,5‚l.lSinedabitatione,allavit,relsaillavil,·
1004 5085 1127 5145 aeterum,
1153 5097 1240 5152 quam
1260 5080 1418 5137 obediendo
1443 5082 1611 5134 mercretur.
1642 5078 1762 5150 Lignum
1786 5076 1852 5131 vitre

100 5172 254 5230 dicendum
272 5175 325 5237 est,
341 5176 405 5234 eta,
422 5184 506 5239 osque
517 5168 555 5224 cd
566 5183 678 5240 paenam
693 5166 718 5221 si
732 5167 951 5222 contemnerctli
1005 5167 1124 5235 dietum,
1140 5168 1208 5239 quia
1220 5168 1357 5224 divinitus
1372 5168 1490 5241 accepit,
1507 5172 1538 5222 ut
1559 5169 1609 5239 qui
1626 5183 1659 5222 ex
1683 5182 1716 5222 eo
1729 5165 1852 5221 mandu-

133 5261 231 5335 (leid,
245 5276 273 5314 c.
293 5258 349 5327 26.)
366 5257 520 5312 Dicendum
536 5261 589 5322 est,
600 5260 664 5323 etc,
679 5254 951 5326 osqoenddubltare
1006 5262 1093 5323 caret,
1114 5273 1217 5329 corpus
1240 5258 1302 5328 ejus
1327 5257 1423 5314 stabili
1452 5257 1571 5312 sanitate
1600 5257 1771 5322 firmaretur,
1801 5268 1854 5309 nec

101 5352 141 5408 las
154 5368 214 5408 non
229 5355 283 5405 cst
1008 5346 1065 5401 nlla
1080 5345 1248 5401 infirmitate
1264 5345 1307 5401 rel
1322 5350 1406 5401 aelate
1425 5345 1456 5402 in
1471 5345 1596 5401 deterius
1617 5344 1662 5401 vel
1676 5344 1706 5400 iu
1722 5357 1853 5398 occasum

133 5440 232 5507 (Μ,
247 5455 273 5493 ο.
288 5434 350 5505 Yl.)
369 5434 465 5500 Quaeri
479 5434 551 5490 solet
565 5437 673 5501 utrum,
689 5434 713 5488 si
728 5433 803 5489 nolit
814 5431 953 5506 incorpo·
1007 5436 1162 5491 laberetur.

103 5532 166 5600 rari,
181 5527 390 5602 compellatur,
404 5529 470 5588 etc..
484 5539 569 5594 usqae
582 5524 620 5578 cd
633 5523 698 5579 iecit
708 5541 766 5578 eos.
1044 5524 1164 5594 (snare.)
1182 5525 1326 5579 Historiae.
1352 5524 1474 5596 lignum
1499 5523 1564 5579 rilre
1592 5524 1665 5579 banc
1688 5519 1857 5577 naturaliter
