3892 6106
50 261 96 312 aaa
637 266 761 324 caussa
780 266 980 326 caprasius.
999 298 1032 308 -
1054 227 1120 326 hin.
1140 270 1244 328 ason.
1758 286 1811 340 ero

48 381 141 450 (Bana,
170 382 257 454 ibid.)
300 383 509 442 Candelabrum
533 386 718 456 tabernaculi,
742 392 808 457 etc..
823 394 943 459 usqueh
998 393 1032 448 Ut
1056 393 1170 460 luceant,
1196 396 1249 449 etc.
1290 393 1353 466 (ln,
1381 396 1464 468 ibid.)
1481 399 1615 456 Lucerna
1648 402 1814 461 candelabri

48 469 81 524 cd
108 474 141 526 et
163 471 326 529 claritatem
350 469 429 530 verbi
457 474 592 532 omnibus
616 477 797 548 praedicando
821 479 905 534 ctia-
959 499 993 538 er
1013 482 1131 538 adverso
1150 481 1366 540 tabernaculum
1380 485 1572 558 illustrabant,
1596 505 1661 547 cum
1684 492 1814 550 Christus

48 558 150 614 ciendo
165 561 304 617 ostendit.
959 570 1062 645 plenus
1076 571 1167 642 gratia
1181 577 1210 626 et
1238 572 1356 629 veritate
1378 575 1512 631 omnibus
1537 577 1683 635 tribuebat
1702 581 1737 636 de
1763 598 1815 638 sua

77 649 121 703 Et
135 649 271 719 mlomm,
286 651 400 721 sepphor
412 655 438 707 et
448 653 608 723 spherulas.
626 656 687 725 (lu,
716 654 797 727 ibid.)
824 656 905 712 Scili-
959 660 1159 733 plenitudiue;
1174 660 1332 717 mansuetis
1342 667 1370 718 et
1393 665 1570 736 pauperibus
1585 667 1706 723 verbum
1721 670 1814 726 Euan·

48 741 87 792 cel
96 739 307 808 praedicatores
321 739 357 795 de
372 740 468 796 hastili
483 743 679 813 procedentes,
696 748 761 800 etc..
774 746 906 815 usquead
959 749 1028 821 galil
1042 748 1242 818 committens;
1268 751 1476 821 poenitentibus
1495 754 1639 810 medelam
1662 755 1802 830 indulgen

49 844 111 900 quas
127 828 286 885 animabus
298 830 413 898 sancus,
429 829 522 902 idest,
533 831 660 903 lloribus,
671 834 904 889 vernataetcruis.
960 837 1008 893 tiae
1040 838 1199 895 conterens.
1230 839 1309 894 Nunc
1334 843 1448 911 tempus
1474 858 1535 896 esse
1565 845 1702 913 parcendi
1724 845 1755 902 in
1771 847 1816 903 iu-

78 917 229 977 venuit.
247 919 474 991 -secccicmi,
502 924 555 976 etc.
580 922 641 993 (ln,
666 923 749 994 ibid.)
773 923 907 979 Sanarius
958 927 1626 1000 turouniversalisjudiciitempusailirmans.
1751 915 1754 921 ’

49 1007 75 1062 in
86 1023 149 1078 quo
160 1008 255 1063 iactus
269 1012 312 1063 est
329 1009 463 1075 mundus,
486 1015 552 1076 etc,
568 1026 653 1081 usque
674 1013 712 1066 cal
725 1012 803 1067 unde
831 1012 907 1069 Pau·
995 1017 1076 1072 Vnus.
1094 1018 1137 1072 38.
1154 1047 1188 1057 -
1199 1017 1383 1073 Emuncloriu
1410 1034 1523 1089 quoque,
1542 1025 1569 1075 et
1584 1021 1632 1076 uhi
1658 1038 1726 1092 qua.
1753 1024 1815 1096 (la,

48 1096 109 1150 lus:
142 1098 248 1151 Gratia
269 1098 382 1152 Domini
400 1101 490 1153 uestri
511 1099 581 1154 Jesu
607 1100 709 1157 Christi
739 1105 765 1156 et
785 1102 907 1158 charitas
960 1104 1042 1174 ibid.)
1068 1104 1169 1160 Divina
1190 1105 1286 1172 verba,
1320 1105 1425 1177 quibus
1452 1107 1602 1163 manifeste
1628 1110 1759 1181 signatur
1786 1113 1817 1168 in

50 1185 360 1254 Dei,etcommuuieutio
385 1188 475 1241 suncti
500 1186 634 1257 Spiritus,
659 1190 696 1243 sit
721 1203 824 1259 semper
848 1203 908 1243 eum
961 1192 1092 1265 plurimis
1105 1209 1164 1248 non
1177 1193 1248 1265 legis
1269 1193 1406 1263 litteram,
1422 1196 1470 1250 sed
1493 1197 1672 1267 spiritualem
1700 1215 1817 1256 sensum

50 1276 174 1330 omuibus
188 1274 276 1331 uobis.
898 1316 901 1323 -
961 1297 1023 1336 esse
1047 1281 1218 1336 servandum
1235 1282 1354 1338 :under
1384 1283 1416 1339 Si
1431 1285 1667 1355 circumcidimini,
1692 1288 1816 1346 Christus

83 1375 195 1428 liesca:
209 1389 273 1428 uno.
289 1372 350 1444 (Iu,
364 1373 454 1445 ibid.)
470 1374 538 1429 Tres
552 1373 655 1430 calami
671 1390 705 1430 er
731 1389 790 1430 urio
805 1375 905 1442 latere,
961 1371 1033 1425 nihil
1064 1369 1139 1425 uobis
1150 1371 1284 1439 proderit.

51 1465 112 1522 ιω,
127 1476 218 1530 mque
231 1462 270 1516 aa
285 1462 393 1517 visione
407 1463 469 1534 eju,
482 1462 604 1520 fruetur,
998 1458 1060 1530 (ln,
1077 1459 1156 1529 ibid.)
1173 1458 1399 1526 Emunctorium,
1415 1463 1444 1516 el
1457 1478 1533 1532 vasa,
1560 1462 1611 1518 uhi
1626 1480 1691 1536 qua
1715 1482 1817 1522 cmun-

82 1549 147 1620 (ln.,
162 1550 215 1604 ubi
227 1551 334 1623 supro).
352 1551 436 1607 Fiunt
447 1553 546 1624 scyphi
559 1552 590 1607 in
604 1552 776 1609 candelabro
791 1552 826 1607 ad
856 1566 908 1606 nu·
961 1550 1006 1602 cta
1020 1551 1087 1602 suut
1101 1547 1333 1620 exstingnuntur,
1354 1553 1419 1617 etc,
1437 1567 1521 1620 usque
1544 1552 1582 1607 ad
1607 1553 1724 1611 dicens:
1752 1556 1817 1612 Siue

50 1636 87 1691 uis
111 1639 246 1708 mudum,
277 1644 343 1708 etc,
362 1655 447 1710 usquc
473 1641 511 1696 ud
530 1641 598 1713 quia
625 1641 803 1697 continentes
831 1641 908 1695 illius
962 1637 1110 1706 propterte
1132 1637 1345 1708 evacuabuntur,
1369 1641 1426 1694 siue
1456 1640 1554 1710 linquae
1588 1643 1738 1713 cessabunt,
1761 1647 1814 1699 etc.

50 1727 192 1798 temporis
204 1728 572 1786 tresordinassanctorum
594 1730 704 1802 {eadem
722 1730 908 1803 ‚distinctione
998 1727 1372 1799 limumloriaquoqueetc.
1388 1728 1451 1800 (lu,
1473 1729 1553 1800 ibid.)
1582 1730 1654 1787 Sunt
1684 1732 1815 1804 quadum

51 1820 217 1888 temporum
237 1816 411 1873 hahuerunt,
961 1812 992 1867 iu
1006 1812 1324 1886 Scripturlspt'aetlepld,
1337 1819 1401 1883 dic„
1423 1830 1508 1887 ltSqlle
1527 1817 1566 1873 ud
1586 1822 1615 1875 Οἱ
1637 1819 1724 1875 alibi!
1750 1823 1817 1877 Ecce

83 1906 169 1961 Vnus.
186 1909 280 1962 3³.-
300 1908 333 1962 lm
347 1909 434 1962 nume.
461 1906 531 1979 (ln.)
554 1907 617 1962 Nux
642 1905 794 1962 Ecclesiam
818 1905 907 1978 signi·
961 1903 1114 1969 uenatorio
1128 1905 1229 1957 amaia.

51 1994 241 2061 licat,unde:
267 1996 415 2052 Descendit
427 1998 457 2051 iu
481 1996 589 2051 bortum
613 2012 721 2051 nucum.
746 1995 809 2051 Nux
830 1995 907 2050 enim
998 1991 1081 2047 icas.
1098 1993 1145 2047 39.
1176 2021 1210 2033 -
1237 1992 1342 2048 ommes.
1368 1994 1430 2064 (lu,
1462 1994 1542 2067 ibid.)
1561 1996 1622 2051 Hoc
1645 2002 1688 2052 est
1713 2013 1817 2072 eorpus

51 2082 165 2138 dulcem
190 2083 315 2139 irnctnm
336 2084 424 2139 hahet
446 2083 535 2154 intus,
560 2083 611 2155 qui
635 2082 691 2138 nisi
712 2083 802 2139 fracta
834 2087 909 2138 testa
962 2079 1066 2135 Christi
1081 2095 1147 2134 cum
1166 2079 1229 2152 ipso
1244 2081 1347 2151 capite,
1364 2082 1470 2139 scilieet
1499 2100 1599 2141 omnes
1625 2086 1720 2159 electi,
1748 2093 1815 2157 etc,

50 2186 109 2226 non
125 2171 291 2228 ostenditur
302 2172 390 2228 ioris:
405 2171 444 2227 sic
464 2177 627 2228 sauctorum
656 2172 715 2227 vitu
737 2169 907 2227 suavitatem
961 2169 1097 2238 usquead
1111 2168 1180 2241 quia
1195 2169 1299 2224 merito
1313 2170 1453 2227 scelerum
1467 2172 1495 2228 in
1513 2173 1645 2247 abyssum
1672 2177 1817 2250 gravantis

51 2260 293 2332 grabmincorde
307 2265 466 2328 conservat,
483 2277 547 2333 quae
571 2276 631 2316 non
652 2259 835 2331 cognoscitur
859 2275 907 2315 ex·
961 2273 1055 2329 poena
1074 2256 1220 2313 decidunt.
1286 2271 1290 2276 ·

51 2349 139 2404 terim
151 2349 220 2418 nisi,
237 2348 721 2418 solutocarnisdomicilioanimae,
737 2347 768 2403 in
800 2348 907 2404 coelesti
997 2347 1076 2400 Vana.
1092 2345 1311 2417 40.—lnspe'ce.
1328 2347 1390 2418 (ln,
1405 2349 1487 2423 ibid.)
1503 2352 1654 2408 Ostensum
1677 2359 1721 2411 est
1747 2357 1816 2412 bloal

52 2437 114 2493 luca
130 2438 393 2511 saaaconspiciant.
960 2432 1101 2489 inmonte
1132 2434 1278 2507 exemplar
1312 2436 1474 2493 candelabri
1508 2442 1586 2512 quod
1621 2442 1737 2514 iaceret,
1760 2449 1813 2502 ate.

85 2526 148 2597 (ln.)
181 2527 294 2582 Tertius
317 2527 450 2583 similiter
479 2526 606 2581 calamus
632 2533 690 2582 tres
728 2526 849 2598 scyphos
877 2530 906 2581 et
959 2522 1102 2592 usquead
1128 2525 1276 2596 exemplar
1301 2524 1480 2583 auditoribus
1504 2530 1684 2587 exsecutione
1720 2533 1816 2606 operis

52 2616 221 2686 sphaerulas,
242 2620 269 2671 ct
283 2615 338 2671 tria
357 2616 443 2671 habet
456 2616 515 2671 lilia
533 2632 540 2670 :
567 2616 635 2688 quia
653 2614 737 2671 multi
761 2615 905 2687 conjugati
960 2615 988 2666 et
1003 2610 1091 2667 verbo
1106 2611 1243 2668 doetrinae
1258 2613 1393 2668 ostendit.

53 2708 116 2759 ante
141 2705 249 2775 legam,
271 2703 324 2759 sub
347 2705 410 2776 lege
424 2708 453 2759 et
470 2704 524 2759 sub
544 2703 694 2776 prophetis
729 2709 821 2773 erant,
854 2704 905 2775 qui

53 2793 169 2849 verbnm
182 2791 298 2848 Domini
313 2792 463 2860 audiru,et
481 2791 556 2847 viam
581 2793 643 2865 ejus
666 2808 780 2848 currere
799 2795 828 2848 et
851 2793 904 2849 ho·
1276 2754 1389 2811 CAPUT
1408 2757 1495 2813 xm·

55 2897 289 2954 uorumoperum
304 2882 424 2953 prumia
438 2887 602 2953 exspectare
616 2881 783 2953 gauderent.
994 2878 1079 2934 Vane.
1102 2882 1126 2935 l.
1152 2907 1185 2921 -·
1212 2879 1425 2938 Telemachum
1453 2897 1515 2939 cero
1540 2886 1581 2939 itu
1608 2888 1634 2940 el
1662 2887 1717 2957 liet,
1759 2889 1812 2942 etc.

86 2972 148 3042 (ln.)
159 2973 231 3026 liem
244 2987 278 3026 er
292 2970 349 3026 alio
365 2970 453 3025 latera
467 2970 578 3042 primus
601 2971 737 3036 calamus,
764 2967 939 3026 secundusC
961 2966 1050 3036 (Bru,
1075 2965 1125 3022 lib.
1156 2966 1231 3023 ude
1259 2969 1421 3040 Tubernuc,
1446 2987 1509 3043 cap.
1537 2975 1563 3039 ³,
1584 2977 1654 3029 tom.
1685 2973 1734 3046 ll.)
1761 2977 1814 3031 Ta·

56 3066 81 3116 et
102 3060 218 3129 tertius,
243 3063 301 3114 tres
322 3041 450 3130 scyphos
468 3063 497 3114 ct
512 3057 669 3130 spherulas
684 3073 691 3125 ;
706 3056 762 3112 tria
790 3071 906 3129 quoque
960 3055 1157 3123 bernaculum,
1186 3056 1263 3128 quod
1298 3057 1365 3112 iecit
1390 3060 1499 3132 bloyses
1537 3061 1568 3117 in
1594 3062 1758 3132 solitudine,
1787 3068 1815 3119 at

55 3148 175 3205 habehat
195 3148 256 3204 lilia
272 3164 278 3203 :
296 3147 364 3220 quia
374 3147 404 3202 in
416 3152 534 3219 utroque
547 3146 729 3202 Testamenta
739 3144 769 3199 iu
779 3143 906 3200 doctori·
960 3144 1101 3215 templum
1126 3144 1204 3217 quod
1227 3145 1293 3201 lecit
1320 3146 1453 3203 Salomon
1481 3148 1512 3204 in
1551 3151 1719 3220 Jerusalem,
1748 3157 1813 3221 etc,

54 3238 113 3309 bus,
135 3238 168 3293 in
194 3235 420 3304 continentibus,
436 3240 464 3291 et
493 3235 523 3290 in
548 3234 709 3306 conjugatis
734 3236 791 3289 Deo
817 3233 906 3288 devo·
959 3248 1045 3302 usque
1059 3232 1097 3288 ud
1111 3237 1140 3289 et
1153 3233 1256 3306 copula
1270 3234 1374 3291 divinae
1389 3241 1418 3293 et
1430 3237 1556 3310 propriae
1566 3240 1726 3298 dilectionis
1744 3241 1814 3313 J'un·

55 3328 155 3383 tistres
169 3325 419 3382 fueruntordinas
435 3332 598 3396 temporum
624 3323 767 3379 distantia.
798 3323 830 3376 ln
844 3321 904 3393 pri·
960 3325 1074 3395 gantur.
1588 3364 1589 3367 ,

55 3417 149 3473 mitiva
187 3415 296 3472 scilicet
325 3413 445 3470 ecclesia
469 3413 504 3468 de
541 3412 638 3480 lsrael,
665 3411 816 3467 innostra
844 3412 905 3466 ele·
994 3410 1121 3485 (ln.,ubi
1133 3411 1240 3485 supra.)
1255 3414 1350 3469 Potest
1363 3414 1456 3486 llgura
1485 3416 1636 3489 utriusque
1661 3419 1815 3476 sanctuarii

54 3507 143 3562 mona
158 3505 196 3561 de
224 3504 368 3576 gaudbus,
395 3503 427 3557 iu
444 3502 547 3558 ultima
573 3500 743 3556 collectione
768 3500 904 3572 reliquia·
959 3499 1000 3555 ita
1015 3500 1161 3572 distingui,
1177 3505 1242 3569 etc,
1272 3505 1415 3575 usquead
1440 3505 1566 3562 mirabili
1591 3507 1752 3580 figurarum
1765 3526 1815 3567 va·

53 3612 113 3651 rum
127 3593 228 3661 lsrael,
244 3593 295 3666 qai
309 3608 409 3648 omncs
432 3607 484 3647 suo
510 3595 640 3664 tempore
661 3590 747 3645 verbo
772 3588 837 3644 vilae
861 3588 905 3644 in·
959 3588 1060 3644 rietate
1074 3589 1213 3662 depingit.

53 3683 160 3752 ebriati,
177 3683 209 3739 iu
223 3682 270 3737 via
295 3681 375 3754 pacis
395 3695 562 3753 properare,
586 3680 738 3735 candorem
758 3680 906 3752 perpetuae
994 3677 1036 3733 De
1050 3678 1127 3748 bysso
1139 3683 1242 3736 retortu
1263 3686 1289 3736 et
1316 3682 1461 3751 hyacintho
1487 3698 1519 3739 uc
1537 3700 1663 3756 purpura
1689 3701 1815 3757 coccoque

54 3773 120 3829 lucis
132 3772 233 3828 videre
249 3770 421 3827 desiderant.
960 3767 1000 3822 bia
1012 3769 1095 3822 timete
1107 3769 1241 3823 coriatus.
1257 3768 1320 3839 (ln,
1335 3769 1383 3824 ubi
1404 3785 1499 3840 supra,
1513 3786 1573 3843 cap.
1592 3774 1631 3844 2.)
1647 3774 1680 3829 ln
1688 3774 1732 3829 his
1747 3791 1815 3847 qua-

85 3863 169 3918 vm.
203 3860 413 3930 34.-luipso
438 3861 530 3914 autem
551 3855 728 3926 candelabro,
756 3860 809 3912 etc.
834 3855 903 3928 (ln,
948 3859 1026 3920 ,tam
1043 3855 1220 3911 cortinarum
1241 3857 1395 3928 coloribus,
1424 3863 1491 3924 etc„
1515 3862 1660 3930 usquead
1686 3879 1815 3934 purpura

54 3947 356 4023 adimpru.)1liximus
380 3947 475 4020 ipsum
504 3946 718 4014 candelabrum,
739 3950 805 4014 etc,
820 3957 905 4014 usque
959 3944 1109 4015 sanguinei
1120 3943 1220 4000 coloris
1234 3948 1262 3999 et
1286 3945 1321 4000 de
1348 3946 1564 4019 conchyliorum
1590 3950 1730 4022 sanguine
1753 3952 1815 4008 tiu·

55 4040 302 4097 adaediunovata
317 4035 517 4108 perspiritum
532 4034 758 4106 cordacapiuut.
959 4037 1003 4088 cta
1018 4033 1118 4090 devota
1132 4035 1191 4089 lleo
1216 4033 1300 4089 corda
1319 4033 1434 4105 figurat,
1469 4039 1563 4107 etpro
1592 4037 1648 4094 ilco
1673 4040 1813 4112 moripa-

84 4132 167 4186 inas.
185 4131 231 4184 35.
249 4158 283 4169 -
319 4127 519 4197 sphaerulaque
547 4140 598 4195 per
633 4122 753 4192 sinqaloa
776 4126 802 4178 et
831 4123 902 4178 lilic.
959 4123 1029 4178 rata.

55 4219 254 4292 Spltaemtaeque
262 4216 312 4272 aab
327 4214 430 4271 duobus
439 4215 564 4282 cummis,
575 4217 627 4268 ete.
923 4254 945 4310 D
994 4210 1078 4264 Vans.
1099 4212 1125 4265 2.
1154 4238 1189 4252 -
1210 4210 1362 4281 houqitudo
1387 4215 1497 4269 cortinae
1526 4216 1607 4272 unius
1642 4217 1751 4273 babebit
1771 4219 1813 4274 ci·

82 4311 146 4381 (ln,
177 4305 262 4379 ibid.)
288 4306 360 4361 Sunt
374 4319 426 4376 per
450 4303 580 4376 singulos
607 4301 727 4375 scyphos
751 4300 903 4374 sphaerulae
956 4299 1028 4366 qimi
1042 4302 1099 4355 octo
1135 4298 1248 4366 cubitos,
1283 4301 1399 4357 latitudo
1421 4307 1548 4373 qualitor,
1578 4304 1698 4377 etclln,
1731 4306 1813 4378 ibid.)

54 4399 131 4455 simul
146 4400 180 4453 et
206 4395 280 4463 lilia,
302 4397 368 4462 etc,
394 4393 532 4462 usquead
554 4392 650 4448 unda:
675 4392 755 4447 huuc
780 4391 839 4461 ejus
854 4388 904 4444 sub
959 4387 1034 4443 Siab
1049 4402 1107 4440 uno
1123 4402 1212 4459 usque
1227 4387 1263 4443 ad
1277 4393 1386 4460 septem
1399 4407 1498 4446 omues
1522 4392 1553 4447 in
1581 4393 1681 4450 ordine
1709 4411 1814 4451 name·

53 4488 135 4561 eapite
148 4500 222 4553 meo,
238 4489 264 4540 et
278 4483 391 4539 amma
404 4482 464 4552 ejus
477 4481 681 4553 amplexabitur
700 4493 750 4534 me.
959 4490 1007 4530 ros
1022 4476 1107 4547 pleno
1122 4475 1221 4532 ordine
1237 4479 1443 4547 numeraveris,
1459 4482 1593 4550 usquead
1607 4486 1637 4538 ut
1657 4499 1710 4554 per
1727 4482 1813 4539 lldam

82 4571 539 4647 (ln.,ihid.lScyphi,sphaerulae
564 4573 594 4625 el
619 4568 680 4623 lilia
711 4565 765 4622 snb
792 4565 904 4622 duobus
960 4565 1375 4639 etoperabonaadrequiem
1391 4568 1499 4623 tendat.

10 4644 17 4717 .”
54 4665 166 4721 ulumis
180 4665 260 4731 aaut,
280 4664 347 4730 etc,
369 4675 455 4732 usque
472 4659 512 4716 ud
527 4660 614 4715 omnis
634 4654 775 4728 pleuitudo
802 4654 905 4710 diviui-
998 4655 1081 4709 Unius
1112 4669 1252 4721 mensurae,
1275 4658 1334 4713 etc.
1361 4655 1421 4723 (lm,
1437 4656 1589 4727 ibid.)Etsi
1615 4659 1740 4716 variante
1768 4661 1814 4733 pi·

10 4746 17 4791 ’.
54 4758 110 4812 qq,
125 4751 323 4824 Wagner,
961 4746 1040 4797 atara
1059 4742 1176 4798 corlinae
1193 4742 1373 4812 differebant,
1398 4760 1456 4799 una
1484 4748 1581 4801 lamen
1605 4752 1688 4803 eraut
1715 4764 1814 4805 omnes

81 4846 166 4900 Vm.
182 4843 268 4899 3u-
284 4837 468 4910 Etspleaerulae
482 4838 603 4906 igituret
613 4835 720 4891 cummi.
742 4833 810 4905 (ln.,
826 4831 906 4901 ibid)
961 4830 1151 4902 longitudinis
1166 4835 1193 4886 el
1208 4831 1367 4887 latitudiuis
1382 4848 1517 4888 mensura
1543 4838 1720 4907 temperatae,
1746 4838 1815 4910 quia

10 4967 12 4992 l
55 4933 156 4990 Omnes
170 4945 247 5003 opus
260 4926 437 4997 candelabri,
453 4929 518 4997 etc,
534 4924 670 4996 usquead
684 4922 761 4980 unde
778 4937 784 4978 :
801 4923 837 4977 ln
856 4923 908 4976 tri·
962 4917 1015 4973 etsi
1029 4917 1199 4972 donationes
1213 4918 1321 4973 habent
1331 4919 1413 4974 alecti
1427 4919 1602 4992 dillerantes,
1629 4938 1704 4979 unus
1717 4928 1815 4982 mmcn

55 5019 187 5076 mm
203 5016 334 5072 dilatasse
347 5013 425 5079 miii,
437 5016 491 5067 etc,
962 5005 1113 5076 Dominus,
1133 5022 1190 5061 uua
1213 5006 1295 5076 tides,
1317 5022 1408 5062 uuum
1434 5007 1585 5078 baptisma,
1597 5027 1674 5069 uuus
1696 5014 1772 5070 Deus
1787 5021 1817 5072 at

82 5110 172 5165 liras.
189 5110 237 5163 37.
253 5134 289 5146 —-
303 5103 408 5159 Facies.
418 5099 479 5173 (ln.)
497 5101 631 5155 Lucerum
654 5100 774 5168 septem,
798 5099 907 5167 septem
963 5097 1046 5150 Pater
1061 5095 1202 5150 omnium.

57 5203 116 5254 mut
136 5198 218 5254 dona
246 5190 371 5265 Spiritus
397 5187 495 5252 sancti,
523 5186 627 5259 quiin
658 5184 769 5240 Christo
796 5201 910 5256 semper
999 5185 1062 5257 (ln,
1087 5186 1135 5240 ubi
1152 5184 1258 5255 supra.)
1288 5184 1391 5240 Narrat
1418 5186 1565 5258 Iosephus,
1590 5196 1663 5260 atc.,
1680 5194 1817 5264 usquead

57 5286 273 5352 amsernntet
300 5278 436 5336 fidelibus
464 5276 621 5332 secundum
644 5274 822 5329 voluntatem
848 5273 911 5345 ejus
965 5273 1046 5346 quasi
1060 5289 1118 5329 uua
1132 5273 1230 5328 decem
1245 5272 1423 5329 cortinarum
1446 5275 1625 5335 connexione
1652 5279 1817 5337 tabernacu-

57 5375 204 5431 dlstributa
232 5373 321 5427 aunt:
349 5368 395 5423 hae
415 5381 502 5438 super
526 5362 729 5419 candelabrum
751 5366 910 5435 ponuntur,
964 5363 1025 5418 lum
1040 5361 1203 5417 decoratur.

59 5466 118 5536 qnia
137 5459 283 5535 requievit
301 5472 390 5529 super
415 5470 482 5511 eum
508 5452 633 5525 Spiritus
652 5451 800 5523 sapientiae
815 5456 844 5505 et
866 5451 911 5505 in·
1000 5451 1082 5506 Vana.
1098 5451 1126 5506 l.
1153 5478 1186 5491 -
1214 5450 1335 5506 Amsulua
1358 5449 1552 5523 hyacinthinus
1566 5455 1745 5527 trimeribus,
1761 5463 1816 5517 etc.

59 5554 179 5611 queem,
194 5549 279 5624 (1305,
294 5543 346 5616 χι),
965 5539 1029 5610 (ln,
1044 5538 1125 5611 ibid.)
1140 5538 1254 5596 ansulis
1275 5539 1466 5610 hyacinthinis
1494 5542 1612 5600 cortinae
1630 5544 1752 5602 invicem
1770 5563 1818 5605 co·
