3892 6106
57 248 111 303 989
447 298 451 305 ,
625 244 752 302 GLOSSA
770 244 972 302 oculatam.
993 270 1027 284 -
1047 243 1111 299 ΗΒ.
1133 239 1258 299 PSALM.
1759 238 1815 297 990

55 375 83 425 et
95 370 244 440 synagoga
264 372 423 439 potentiam,
439 371 492 424 ete.
511 367 615 439 (Cass.)
628 369 700 424 Item
715 383 768 440 pro
793 384 824 423 se
845 367 946 423 orath
964 382 1043 422 nem.
1074 368 1165 436 (Aac.)
1187 365 1264 422 Sicut
1290 365 1440 420 manaem
1468 362 1578 419 collatis
1599 363 1814 420 omnihuscon·

56 458 131 515 tacta
151 457 299 513 mentione
327 456 469 527 passionis
487 471 547 511 suae
576 456 727 528 etgloriae,
758 457 835 511 unde
857 456 912 511 ha·
967 455 1074 510 cludit:
1101 456 1181 512 Sient
1209 454 1369 509 latentiam.
1397 452 1484 521 Sicut,
1507 452 1575 524 quia
1589 452 1654 507 talis
1668 451 1724 507 erit
1742 450 1814 507 laeti·

57 547 127 602 bant
154 547 186 601 hi
206 563 258 617 pro
277 545 383 619 quihus
395 545 489 601 oravit
506 546 626 601 multam
642 544 869 601 misericordiam
884 549 913 600 et
967 544 1017 613 tia,
1033 543 1148 616 qualem
1163 542 1277 598 hicnon
1291 541 1435 608 novimus,
1451 545 1480 595 et
1491 540 1557 595 ideo
1571 556 1638 595 cum
1648 556 1708 596 non
1720 538 1817 612 potnit

58 640 202 691 eruuntur
212 636 248 690 de
262 636 385 691 inferno.
967 633 1098 705 exprimi,
1113 631 1192 702 dicit,
1207 636 1238 685 nt
1248 630 1351 703 potuit,
1363 633 1432 686 sient
1446 630 1608 685 latentium.

352 721 913 795 <³⁰

57 901 172 973 judicii,
198 902 274 956 unde
298 918 356 957 non
382 905 495 956 tantum
526 903 663 969 Christus,
692 901 741 956 sed
768 904 797 955 et
821 898 913 955 sancti
1002 899 1084 954 Vens.
1103 902 1126 953 l.
1152 926 1187 939 -
1208 897 1360 953 llalsolath.
1379 896 1474 965 (huc.)
1504 895 1623 961 Chorus,
1653 897 1686 949 ut
1700 892 1816 948 canenti

60 989 202 1045 sedebunt
226 989 345 1061 judices,
372 988 424 1060 qni
447 992 515 1044 sunt
537 989 590 1060 tilii
612 990 728 1057 ancilla,
748 988 777 1044 id
801 993 846 1045 est
859 989 913 1043 Ec·
966 987 1069 1042 chaam
1084 986 1266 1042 consonando
1288 985 1469 1056 respondeat,
1495 989 1566 1051 etc.,
1582 998 1667 1053 nsque
1689 982 1726 1037 ad
1741 980 1815 1036 dici·

60 1079 166 1135 clesioe.
966 1080 1014 1131 tnr
1028 1076 1105 1131 enim
1116 1075 1202 1131 luisse
1215 1073 1333 1146 qnidam
1348 1072 1506 1128 orientalis.

329 1149 486 1207 PSALMUS
515 1151 644 1207 LXXXVI·
1001 1167 1083 1220 Vens.
1112 1168 1140 1221 ι.
1157 1195 1192 1205 -
1218 1165 1334 1219 Domine
1347 1165 1427 1218 Deam
1451 1160 1563 1233 (Cass.)
1589 1161 1685 1216 llonet
1710 1157 1815 1216 Christi

96 1257 178 1312 Vens.
206 1261 229 1312 l.
246 1258 427 1313 -Psalmus
443 1257 552 1328 (Cass.)
574 1257 648 1322 Ouia
666 1256 775 1332 agitde
790 1255 912 1311 licclasia
966 1258 1090 1310 mortem
1111 1253 1227 1308 imitari.
1252 1252 1348 1308 Primo
1374 1256 1507 1322 precatur
1530 1249 1667 1305 auxilium
1687 1247 1815 1304 reterens

59 1345 221 1400 secundnm
237 1349 416 1416 potestatem.
439 1346 490 1401 ubi
507 1345 568 1417 agit
581 1362 679 1416 opera.
695 1346 811 1403 cantici.
827 1346 862 1400 Ut
875 1344 912 1400 de
967 1348 1166 1416 contemptum
1187 1343 1222 1398 ah
1238 1341 1363 1397 inimicis
1376 1357 1384 1397 ι
1399 1341 1478 1397 unde
1490 1340 1625 1396 informa
1639 1338 1714 1394 servi
1727 1353 1814 1393 orans

59 1434 193 1489 saeculari
206 1434 375 1503 Jerusalem,
390 1435 425 1489 ad
442 1435 664 1506 intelligentiam
679 1450 804 1505 superne
818 1434 910 1489 cleve·
967 1437 1002 1492 ad
1017 1443 1139 1509 patrem,
1153 1438 1212 1493 ait:
1230 1439 1251 1494 Ο
1267 1440 1385 1492 Domine.

58 1522 110 1590 ris,
126 1522 235 1578 scilicet
261 1523 296 1579 de
309 1524 421 1578 actione
444 1523 479 1577 ad
494 1524 662 1579 theoricam.
678 1523 823 1594 Propheta
836 1537 911 1594 proe·
1001 1528 1084 1583 Vaas.
1116 1530 1141 1583 3.
1158 1557 1193 1568 -·
1206 1529 1292 1582 intret
1309 1529 1339 1580 in
1361 1531 1511 1596 conspectu.
1536 1524 1598 1595 ilo.)
1625 1523 1720 1579 Virtus
1731 1537 1814 1594 purae

58 1611 137 1666 dicat
151 1612 296 1668 caelestem
324 1613 482 1668 ierusalem
511 1611 579 1667 liliis
597 1612 697 1680 Chore,
724 1627 812 1684 quarn
833 1626 912 1666 com·
931 1615 1114 1703 Borationis,
1130 1631 1196 1687 qnoe
1223 1615 1304 1686 qnasi
1317 1615 1449 1687 quiedam
1465 1629 1588 1685 persona
1603 1612 1639 1668 ad
1660 1613 1750 1667 Deum
1765 1611 1814 1666 in-

59 1699 180 1754 mendat
198 1714 251 1772 per
264 1700 463 1764 fundamenta,
480 1704 509 1755 et
524 1703 631 1770 portas,
652 1704 681 1755 et
707 1699 814 1755 tamam
825 1703 856 1754 nt
870 1698 912 1753 eis
966 1709 1023 1759 irat
1060 1709 1089 1759 et
1115 1703 1282 1759 mandatum
1307 1702 1419 1775 peragit
1446 1721 1455 1757 r
1480 1718 1537 1773 quo
1565 1717 1631 1756 cara
1663 1698 1814 1772 pervenire

60 1791 204 1858 augeatur
233 1787 359 1843 affectus.
394 1787 581 1843 Fundamenta
610 1788 677 1858 ejas,
712 1788 841 1843 Psalmus
877 1785 912 1841 de
967 1793 1075 1866 nequit,

60 1875 170 1932 coelesti
196 1876 377 1932 Jerusalem:
408 1876 510 1947 planus
531 1876 634 1948 spiritu
653 1876 804 1948 Propheta,
821 1875 914 1931 multa
1002 1884 1085 1937 vaae.
1105 1882 1133 1937 4.
1162 1911 1197 1923 -
1212 1882 1283 1949 Quia
1306 1882 1470 1952 repletaest.
1487 1878 1584 1953 (Aac.)
1608 1878 1814 1934 Hoshumance

59 1964 181 2019 volvens
199 1963 275 2034 apud
290 1979 331 2031 se,
346 1964 382 2019 de
401 1964 453 2020 hac
468 1964 592 2030 civitate,
612 1965 648 2021 de
662 1981 719 2037 qua
733 1964 806 2020 nihil
821 1964 912 2020 adhuc
965 1968 1141 2025 infirmitatis
1156 1969 1282 2039 affectus,
1312 1974 1379 2038 etc,
1394 1984 1480 2039 usqne
1495 1969 1533 2024 ad
1556 1967 1604 2023 sed
1620 1968 1754 2023 humanae
1768 1965 1815 2021 in·

62 2052 185 2121 dixerat,
212 2053 244 2108 in
270 2052 323 2108 hoc
356 2052 482 2124 erumpit
507 2069 515 2108 ι
543 2053 732 2109 Fundamenta
754 2054 823 2123 ejas,
855 2056 910 2109 etc.
970 2059 1114 2115 firmitatis
1128 2057 1244 2114 indicia.

62 2141 146 2197 Prior
170 2141 232 2198 laus
261 2142 508 2210 alandamentis3
534 2142 663 2197 soliditas
689 2141 913 2199 totiuscivitetie
1002 2149 1122 2203 vensi.
1139 2177 1173 2188 -
1188 2142 1751 2216 AErtimatne.0nianonsolumgraria,
1766 2142 1816 2200 sed

61 2235 190 2286 notetur.
209 2233 286 2301 Epor,
309 2247 368 2286 non
391 2231 515 2286 refertur
529 2231 564 2286 ad
580 2230 695 2303 aliquod
709 2231 910 2303 premissum:
972 2239 1001 2290 et
1014 2233 1221 2290 contumeliosa
1237 2233 1353 2304 pertuli.

62 2320 160 2375 sedcd
174 2319 267 2375 cordis
281 2320 431 2390 Propheta
440 2318 669 2388 meditationem,
684 2318 913 2392 quianunquam
1003 2322 1086 2377 Vsus.
1115 2323 1141 2376 6.
1168 2350 1203 2362 -
1243 2322 1323 2378 Sicut
1351 2322 1488 2376 vulnerati
1523 2319 1686 2375 donnicatas
1717 2316 1816 2390 (aaa.)

61 2409 99 2463 de
114 2408 165 2463 illa
177 2408 262 2464 corde
274 2412 414 2475 tacuerat,
426 2407 479 2463 etsi
491 2424 551 2464 ore.
967 2408 1039 2475 Quia
1050 2415 1078 2465 ct
1100 2409 1161 2480 ipse
1186 2410 1283 2464 lancea
1303 2410 1477 2475 vulneratus,
1498 2413 1527 2463 et
1545 2407 1677 2478 sepulcro
1692 2406 1816 2469 clausus,

100 2499 183 2553 Vnus.
201 2499 227 2552 3.
254 2528 289 2538 -
304 2499 391 2554 Dicta.
407 2496 505 2568 (Aac.)
535 2498 600 2552 llaec
615 2500 682 2552 sunt
699 2496 758 2565 illa,
775 2512 841 2570 quas
856 2497 915 2552 llo·
968 2497 1016 2553 sed
1031 2497 1127 2554 ditlert
1140 2513 1193 2569 per
1216 2497 1270 2553 hoc
1293 2499 1373 2571 quod
1386 2497 1527 2570 seqnitur,
1542 2510 1667 2568 quorum
1684 2510 1742 2549 non
1757 2509 1817 2548 me·

62 2585 161 2640 minus
176 2602 228 2657 per
240 2586 395 2657 prophetas
409 2591 444 2641 de
454 2602 489 2641 ea
502 2585 644 2656 praedixit.
968 2585 1079 2640 ministi
1088 2586 1190 2642 adhuc.

102 2675 182 2730 Vnus.
198 2674 224 2729 4.
240 2703 277 2716 -
296 2675 398 2729 llemor
411 2689 465 2728 era.
495 2672 560 2744 (lo.)
584 2673 756 2747 lliapsalma.
772 2673 915 2729 Dominus
1006 2676 1039 2729 la
1060 2674 1190 2744 sepulcra.
1214 2673 1247 2728 ld
1276 2678 1328 2740 est,
1352 2673 1382 2728 in
1410 2672 1519 2728 carneli
1547 2672 1696 2743 voluptate
1719 2669 1816 2742 sopiti,

63 2763 99 2818 de
125 2762 228 2816 eadem
259 2762 429 2818 Jerusalem.
460 2763 562 2817 llemor
589 2777 634 2816 ero
662 2761 753 2818 Raab.
782 2759 915 2816 Ostendit
973 2761 1049 2818 unde
1065 2764 1139 2817 Deus
1151 2778 1209 2817 non
1224 2762 1327 2818 excitat
1340 2778 1399 2816 eos.

63 2867 129 2921 qnae
144 2850 273 2905 cantilla
295 2850 434 2921 gloriosa;
467 2850 550 2921 quasi
569 2850 665 2906 dicat:
682 2851 748 2905 lloec
761 2854 828 2905 sunt
842 2850 913 2905 illa:
1003 2854 1039 2906 Et
1053 2853 1109 2920 ipsi
1136 2851 1443 2920 demanutcarepulsi
1469 2854 1541 2905 sunt.
1558 2846 1816 2921 (humillonenim

62 2941 94 2995 in
120 2937 171 2993 illa
200 2938 325 3004 civitate,
356 2939 451 3010 inquit
481 2939 625 3011 Propheta
646 2956 679 2994 ex
705 2954 827 3009 persona
850 2939 911 3006 Dei,
932 2937 1003 2995 (lad
1028 2939 1204 2996 dormientes
1218 2939 1273 2994 hoc
1293 2939 1428 3007 retertur,
1456 2938 1614 3010 inquibus
1638 2942 1704 2993 sunt
1733 2935 1816 3009 justi,

60 3030 165 3084 hieraor
186 3041 230 3082 ero
244 3027 320 3082 Raab
336 3030 361 3081 et
379 3027 535 3096 Babylonis,
563 3043 627 3099 quce
641 3042 700 3082 non
722 3027 867 3098 pertinent
878 3030 915 3085 ad
969 3043 1093 3101 quorum
1109 3028 1175 3084 licet
1195 3044 1254 3084 non
1271 3026 1437 3082 meminerit
1464 3029 1538 3082 Deus
1560 3026 1650 3082 αιιιιιιο
1675 3029 1816 3082 utresur-

62 3115 205 3189 populum
227 3115 404 3171 ludaeorum.
439 3114 566 3171 Gloriosa
589 3116 672 3179 dete,
694 3115 816 3171 chinon
838 3117 916 3172 solus
968 3121 1039 3187 gant
1055 3132 1062 3171 :
1078 3115 1172 3171 dehis
1187 3120 1283 3171 tamen
1298 3115 1406 3170 dictum
1420 3117 1640 3171 setriustoram
1667 3115 1765 3170 anima
1786 3116 1819 3171 in

62 3203 248 3269 estimares,
263 3204 312 3258 sed
338 3219 437 3259 omnes
452 3209 562 3275 gentes,
579 3204 664 3260 Raab.
679 3206 733 3260 Per
759 3205 916 3261 fenestram
968 3221 1052 3260 mana
1066 3207 1115 3262 liei
1128 3211 1192 3262 sunt
1206 3206 1287 3275 (Sap.
1304 3205 1354 3273 ur).
1373 3204 1432 3272 Vel,
1454 3209 1602 3274 posuerunt
1620 3219 1662 3259 me
1684 3203 1728 3258 rei
1741 3202 1817 3258 veri·

63 3292 163 3348 emisit
187 3292 347 3359 coccinum,
370 3292 401 3348 id
425 3298 479 3360 est,
506 3293 536 3347 in
559 3293 654 3349 fronte
685 3292 771 3349 hahet
798 3293 915 3366 signum
969 3296 1083 3349 tate.ln
1103 3295 1314 3362 lacuinseriori,
1333 3293 1430 3361 idest,
1454 3293 1485 3347 in
1513 3292 1724 3364 aquisinterni,
1740 3291 1815 3346 scili·

64 3380 216 3453 sanguinis
224 3380 329 3436 Christi
339 3381 462 3437 Ecclesia
474 3381 616 3454 gentium.
969 3387 1015 3437 cet
1029 3382 1059 3435 in
1073 3381 1199 3437 tenebris
1214 3386 1242 3437 et
1255 3382 1286 3436 in
1299 3382 1404 3437 umbra
1418 3381 1529 3437 mortis.

102 3469 184 3525 Unde
212 3485 219 3524 :
247 3470 391 3525 Pnhticam'
419 3474 445 3525 et
471 3473 622 3527 meretrices
636 3471 787 3541 precedent
810 3486 857 3528 aas
885 3475 916 3528 ia
1007 3470 1086 3525 Vens.
1102 3474 1130 3525 7.
1155 3499 1188 3510 -
1204 3471 1236 3525 la
1250 3470 1450 3538 taaminferiari
1479 3466 1581 3539 (Cass.)
1599 3467 1647 3522 Vel
1674 3468 1781 3534 inferni
1808 3483 1816 3523 ι

72 3572 187 3625 regnam
202 3559 335 3613 schram.
352 3557 440 3626 Raab,
456 3558 577 3614 latitudo
593 3559 637 3614 vel
653 3560 789 3631 impetus,
804 3565 915 3632 gentes,
969 3558 1038 3630 quia
1064 3562 1125 3613 tam
1152 3558 1262 3629 abjecta
1286 3563 1379 3613 morte
1402 3557 1513 3613 ablatus
1535 3556 1565 3611 in
1587 3554 1715 3611 tenebris
1740 3554 1819 3610 ohli-

64 3662 132 3717 quae
145 3646 201 3701 lete
215 3649 245 3701 et
271 3646 431 3717 impetuose
455 3651 596 3717 vagantur
611 3663 663 3719 per
677 3648 756 3704 vitia.
767 3648 809 3704 hd
825 3650 914 3721 Baby·
968 3646 1072 3714 rionis,
1087 3661 1174 3718 quem
1193 3661 1280 3701 nemo
1299 3646 1438 3717 requiret.
1452 3645 1486 3699 Et
1499 3644 1597 3700 nmtra
1617 3646 1723 3712 mortis,
1738 3644 1817 3700 locus

65 3733 175 3789 loniam
189 3733 335 3805 pertinent
363 3750 464 3790 omnes
479 3735 557 3800 mali,
585 3742 618 3790 ut
630 3736 666 3791 ad
683 3737 841 3792 ierusalem
852 3753 915 3792 orn-
969 3736 1122 3802 malorum,
1138 3735 1168 3788 in
1179 3750 1236 3806 quo
1251 3734 1424 3804 puniuntur.

62 3838 116 3877 nes
130 3822 231 3878 sancti.
248 3825 315 3878 Ecce
336 3824 504 3895 alienigena.
530 3823 640 3878 Memor
667 3840 727 3879 ero.
754 3825 846 3890 Quare
860 3826 916 3881 hoc
1005 3825 1089 3879 Vens.
1107 3826 1134 3879 8.
1160 3852 1191 3864 -
1205 3823 1293 3892 Super
1315 3838 1356 3877 raa
1378 3824 1551 3892 confirmatus
1574 3826 1623 3876 est.
1652 3819 1715 3893 (lo.)
1729 3821 1816 3879 Puta·

64 3910 187 3966 dixisti?
209 3914 275 3967 Ecce
301 3912 471 3980 alienipena,
496 3911 525 3966 id
548 3917 599 3979 est,
616 3917 717 3983 gentes
733 3927 741 3967 ι
771 3918 800 3968 et
816 3915 914 3983 Tyrus,
968 3912 1039 3967 bant
1052 3911 1130 3983 quod
1140 3911 1183 3966 ira
1198 3911 1251 3966 liei
1265 3910 1399 3982 periisset
1413 3913 1443 3964 et
1467 3909 1546 3983 quod
1561 3910 1637 3964 Deus
1652 3924 1752 3964 omnes
1766 3908 1816 3963 in·

65 3999 201 4068 angustia
213 3999 612 4071 vitiorumrelpoenitentiae.
969 3999 1150 4072 dignationes
1175 4015 1261 4070 super
1275 4015 1342 4055 eum
1366 3998 1535 4064 induxisset,
1567 3997 1685 4070 quando
1698 3995 1817 4068 pertulit

101 4088 184 4142 Vane.
201 4091 225 4142 ὅ.
249 4116 284 4128 -
299 4088 430 4157 Nnnqnid
450 4088 528 4145 Sion.
547 4087 710 4144 Secundum
734 4087 821 4143 aliam
835 4087 916 4143 litte-
970 4087 1185 4170 eumerucitirp'.

62 4191 138 4231 ram.
154 4176 247 4230 Mater
264 4175 423 4242 sinodica,
439 4177 526 4232 homa.
931 4218 954 4273 D
1004 4177 1085 4232 Vasa.
1103 4179 1130 4233 9.
1145 4207 1180 4218 -
1203 4177 1294 4244 honae
1307 4174 1408 4244 fecisti.
1437 4174 1496 4245 (la.)
1510 4173 1584 4240 Ouid
1603 4172 1689 4229 amici
1712 4173 1774 4244 ejus
1785 4173 1816 4228 in

79 4312 82 4318 .
99 4261 195 4334 (Aca,
211 4261 392 4333 Cassiorum
406 4262 499 4319 dicat:
513 4264 592 4320 Unde
601 4263 688 4320 alieni
700 4263 867 4335 pervenient
876 4263 913 4319 ad
968 4266 1103 4338 passione
1117 4266 1255 4322 iecerunt.

63 4350 334 4407 Jerusalem‘ihudi
359 4353 444 4410 unde.
474 4353 649 4424 Estquidam
675 4353 774 4420 homo,
802 4352 831 4408 id
859 4356 914 4421 est,
1003 4357 1095 4412 Natos.
1118 4356 1179 4410 lton
1194 4370 1266 4426 quos
1286 4352 1389 4420 novit;
1419 4352 1487 4424 qaia
1514 4357 1583 4408 tunc
1611 4365 1816 4407 omnesnove-

65 4440 208 4506 Christus,
224 4439 274 4512 qui
290 4439 360 4494 dicit
381 4446 468 4496 mater
482 4441 559 4507 Sion,
575 4441 605 4496 id
618 4446 662 4497 est
673 4441 837 4513 synagoga,
852 4456 913 4496 rua·
969 4445 1013 4497 rat
1027 4446 1059 4497 ut
1070 4442 1155 4509 Deus,
1167 4442 1216 4497 sed
1230 4441 1334 4514 quibas
1348 4445 1496 4497 natusest.

65 4530 110 4580 ter
124 4542 190 4581 mea
209 4527 366 4581 secundum
394 4533 570 4595 carnem;et
597 4545 649 4599 per
675 4529 754 4583 hunc
776 4529 912 4597 veniunt;
1004 4532 1084 4585 Vens.
1099 4532 1142 4586 10.
1171 4560 1206 4572 -
1224 4531 1294 4586 Tota
1309 4531 1362 4586 die.
1385 4528 1481 4601 (Aoo.)
1504 4531 1560 4584 Per
1572 4533 1697 4584 extensae
1718 4539 1816 4582 manue
1854 4567 1858 4573 ι

64 4615 131 4686 quis
158 4619 200 4670 est
227 4615 312 4670 horno
327 4616 473 4687 illeilpse
499 4618 606 4689 estqui
629 4620 660 4674 in
681 4633 713 4673 ea
730 4622 812 4674 natue
833 4623 916 4674 estet
968 4619 1147 4675 continuatio
1173 4620 1317 4675 bonorum
1340 4634 1472 4690 operum,
1495 4635 1513 4673 a
1539 4617 1643 4689 quihus
1666 4630 1816 4686 nunquam

63 4719 128 4759 eam
144 4703 289 4773 tundarit3
307 4704 368 4775 ipse
383 4704 464 4773 dicit,
477 4710 575 4772 mater,
591 4706 699 4762 civitati
718 4707 770 4762 illi.
968 4706 1096 4774 cessavit,
1112 4707 1295 4778 intelligitur.
1311 4706 1343 4761 ln
1357 4721 1440 4760 cruce
1455 4706 1533 4760 enim
1548 4720 1601 4760 nec
1624 4720 1683 4759 una
1696 4707 1756 4758 tota
1770 4702 1817 4758 die

99 4792 210 4864 (Casa.)
226 4792 285 4860 Vel,
298 4795 482 4849 commendat
496 4794 566 4850 Sion
575 4795 731 4866 spirituali,
747 4800 815 4864 etc,
830 4809 916 4865 neque
969 4795 1024 4850 fnit
1037 4796 1086 4851 illa
1100 4795 1239 4862 extensio,
1257 4809 1311 4849 nec
1324 4799 1418 4849 totum
1433 4809 1486 4864 pro
1506 4797 1589 4865 parte
1612 4796 1707 4864 potest
1724 4790 1816 4862 accipi

63 4882 242 4954 adquorum
260 4882 444 4955 principum?
969 4900 1034 4939 cum
1054 4884 1132 4939 addit
1146 4889 1215 4952 toto;
1242 4883 1292 4939 sed
1319 4880 1389 4955 quia
1403 4881 1463 4936 haec
1481 4897 1570 4953 opera
1598 4896 1658 4936 non
1681 4878 1816 4935 omnibus

100 4970 200 5041 (hoa.)
217 4971 335 5037 Horum,
353 4971 522 5038 (secundnm
538 4971 768 5045 aliamlitteraml
779 4975 828 5043 qm·
844 4975 916 5042 sacti
968 4973 1151 5046 protuerunt,
1163 4971 1251 5028 addit.

64 5063 141 5126 sunt,
162 5058 271 5114 scilicet
295 5058 452 5130 principes,
483 5063 513 5115 in
527 5076 569 5130 ea,
585 5061 614 5117 id
630 5066 683 5129 est,
699 5062 750 5134 qni
768 5062 835 5118 lacti
849 5065 916 5118 sunt
1005 5063 1084 5117 Vens.
1102 5064 1145 5116 ll.
1171 5090 1204 5102 -
1223 5060 1356 5129 Numquid
1369 5060 1493 5114 mortuis.
1510 5058 1636 5114 llortuos
1660 5055 1745 5112 corde
1769 5055 1816 5111 di·

63 5143 227 5216 principes;
257 5150 411 5217 antequam
439 5151 534 5202 essent
547 5147 579 5202 in
596 5164 640 5217 ea,
663 5164 721 5204 non
735 5154 817 5204 erant
830 5148 915 5220 prin·
968 5149 1016 5215 cit,
1044 5148 1149 5222 quihus
1167 5147 1241 5205 liunt
1254 5147 1372 5217 quidem
1400 5145 1536 5202 miracula
1552 5144 1666 5212 Christi,
1690 5144 1740 5200 sed
1755 5159 1815 5199 non

63 5233 152 5302 cipes,
181 5233 228 5288 sed
246 5233 470 5305 abjectamundi
485 5251 493 5291 ι
509 5236 688 5304 Elegitenim
715 5239 915 5306 caminaras
968 5242 1088 5309 prosunt
1104 5236 1144 5292 eis
1162 5253 1169 5291 :
1185 5234 1307 5291 mortuis
1322 5235 1400 5290 enim
1422 5249 1542 5305 corpore
1557 5234 1632 5289 lacta
1645 5235 1713 5289 sunt
1727 5232 1815 5288 mha·

62 5319 205 5375 mundiut
218 5320 503 5389 conttraderetfartio.
967 5325 1046 5396 hilis,
1072 5341 1138 5381 cunr
1165 5324 1283 5396 quidam
1305 5323 1477 5378 revixerunt.
1508 5324 1542 5379 Et
1587 5338 1652 5378 curn
1679 5321 1816 5378 Dominus

101 5410 183 5463 Vnus.
212 5413 240 5464 7.
270 5438 304 5449 -
331 5410 409 5465 Sicut
431 5412 592 5468 laetantium.
613 5411 716 5484 (Casa.)
741 5413 912 5484 Diapsalme.
968 5414 1113 5470 internum
1124 5412 1292 5485 penetrarit,
1310 5416 1396 5482 atque
1419 5411 1487 5467 inde
1499 5413 1591 5467 victor
1605 5410 1706 5466 mortis
1716 5427 1814 5467 ascen·

62 5497 219 5554 Concludit
237 5497 337 5570 paucis
360 5498 464 5570 verbis,
478 5503 602 5572 tangens
615 5501 742 5557 futurem
761 5500 913 5558 beatitudi-
968 5501 1021 5572 dit,
1035 5516 1174 5573 magnum
1189 5501 1364 5563 factumest
1385 5499 1508 5557 mortuis
1529 5499 1709 5557 miraculum.
1737 5501 1816 5561 Naar·
