3892 6106
94 260 149 311 mr
635 261 763 319 cnossi
782 263 985 323 ounruieu.
1008 294 1040 308 -
1061 268 1128 323 uu
1149 267 1173 323 ιι
1195 229 1318 324 einai.
1798 281 1854 335 ere

93 375 305 431 sabbatismum
329 376 502 441 animarum,
526 381 701 444 sanctorum,
718 395 775 450 quo
790 382 986 453 antejudih
1039 386 1120 442 Vsus.
1146 387 1189 442 ΙΙ.
1213 416 1248 428 -
1274 387 1437 444 Secundum
1460 392 1693 450 convenientiam
1715 398 1854 469 cujusque

92 465 173 519 cium
189 466 240 536 qui
251 469 363 532 escunt;
375 465 404 518 in
416 470 616 531 octavumtate,
627 465 656 520 id
667 470 718 532 est,
731 471 949 527 resurrectionis
1001 475 1142 546 temporis
1161 476 1258 530 omnia
1282 477 1312 531 in
1344 478 1466 534 Ecclesia
1488 480 1628 552 disponit,
1649 490 1681 538 ut
1697 487 1854 559 unusquis-

92 554 141 608 dic
159 559 273 609 sanctos
289 560 454 625 recepturos
469 570 590 624 corpora
602 553 786 621 immortalia,
804 564 834 612 et
847 559 877 614 iu
892 576 947 615 eoe·
1002 575 1059 631 que
1074 560 1143 615 ordo
1157 560 1251 615 oltieio
1266 577 1317 615 suu
1333 562 1446 618 structus
1460 564 1547 636 dignu
1562 567 1716 626 urinislret.

92 643 215 697 lestibus
242 642 437 698 mansionibus
453 644 609 697 seeundum
633 645 804 700 meritorum
825 649 948 718 qualita-
1039 648 1117 704 Vens.
1154 653 1195 705 il.
1215 680 1250 692 -
1282 653 1318 706 Iu
1340 653 1520 720 Asiouquher.
1548 655 1641 709 Insula
1665 656 1770 712 dieitur
1793 673 1854 713 esse

92 737 139 785 tes
154 731 299 799 locandos,
323 729 373 785 ubi
400 746 514 802 semper
530 733 673 795 latentur,
692 732 840 788 laudantes
857 736 947 790 Deum
1002 735 1079 792 haud
1102 739 1202 808 procul
1227 740 1262 794 ab
1284 740 1366 795 Abila
1389 741 1419 794 in
1449 741 1546 796 liubro
1573 743 1654 807 mari,
1684 745 1733 801 nbi
1757 748 1854 803 elassis

92 819 124 873 iu
146 820 282 874 omuibus
300 821 382 875 bonis
397 836 462 891 quea
486 819 518 874 in
532 820 643 876 Christo
659 822 743 877 Pater
756 823 878 879 contulit
893 841 947 896 po·
1000 824 1136 896 iosaphat
1150 827 1244 897 periit.

94 909 166 981 pulo
181 908 354 965 Christiano.
1039 913 1131 984 (llas.)
1154 915 1256 971 Classis
1277 932 1364 988 quam
1390 917 1458 972 iecit
1471 917 1608 975 Salomon
1628 924 1694 988 etc,
1709 937 1795 992 usque
1816 924 1855 979 od

426 978 542 1034 CAPUT
558 980 629 1035 Vffl·
1002 1015 1054 1071 per
1077 1003 1198 1071 gratiam
1221 1004 1342 1076 Spiritus
1365 1005 1452 1062 sancti
1479 1007 1639 1078 inveniunt,
1665 1015 1693 1065 et
1717 1026 1785 1066 eum
1808 1029 1852 1067 sa·

135 1086 217 1140 Vens.
236 1089 312 1141 l.-
337 1086 466 1155 Eeptctis
491 1090 581 1141 autem
603 1088 712 1155 nichili,
742 1093 809 1158 etc,
837 1089 949 1145 dederm
1001 1089 1118 1159 pientiae
1134 1098 1162 1146 et
1172 1093 1292 1148 consilio
1308 1093 1405 1149 diviua
1418 1095 1592 1151 ascribentes
1605 1098 1745 1154 tribuunt.

96 1176 208 1241 Hiram,
240 1179 291 1229 etc.
323 1174 401 1244 (Rue.
418 1175 448 1228 in
478 1175 572 1229 Purol.
598 1189 632 1229 ex
648 1174 775 1247 llieron.)
802 1178 949 1233 Reddide-
1038 1179 1119 1235 Vnus.
1147 1183 1187 1236 18.
1213 1211 1248 1222 -
1266 1184 1299 1237 ln
1317 1183 1414 1252 Ophir.
1440 1184 1550 1239 Nomen
1574 1186 1730 1256 provinciis
1751 1187 1851 1259 Ophir,

95 1262 274 1324 ratscilicet.
302 1263 369 1333 quia
384 1277 450 1318 crim
466 1261 600 1317 Salomon
617 1263 741 1320 dedisset
757 1282 816 1321 non
835 1268 949 1338 placue-
1002 1264 1038 1319 ab
1062 1282 1120 1321 uuo
1145 1267 1337 1337 posteriorum
1364 1270 1457 1325 lleher
1476 1277 1585 1340 vocam,
1608 1289 1642 1329 ex
1664 1275 1746 1346 cujus
1765 1274 1852 1346 stirpe

96 1357 168 1407 runt
185 1352 238 1406 illi.
255 1352 323 1407 ldeo
337 1351 471 1407 Salomon
497 1352 623 1423 propriis
637 1352 809 1410 utilitatibus
832 1372 881 1411 eas
900 1357 949 1412 de·
1002 1354 1159 1422 venientes,
1178 1357 1296 1412 alluvio
1312 1358 1447 1430 cophene
1472 1377 1560 1432 usque
1583 1362 1620 1417 ad
1639 1364 1788 1436 τοςίοιιοιιι
1803 1364 1854 1420 Ιιι-

96 1440 222 1513 putavit.
1003 1442 1059 1499 dim
1074 1460 1139 1516 quse
1154 1451 1272 1500 vocatur
1285 1447 1368 1502 Geria
1383 1447 1525 1505 habitasse
1539 1450 1679 1522 losephus
1694 1452 1790 1509 retent.

134 1529 217 1584 Vens.
234 1532 261 1583 5.
276 1558 311 1570 -
326 1529 468 1584 Bethoron.
494 1529 587 1600 (ilie.)
614 1529 718 1585 Civitas
732 1535 784 1598 est,
806 1532 842 1587 ad
861 1548 948 1605 quam
1340 1589 1453 1644 CAPUT
1473 1591 1515 1645 IX·

95 1634 191 1690 usque
221 1617 302 1673 lesus
321 1623 489 1688 persecutus
512 1624 555 1674 est
573 1618 705 1674 inimicos
720 1637 802 1691 reges
828 1621 859 1675 in
872 1621 948 1676 tribu

96 1706 247 1778 Ephraim,
268 1711 434 1776 ete.,uaque
454 1706 491 1761 od
517 1712 545 1760 et
571 1708 644 1762 alius
667 1709 810 1765 Bethoron
832 1710 950 1766 inferior
1040 1710 1120 1763 Vnus.
1153 1713 1177 1764 l.
1211 1740 1246 1749 -
1283 1712 1386 1781 Bepino
1418 1728 1531 1782 queque.
1554 1713 1647 1785 tilia.
1682 1719 1711 1772 iu
1747 1720 1852 1788 Perat,

95 1797 173 1853 datis
189 1795 292 1850 Levitis
307 1794 338 1849 iu
353 1793 574 1865 possessionem.
1003 1801 1073 1852 tom.
1098 1796 1158 1866 ΙΙΙ.)
1182 1797 1292 1869 Regina
1320 1798 1496 1871 austrique
1521 1801 1557 1856 ab
1585 1804 1720 1860 extremis
1747 1805 1855 1862 finibus

134 1885 215 1939 Vens.
232 1887 308 1938 -6,
325 1882 415 1937 -Et
442 1898 541 1938 omisca.
572 1884 641 1938 Ezer
670 1883 787 1955 scilicet,
813 1886 949 1958 llegcddo
1002 1885 1123 1940 excitata
1145 1886 1222 1939 veuit
1243 1887 1343 1942 audire
1369 1887 1541 1958 sapientiam
1572 1891 1735 1948 Salomonis
1757 1897 1854 1952 Eccle-

97 1977 129 2029 et
164 1972 254 2028 Gezer
287 1975 316 2025 et
353 1971 445 2033 llello,
476 1986 541 2042 quae
571 1988 671 2027 omnes
706 1972 838 2029 Ecclesia
867 1990 948 2029 mon·
1003 1974 1077 2029 siam
1104 1972 1139 2029 de
1167 1974 1301 2045 gentibus
1326 1975 1361 2030 ad
1392 1976 1537 2032 Christum
1564 1985 1713 2036 venturam
1746 1982 1854 2054 figura-

97 2065 193 2117 strenl
208 2060 354 2115 decorem:
371 2059 439 2130 quia
462 2076 544 2113 verus
568 2061 702 2116 Salomon
717 2062 745 2116 in
769 2063 949 2133 jucunditate
1003 2062 1072 2117 het:
1095 2079 1160 2134 quac
1184 2063 1395 2119 circumamicta
1422 2065 1556 2121 varietate
1583 2067 1612 2123 in
1636 2071 1737 2126 vestitu
1763 2073 1855 2128 deeu-

96 2150 184 2223 regni
199 2148 294 2204 suiad
310 2148 422 2202 laudem
442 2147 613 2204 etlaetitiam
631 2151 685 2205 sibi
708 2153 888 2223 praeparavit.
906 2154 950 2207 ln·
1003 2156 1077 2220 rato,
1111 2150 1282 2207 obliviscens
1311 2152 1450 2223 populum
1479 2159 1509 2209 et
1533 2155 1652 2212 domum
1680 2159 1769 2229 patris
1798 2161 1854 2230 sui,

96 2242 274 2311 terpretatur
300 2242 396 2290 autem
423 2237 504 2292 llello
531 2239 712 2310 adimpletio;
738 2242 807 2296 Beer
834 2257 949 2313 separa-
1003 2240 1125 2295 barbara
1148 2246 1244 2310 gente,
1271 2256 1330 2294 non
1353 2241 1450 2297 animo
1477 2242 1540 2308 fuit,
1565 2244 1633 2316 quia
1654 2248 1772 2316 optabat
1786 2265 1854 2304 sun-

95 2332 191 2382 tuset
217 2325 429 2391 sanctificatus3
445 2324 780 2395 Mageddocoenaculum
795 2329 870 2399 ejus;
895 2329 949 2384 Ga·
1003 2334 1114 2384 ctorum
1138 2328 1201 2384 lieri
1232 2328 1367 2397 concivis,
1394 2331 1494 2385 uude:
1525 2331 1622 2399 Surpet
1649 2336 1745 2402 reptem
1764 2338 1855 2391 austri

97 2431 149 2470 zer
183 2413 314 2486 praeeisio
344 2412 389 2467 rel
417 2412 532 2481 divisim
564 2415 707 2472 Bethoron
740 2417 842 2472 domus
868 2433 949 2473 mon·
1003 2420 1034 2474 iu
1041 2418 1180 2488 judicium
1194 2434 1254 2474 cum
1267 2421 1437 2486 ueneratione
1450 2420 1505 2474 isto
1518 2421 1629 2488 tllluttlt.
1645 2422 1703 2492 ιιι).

95 2504 190 2570 tinm;
218 2503 337 2558 Baleatb
370 2500 536 2558 ascendens.
571 2503 673 2559 Sancta
698 2512 796 2561 autem
826 2505 949 2561 Ecclesia
1039 2508 1120 2561 Vsus.
1137 2509 1163 2562 3.
1185 2537 1217 2547 -
1238 2507 1317 2574 Quod
1335 2511 1489 2577 postquam,
1514 2512 1566 2562 etc.
1589 2508 1771 2566 Conveniunt
1791 2512 1853 2567 haec

96 2592 199 2647 civitas
214 2598 257 2646 est
282 2591 332 2645 hei
351 2588 418 2655 viri,
434 2589 483 2644 uhi
511 2591 648 2662 impletur
674 2594 801 2664 quotidie
817 2595 950 2650 voluntas
1005 2595 1134 2650 Ecclesiae
1170 2610 1235 2667 quae
1279 2594 1385 2650 auditis
1421 2595 1567 2651 miraculis
1608 2597 1712 2653 Christi
1747 2615 1853 2671 provo-

98 2681 161 2749 Bei,
178 2684 207 2735 et
221 2684 352 2751 separata
378 2678 413 2732 ab
442 2679 523 2734 ouini
538 2697 635 2736 errore
651 2681 822 2750 inlidelium,
844 2682 949 2738 saneti·
1004 2688 1065 2738 cata
1079 2689 1123 2737 est
1145 2682 1182 2737 ed
1204 2683 1392 2754 querendum
1418 2699 1495 2738 eum.
1519 2683 1574 2740 Sed
1590 2692 1744 2757 postquam
1760 2688 1796 2743 ed
1811 2688 1854 2759 ip·

97 2769 202 2825 fleatur
229 2768 287 2822 lide
313 2774 343 2822 et
370 2766 445 2822 bono
478 2785 574 2839 opere.
601 2770 642 2825 lbi
662 2775 705 2825 est
727 2770 842 2825 reiectio
864 2771 949 2826 virtu·
1004 2788 1067 2826 sum
1083 2771 1161 2826 venit
1176 2787 1227 2843 per
1241 2771 1415 2843 baptismum
1431 2772 1560 2828 attidem
1576 2775 1763 2830 consideratis
1778 2777 1853 2832 Scri-

96 2863 173 2912 tum.
199 2858 262 2929 lpse
279 2854 415 2912 discernit
442 2858 583 2913 muudum
602 2865 632 2913 et
659 2858 854 2924 immundum,
885 2864 950 2914 eta
1003 2865 1095 2933 ptores
1131 2860 1305 2915 testimoniis
1330 2861 1449 2933 agnovit
1474 2861 1631 2917 divinitatis
1657 2865 1853 2936 praesentiam,

97 2946 206 3001 virtute
221 2946 338 3001 vitium:
355 2949 382 2999 et
408 2950 450 3001 est
476 2946 577 3001 domus
601 2947 755 3014 montium,
771 2946 801 3002 id
819 2953 872 3015 est,
897 2947 984 3008 ha·c
1004 2951 1031 3001 et
1044 2962 1146 3018 parum
1168 2951 1197 3002 et
1215 2947 1309 3002 visum
1332 2953 1375 3003 est
1396 2949 1472 3019 quod
1487 2955 1553 3004 ante
1573 2950 1608 3004 de
1621 2967 1655 3005 eo
1672 2951 1801 3007 audierat
1822 2953 1853 3007 iu

97 3034 203 3090 bitatio
227 3040 401 3107 sanctorum,
435 3040 464 3090 et
488 3035 582 3090 fructu
604 3035 724 3106 justitiae
758 3039 829 3092 sicul
854 3036 950 3107 palma
1003 3033 1214 3105 comparatione
1238 3040 1380 3106 perceptae
1403 3035 1514 3108 gratim.
1538 3037 1617 3091 Unde
1632 3043 1661 3093 et
1683 3039 1853 3095 admirando

97 3126 198 3194 wrm
213 3124 334 3180 escendit
344 3126 377 3180 de
388 3127 527 3181 uirtutem
538 3126 674 3192 uirtutem,
695 3128 726 3179 ut
743 3124 836 3179 uideat
862 3126 949 3181 Deum
1002 3122 1033 3177 in
1046 3123 1160 3178 laudem
1179 3122 1242 3193 ejus
1255 3122 1420 3194 prorumpit
1431 3123 1529 3179 diceus
1544 3141 1551 3178 s
1572 3127 1649 3181 Booti
1663 3129 1719 3181 uiri
1734 3130 1783 3196 tui,
1797 3133 1851 3183 etc.

98 3213 213 3269 &orum
228 3215 258 3267 in
270 3215 335 3270 Sion
361 3215 445 3283 (Paul.
460 3214 582 3280 uxum).
600 3214 704 3269 Omnes
718 3214 795 3268 vicos
808 3229 875 3269 suos
888 3229 950 3268 mu·
1039 3211 1119 3266 Vnus.
1132 3213 1174 3265 12.
1185 3240 1220 3250 —
1230 3213 1268 3266 Be
1279 3212 1373 3278 lionis.
1383 3210 1511 3267 Christus
1522 3211 1600 3283 ligna
1609 3213 1744 3284 pretiose,
1759 3214 1852 3286 idest,

97 3302 175 3358 nisit
186 3302 333 3370 Salomon,
358 3303 426 3374 quia
441 3302 570 3358 Christus
582 3308 671 3357 coetus
685 3301 814 3357 fidelium
829 3317 948 3357 suornm
1002 3305 1113 3355 sanctos
1134 3298 1275 3367 doctores,
1300 3315 1423 3371 quorum
1449 3299 1527 3355 viror
1546 3301 1611 3356 lidei
1625 3317 1775 3373 nunquam
1790 3318 1853 3358 are·

98 3391 203 3464 gratiss
227 3408 285 3446 suoe
311 3391 487 3462 protectione
502 3391 542 3446 ita
558 3391 662 3459 munit,
680 3395 711 3445 ut
730 3390 861 3446 hostibus
891 3391 949 3446 suis
1002 3387 1065 3454 soit,
1090 3403 1144 3443 nec
1176 3386 1243 3441 iolie
1272 3386 1426 3442 verborum
1462 3387 1608 3456 decidunt,
1646 3390 1695 3444 sed
1728 3390 1853 3447 fructum

97 3481 299 3552 spiritualibus
308 3480 440 3536 resistere
455 3480 575 3551 possint.
1002 3477 1146 3532 bonorum
1161 3491 1279 3548 operum
1295 3477 1475 3547 temporibus
1488 3476 1547 3532 suis
1565 3477 1690 3534 reddunt
1705 3495 1712 3535 ι
1726 3479 1809 3552 ponit
1822 3480 1853 3535 in

135 3571 168 3626 ln
194 3568 308 3624 lihons.
339 3568 480 3639 (tirason.)
508 3569 540 3623 lu
566 3568 686 3638 templo,
713 3567 842 3637 scillicet,
869 3568 946 3640 qnod
1002 3564 1217 3620 munimentum
1232 3564 1335 3620 domus
1350 3564 1465 3619 Domini
1480 3564 1625 3621 etdomus
1640 3566 1739 3638 regiae,
1756 3567 1853 3637 idest,

98 3657 253 3712 cedrorum
283 3656 385 3711 decore
419 3657 552 3712 restitum
581 3660 651 3722 erat,
682 3656 758 3711 uude
785 3657 947 3712 Zacharias:
1002 3651 1034 3707 in
1057 3651 1304 3707 confirmationem
1324 3651 1465 3721 Ecclesiae,
1488 3658 1633 3708 uteorum
1654 3655 1783 3728 undique
1803 3657 1854 3712 do·

97 3745 199 3815 Aperi,
217 3743 948 3816 Libone,portostuus(loch.11);velregiisaedill-
1002 3741 1101 3796 ctriois
1122 3746 1152 3796 et
1175 3741 1312 3812 exemplis
1335 3742 1439 3796 vallata
1461 3742 1576 3797 ruinam
1599 3758 1659 3798 non
1681 3745 1796 3801 seuhat.
1819 3745 1855 3802 lli

97 3834 151 3891 ciis
166 3833 320 3904 quaracla
335 3832 562 3903 erentdelignis
578 3832 687 3888 Libani.
1002 3827 1085 3901 quasi
1107 3829 1224 3884 citherae.
1246 3834 1275 3884 et
1289 3830 1359 3901 lyrae
1384 3828 1420 3885 ed
1442 3829 1619 3885 laudandum
1643 3832 1797 3888 hominum
1815 3833 1855 3889 ia·

131 3922 215 3976 vaes.
241 3922 284 3976 lo.
305 3951 341 3962 -
366 3922 492 3976 Ducenti.
513 3920 709 3986 centenarius,
740 3920 791 3993 qui
816 3920 848 3976 in
871 3937 949 3976 com·
1002 3917 1105 3974 bricati
1125 3917 1270 3986 dicuutur,
1300 3917 1367 3989 quia
1391 3916 1488 3972 omnia
1516 3933 1697 3991 quaecunque
1722 3921 1853 3990 iecerint,

96 4015 170 4081 putu
194 4008 363 4081 digitorum,
394 4010 429 4065 de
443 4009 528 4064 laevat
542 4009 645 4063 transit
662 4009 693 4064 in
723 4008 879 4077 dexteram,
906 4010 949 4065 ui·
1002 4005 1259 4079 prosperabuntur,
1295 4010 1325 4061 et
1352 4006 1465 4062 laudem
1504 4006 1618 4063 Bomini
1646 4007 1676 4063 in
1710 4009 1855 4082 prosperis

98 4103 158 4154 tam
175 4097 318 4169 siguificat
337 4104 484 4153 aeternnm.
502 4097 771 4170 Quinquagenarius
788 4114 867 4167 sero,
884 4115 950 4171 pec·
1002 4099 1032 4151 et
1059 4095 1185 4151 adversis
1212 4094 1298 4151 corde
1312 4099 1342 4150 et
1371 4110 1420 4150 ore
1435 4098 1464 4150 et
1482 4110 1569 4165 opere
1596 4096 1797 4167 pronuntiant,
1826 4101 1856 4154 et

97 4193 232 4243 catorum
257 4187 464 4254 remissionem,
480 4191 509 4242 et
523 4192 661 4241 cateruam
676 4187 806 4259 requiem
835 4192 863 4243 et
882 4203 948 4260 gra·
1005 4185 1103 4241 omnia
1127 4185 1159 4241 in
1188 4183 1309 4256 gloriam
1332 4183 1381 4239 llei
1405 4183 1525 4251 iaciunt,
1549 4188 1610 4240 tota
1638 4184 1685 4241 die
1714 4190 1744 4242 et
1771 4191 1855 4242 nocte

98 4277 171 4332 tiam
186 4276 276 4330 sancti
291 4275 412 4347 Spiritus
427 4275 581 4347 signifieat:
597 4276 666 4348 quia
695 4277 725 4332 in
741 4278 851 4350 psalmo
870 4276 949 4348 ejus·
1006 4290 1065 4331 non
1079 4277 1174 4330 tacent
1188 4273 1305 4329 laudare
1320 4289 1428 4329 nomen
1444 4273 1569 4330 Domini.

99 4364 167 4419 dem
203 4363 316 4419 numeri
353 4363 535 4435 punitentia,
568 4363 720 4431 consessio,
754 4369 783 4419 et
819 4363 950 4419 remissio
1040 4363 1119 4417 Vnus.
1146 4365 1188 4417 ra.
1218 4391 1253 4404 -
1291 4362 1433 4418 Sescenta.
1469 4362 1602 4419 Senarius
1628 4378 1681 4433 per
1709 4361 1854 4419 senarium

99 4457 284 4525 peccatorum
321 4451 509 4516 describitur,·
535 4456 564 4507 et
589 4467 641 4523 per
658 4451 809 4522 jubilaeum
835 4452 950 4524 requies
1004 4450 1223 4522 multiplicatus,
1250 4449 1397 4522 sexaginta
1417 4449 1495 4507 tecit.
1524 4450 1712 4507 centenarius
1739 4468 1855 4525 quoque

99 4542 208 4600 lutura.
237 4541 292 4596 Per
319 4545 507 4612 pentecosten
535 4556 602 4595 vero
626 4541 657 4596 iu
681 4540 805 4597 adventu
827 4541 950 4614 Spiritus
1005 4539 1096 4595 sexies
1118 4539 1219 4596 ductus
1233 4545 1348 4595 centum
1370 4545 1398 4595 et
1411 4556 1459 4595 sex
1480 4539 1583 4595 reddit.
1613 4539 1752 4596 Benarius
1770 4557 1855 4597 men-

99 4631 191 4687 uncti
205 4628 380 4701 septiformis
393 4629 486 4701 gratia
504 4644 645 4701 expressa.
1005 4628 1136 4685 datorum
1151 4627 1295 4700 significet
1309 4627 1528 4700 perfectionem,
1543 4629 1726 4684 centenarius
1739 4634 1855 4686 selerne

133 4721 189 4787 (tui
217 4717 386 4774 erudiebant.
416 4717 487 4782 uria
514 4733 546 4772 ex
577 4722 699 4791 utroque
727 4719 836 4790 populo
863 4717 951 4790 elegit
1005 4716 1190 4773 beatitudiuis
1220 4716 1494 4773 remunerationem.
1526 4715 1672 4772 Desiderat
1698 4716 1776 4771 euim
1804 4731 1855 4771 rex

101 4807 380 4872 Boclesiaereetores,
396 4806 446 4878 qui
466 4806 608 4879 spirituali
627 4806 720 4878 gratia
733 4807 900 4874 illuminati,
921 4811 951 4864 et
1006 4810 1132 4861 nostram
1167 4806 1383 4877 perlectionem,
1421 4810 1453 4860 ut
1476 4804 1580 4860 habeat
1613 4805 1720 4877 quihus
1754 4805 1856 4861 reddet

98 4897 183 4968 plene
217 4895 321 4963 edocti,
349 4894 549 4951 remissionem
583 4901 775 4966 peccatoram,
803 4896 949 4968 vitamque
1005 4894 1159 4966 perfectam
1194 4895 1366 4962 mercedem,
1397 4892 1499 4949 unde:
1526 4895 1618 4949 Estote
1644 4894 1759 4963 perlecti
1784 4896 1857 4951 shut

99 4992 215 5041 eteruae
237 4984 346 5051 salutis,
372 4989 401 5040 et
425 4983 633 5039 beatitudinem
660 4990 830 5057 perpetuam
862 4999 949 5056 appe·
1005 4988 1030 5039 et
1044 4986 1125 5039 Peter
1143 4989 1230 5040 uester
1254 4984 1365 5039 coehstis
1386 4983 1521 5052 perfectus
1544 4987 1592 5037 est.
1613 4982 1645 5038 Si
1662 4982 1856 5039 uisoduitum

97 5075 226 5142 modam,
242 5090 294 5129 suo
307 5073 444 5128 docerent
458 5074 598 5144 exemplo.
1005 5072 1115 5142 iupredi
1128 5087 1209 5128 seruo
1221 5071 1354 5127 mommo
1364 5069 1474 5142 (natet.
1491 5086 1518 5135 v,
1535 5067 1602 5140 arx).
1619 5071 1652 5125 Bt
1665 5075 1834 5143 postpauca
1847 5089 1853 5127 :

133 5163 218 5218 vaes.
236 5165 279 5217 ln.
311 5192 345 5203 -
370 5163 544 5218 Holocaustu.
570 5161 660 5232 (llas.)
677 5161 880 5217 holocaustum
903 5165 948 5217 to·
1005 5163 1039 5219 Si
1063 5163 1106 5217 oia
1130 5163 1267 5232 perfectus
1289 5174 1355 5226 esse,
1382 5158 1452 5214 uode
1471 5162 1497 5213 et
1517 5157 1602 5213 vende
1623 5161 1713 5214 omnio
1734 5174 1794 5229 ques
1808 5161 1857 5216 ho·

97 5257 161 5306 tum
191 5251 343 5306 incensum
379 5249 494 5316 dicitur,
529 5249 584 5306 hoc
615 5250 646 5304 in
679 5250 762 5306 altari
791 5255 948 5321 crematur,
1005 5251 1060 5312 lies,
1084 5254 1151 5318 etc,
1176 5253 1205 5304 et
1226 5250 1312 5304 emeris
1337 5249 1387 5317 qui
1398 5247 1540 5317 reliquerit
1552 5246 1672 5317 domum
1687 5253 1752 5318 etc,
1766 5253 1856 5305 centu·

96 5356 163 5396 cum
193 5339 225 5395 iu
259 5339 345 5396 corde
374 5340 513 5412 cujusque
543 5338 626 5394 electi
660 5338 711 5410 qui
745 5338 872 5410 seipsum
904 5342 948 5394 to·
1002 5339 1081 5410 plum
1095 5338 1210 5406 accipiet
1223 5338 1346 5391 etuilum
1359 5341 1488 5391 eternum
1499 5335 1658 5407 possidebit.

95 5436 170 5494 tum,
201 5428 318 5496 scilicet,
346 5444 431 5484 carne
448 5433 477 5483 et
497 5427 583 5485 corde
596 5427 655 5482 lieo
684 5426 772 5497 vovit,
798 5442 870 5498 opus
895 5427 947 5484 ho·
1041 5426 1190 5495 Omnesque
1219 5438 1294 5492 repes
1321 5424 1443 5481 Arohm.
1477 5423 1610 5481 Olterunt
1636 5424 1784 5482 Salomoni
1808 5426 1855 5482 di·

93 5535 168 5576 num
187 5517 470 5574 iementecharitatis
483 5518 551 5590 igne
567 5515 756 5573 succenditur.
1003 5529 1093 5570 versa
1112 5517 1212 5587 pentes
1240 5516 1271 5567 et
1289 5512 1482 5584 negotiatores
1504 5519 1534 5568 et
1557 5528 1658 5569 omnes
1676 5528 1760 5585 rages
1786 5515 1856 5568 Ara·
