3892 6106
102 295 155 349 943
413 289 610 345 walarum!
629 288 752 345 srnlssl
772 287 876 346 roto.
897 264 979 345 u'orl.
999 288 1075 345 OPP.
1095 287 1183 343 Pstis
1200 287 1222 342 l.
1242 315 1278 327 -
1296 284 1524 343 rusosoulus.
1810 289 1860 344 tii

139 416 219 469 Vens.
236 414 430 469 l8.-llillia
453 410 617 467 testantium.
634 412 714 483 (Aua.
732 411 948 481 distinguam
963 413 986 467 ll
1004 424 1056 464 nes
1092 426 1168 481 equa
1208 410 1377 477 lamberent,
1414 413 1557 463 trecentos
1594 413 1713 464 tantum
1747 415 1777 465 el
1803 424 1859 465 non

103 503 318 557 multitudinem
345 501 487 572 signifieat
507 506 681 562 sanctorum,
714 505 779 565 etc„
800 515 885 568 usque
914 499 951 554 ad
1005 484 1112 569 plures,
1133 499 1261 568 insigna
1279 499 1370 553 crucis
1394 499 1605 569 proptertbau,
1633 514 1702 570 quae
1722 503 1860 554 trecentm

104 591 210 646 etidce
232 591 376 644 laetantur.
400 591 513 645 Sinain
534 595 636 643 sancto.
661 589 748 659 (Cis.)
765 587 951 642 listmonsin
1005 588 1157 658 signiticat.
1181 588 1226 641 Ab
1247 590 1315 657 ipso.
1345 587 1431 652 Quasi
1453 588 1477 641 si
1501 602 1616 658 quaeras
1647 588 1728 642 unde
1750 593 1859 643 tantum

103 695 161 751 quo
178 677 368 732 dataestler.
396 678 502 731 llicitur
528 677 696 730 urendetum
719 677 749 729 in
769 675 951 747 quarequie-
1004 676 1124 743 bonum,
1154 681 1188 729 ut
1216 691 1294 730 canes
1332 678 1394 747 ejus
1422 682 1479 729 sint
1507 680 1589 730 erant
1627 675 1742 731 inimici
1767 676 1781 731 i
1806 676 1857 732 ait:

103 768 154 821 scit
167 766 316 830 Dominus,
334 765 443 835 quiain
458 766 563 818 sanctis
577 765 719 819 mendatis
742 765 804 834 ejus
824 780 950 836 praeseu·
1004 765 1127 834 Abipss,
1143 764 1238 830 idest,
1254 764 1316 834 ejus
1330 764 1432 835 gratia,
1449 780 1507 818 non
1526 763 1664 834 aseipsis.

103 857 142 910 tia
162 857 233 908 solet
257 853 398 907 contueri.
429 856 459 908 ln
485 855 561 909 Sina.
586 852 732 925 (iliensis.)
757 852 806 906 Vel
831 854 859 905 in
883 852 950 907 Sina
1042 853 1182 908 versib.
1200 881 1235 892 -
1259 851 1391 908 Viderunt
1405 854 1434 906 in
1448 867 1556 921 pressus
1571 857 1643 921 tuos,
1656 852 1735 907 Deus
1764 852 1858 924 (lota.)

103 948 210 1009 sancto,
225 942 252 996 id
270 947 323 1009 est,
339 942 388 1012 qui
402 942 431 995 in
461 941 639 995 Sinamonte
664 941 733 994 otim
752 940 831 994 dedit
845 942 947 1011 legem,
1005 940 1052 994 Vel
1068 940 1121 995 visi
1149 946 1215 994 sunt
1242 955 1357 1011 gressus
1381 940 1432 1006 tui,
1459 940 1542 1007 Deus,
1566 940 1677 1011 quibus
1705 939 1858 995 venistiin

103 1032 255 1104 ipseidem
277 1036 319 1085 est
347 1031 377 1084 in
408 1035 517 1097 sancto,
543 1030 573 1083 id
598 1034 649 1096 esi,
681 1029 805 1095 Christo,
834 1028 884 1099 qui
908 1031 951 1083 est
1004 1028 1156 1083 mundum.
1175 1030 1238 1082 llaec
1252 1029 1344 1099 gratia
1358 1029 1464 1082 latebat
1489 1028 1518 1082 in
1534 1027 1628 1082 Veteri
1656 1029 1856 1084 Testamenta:

102 1119 220 1175 Sanctus
235 1123 409 1173 sanctorum.
1005 1116 1088 1170 modo
1107 1121 1195 1187 patei,
1212 1132 1278 1171 cum
1291 1117 1395 1170 missus
1410 1116 1497 1172 Filius
1510 1115 1706 1170 annuntiator
1720 1118 1753 1170 iu
1762 1116 1857 1186 genti-

139 1210 217 1262 Vens.
245 1210 287 1262 rs.
313 1238 348 1247 —
369 1206 533 1262 ascendisti.
567 1205 658 1274 (Aac.)
684 1205 738 1271 Qui
767 1210 950 1277 propternos
1003 1204 1067 1259 bus.
1084 1204 1350 1271 Oui.l)eus.ls'stin
1376 1211 1480 1264 sancto,
1509 1219 1642 1274 corpore,
1672 1203 1857 1274 liaotpertidi

102 1296 276 1352 erudiendos
300 1295 456 1350 descendit.
482 1294 518 1348 In
541 1296 637 1350 altum.
664 1294 756 1364 Super
776 1310 949 1350 amnescoe-
1003 1292 1197 1359 nonrideant,
1219 1293 1377 1347 secundum
1397 1292 1476 1364 quod
1496 1307 1605 1363 passus.
1637 1293 1673 1346 lu
1688 1291 1857 1360 hoceuam,

103 1387 155 1440 los.
185 1384 290 1453 Cepisti
319 1386 516 1453 captiuitatem.
543 1381 719 1453 (Ces.)Prius
745 1383 822 1453 apud
843 1382 950 1437 interos
1004 1381 1138 1452 patienda
1153 1384 1196 1436 vel
1211 1381 1362 1447 credendo,
1375 1385 1562 1452 praeoenerwt
1583 1396 1633 1435 eos
1643 1380 1806 1452 principes,
1818 1383 1857 1437 sel

102 1479 218 1543 captos:
241 1472 300 1525 haec
326 1476 392 1525 suot
418 1471 519 1542 spolia,
545 1470 702 1526 similitudo
727 1472 883 1541 triumplii;
903 1487 949 1527 ac·
1005 1476 1206 1539 praevenerunt
1219 1470 1255 1525 ad
1269 1477 1296 1524 te
1310 1470 1436 1525 laudem.

103 1565 199 1631 cepisti
220 1562 291 1615 dona
310 1563 339 1614 iu
358 1561 540 1613 hominibusi
562 1564 652 1630 patre,
669 1559 699 1613 id
723 1564 775 1623 est,
797 1559 942 1614 homines.
1042 1559 1122 1612 l'aas.
1153 1561 1198 1614 26.
1226 1589 1260 1599 -
1284 1561 1432 1629 Principes.
1463 1558 1577 1630 (Basia,
1606 1557 1753 1627 dorsis.)
1783 1562 1857 1629 Apo·

102 1652 152 1703 Vel
177 1649 287 1715 dedisti,
316 1648 473 1702 secundum
491 1649 568 1718 quod
592 1649 674 1712 Deus,
692 1648 763 1703 derra
785 1649 947 1714 demiratus,
965 1694 985 1749 Β
1004 1647 1090 1700 stolos
1107 1625 1242 1717 Principes
1265 1649 1402 1718 appellat,
1428 1652 1494 1715 elc.,
1521 1662 1607 1715 usque
1621 1647 1662 1700 ad
1676 1652 1705 1700 et
1719 1648 1857 1717 praedica·

103 1740 181 1809 quod
196 1739 282 1792 etiam
295 1737 328 1790 lit
339 1736 370 1789 in
386 1736 549 1807 triumphis.
1006 1735 1083 1789 tione
1098 1736 1163 1789 illos
1175 1737 1318 1790 consecuti
1340 1743 1417 1789 sunt.
1433 1738 1464 1791 ln
1489 1736 1586 1789 medio.
1603 1734 1729 1789 llinislri
1745 1751 1857 1807 praepa·

139 1829 240 1895 Cepisti
263 1826 458 1894 captiuitatem.
483 1823 577 1893 (Aue.)
606 1824 684 1878 Unde
723 1824 826 1894 captivi
851 1824 949 1879 dicun·
1003 1824 1049 1878 siti
1061 1839 1201 1878 novarum
1217 1823 1402 1879 ecclesiarum
1433 1824 1523 1878 Deum
1552 1823 1750 1890 laudantium,
1775 1840 1857 1879 carne

102 1920 159 1981 tur,
179 1914 247 1984 quia
275 1912 351 1982 eapti
384 1911 492 1965 retibus
518 1912 603 1978 Petri,
629 1917 659 1967 et
685 1911 736 1967 sub
762 1913 822 1967 leve
844 1914 948 1984 jugum
1002 1912 1112 1967 domita
1126 1918 1154 1967 et
1180 1913 1257 1966 corio
1278 1913 1382 1967 siccato
1408 1913 1442 1966 ab
1469 1913 1590 1967 humore
1617 1912 1742 1982 peccati,
1768 1918 1856 1968 etex·

102 2003 196 2057 missi:
222 2001 298 2055 uude
324 2001 354 2054 in
383 2001 436 2054 hoc
451 2016 536 2054 curru
560 2011 628 2054 sunt
654 2000 745 2055 millia
768 2002 947 2068 laetantiums
1002 2005 1200 2070 tensoaruga
1222 2000 1407 2072 duplicitatis.
1491 2046 1495 2051 .

103 2107 161 2146 non
172 2090 358 2160 plorantium.
1038 2089 1121 2143 Vens.
1151 2092 1196 2144 27.
1227 2119 1262 2130 -
1283 2091 1314 2144 ln
1340 2091 1459 2144 ecclesiis
1482 2089 1639 2143 benedicite.
1671 2088 1766 2160 (cis.)
1799 2090 1857 2146 ois-

150 2179 296 2247 Accepisti.
331 2171 434 2231 Paulus
467 2176 622 2245 apostolica
658 2177 836 2246 auctoritate,
879 2184 948 2248 etc,
1002 2175 1122 2247 psalma.
1136 2178 1271 2232 Precutur
1285 2182 1314 2232 et
1331 2177 1466 2245 affirmat,
1494 2183 1525 2232 ut
1540 2177 1602 2232 haec
1613 2177 1748 2248 inceptio
1759 2180 1853 2235 dilele-

101 2267 235 2337 usquead
251 2282 257 2320 :
274 2264 350 2332 Quod
364 2267 413 2318 uni
426 2280 460 2318 ea
475 2267 598 2319 minimis
612 2267 812 2334 tentabamini
833 2269 946 2332 secutis
1003 2271 1050 2319 tur
1062 2270 1091 2319 et
1104 2265 1299 2333 coutirmetur,
1319 2282 1373 2337 pro
1388 2283 1445 2338 qua
1459 2272 1490 2320 et
1513 2265 1643 2321 haeretiei
1657 2266 1851 2324 destruantur.

137 2357 218 2410 Vens.
234 2357 282 2409 20.
301 2383 335 2394 -
355 2352 482 2418 Quotidie
505 2351 601 2422 (ibid.)
616 2351 689 2416 Quia
708 2352 835 2423 quotidie
859 2353 949 2424 eapti·
1003 2353 1096 2422 (tos.)
1118 2355 1156 2407 ln
1181 2355 1308 2409 scennis.
1338 2356 1402 2409 llaec
1437 2360 1504 2409 sunt
1525 2354 1690 2425 juvenculae
1716 2357 1849 2427 tympani.

99 2448 147 2498 vat
160 2441 286 2513 captivos
304 2457 395 2511 usque
415 2440 445 2494 iu
460 2440 548 2494 linem
573 2441 680 2494 saeculi.
696 2440 731 2494 Et
753 2441 949 2510 qulacurrum
1002 2441 1090 2507 strias,
1102 2458 1138 2496 ne
1152 2443 1218 2514 quis
1229 2443 1382 2498 carnaliter
1396 2443 1498 2498 choros
1522 2443 1647 2498 luxuries
1671 2445 1793 2516 migitet.
1810 2447 1852 2500 &-

100 2532 183 2586 illum
211 2530 289 2585 ducit
321 2532 351 2583 in
379 2529 473 2597 finem,
499 2528 580 2582 addit
615 2543 776 2597 prosperum
799 2535 859 2583 iter.
884 2531 948 2586 lter.
1003 2531 1096 2584 elestae
1116 2531 1224 2601 quippe
1244 2532 1544 2588 suntadolescentulae
1573 2547 1649 2588 nova
1664 2534 1764 2604 graba
1779 2535 1855 2590 decu

102 2621 221 2676 Cursum
234 2619 309 2684 vitm,
327 2633 391 2688 quoe
406 2632 471 2670 vere
494 2615 675 2687 prlisperum,
701 2632 764 2671 cum
782 2618 838 2672 dux
851 2618 888 2672 sit
901 2634 950 2672 sa-
1003 2623 1081 2672 ratae.
1098 2619 1276 2685 lsrecclesiis,
1306 2636 1365 2675 non
1386 2620 1465 2686 alibi,
1491 2619 1599 2676 nonin
1628 2620 1695 2675 aliis
1710 2623 1855 2677 eonsenti-

101 2708 212 2764 lotaris.
1003 2707 1085 2763 culis.
1106 2710 1277 2773 beientibus
1301 2709 1396 2764 lsrael.
1413 2702 1498 2779 (Ges.)
1521 2709 1555 2763 Ut
1582 2708 1619 2764 ad
1638 2725 1746 2765 eorum
1767 2710 1856 2765 imita

136 2798 217 2851 Vsus.
233 2798 278 2849 tl.
305 2823 340 2834 -
366 2796 436 2848 Deus
464 2798 562 2848 noster.
590 2792 678 2863 (Cas.)
708 2793 877 2864 Diapsulma.
894 2795 949 2848 Ex·
1003 2794 1114 2848 tionem
1136 2795 1305 2864 praedicetis,
1337 2812 1402 2867 qum
1417 2796 1513 2850 decet:
1543 2797 1697 2868 quiasunt
1712 2799 1857 2869 principes

101 2885 182 2957 pouit
213 2882 405 2953 operationes,
431 2897 496 2945 quae
531 2897 563 2935 ex
602 2880 770 2952 supradictis
793 2883 949 2937 eveniant:
1004 2882 1366 2954 ltdei,speietcharitatis,
1384 2889 1411 2940 el
1439 2900 1493 2954 per
1506 2885 1561 2940 boc
1575 2885 1743 2957 benjamin,
1758 2887 1788 2942 id
1806 2891 1854 2952 est,

100 2973 300 3046 conquassatio
313 2972 507 3037 inimicorum,
532 2970 732 3025 conversiones
742 2973 923 3043 peccantium
940 2989 947 3039 ;
964 2976 984 3032 c
1002 2971 1079 3026 iilius
1093 2970 1214 3026 dextrae.

72 3077 76 3086 ·
100 3064 237 3134 martyria
260 3062 296 3116 ab
315 3066 436 3131 utroque
467 3074 544 3114 sexu.
571 3060 666 3124 Satoos
692 3062 824 3126 [actardi.
852 3060 946 3133 (Auo.)
1037 3059 1119 3113 Vens.
1146 3061 1189 3114 28.
1213 3091 1247 3100 —
1281 3062 1322 3115 lbi
1354 3061 1508 3131 serpente,
1535 3067 1588 3117 etc.
1618 3065 1774 3133 Principes,
1803 3069 1852 3119 etc

101 3151 287 3207 Commendat
315 3148 447 3220 gratiam,
481 3148 550 3218 quia
580 3149 676 3202 uultus
698 3151 792 3202 salsus
815 3150 869 3220 nisi
895 3165 948 3220 per
1000 3148 1099 3220 (Itid.)
1121 3150 1456 3216 Pernominatribuum,
1484 3152 1629 3208 Christum
1650 3158 1681 3208 et
1705 3156 1853 3225 Apostolos

102 3256 169 3294 eom
186 3257 193 3306 ;
209 3238 259 3293 sed
275 3254 310 3291 ne
325 3237 410 3303 dicas,
427 3237 562 3307 Curergo
578 3236 945 3306 uioritrrri‘tpetientert'er,
1000 3236 1117 3291 indicat.
1147 3239 1201 3303 lbi,
1226 3239 1336 3294 scilicet
1361 3239 1392 3294 iu
1418 3240 1528 3311 templo
1558 3241 1727 3296 Jerusalem
1755 3243 1799 3298 sel
1825 3243 1854 3297 in

102 3333 130 3381 et
145 3331 336 3380 mortemnon
364 3324 520 3394 indigueris
543 3324 653 3394 quiaet
678 3324 946 3395 llomini,·quisine
1000 3325 1132 3380 Ecclesia.
1150 3327 1350 3398 Interpretatio
1365 3327 1451 3382 etiam
1469 3328 1622 3383 nominum
1637 3329 1774 3385 Ecclesiae
1789 3347 1851 3385 cen·

102 3413 293 3487 peccatofuit,
319 3411 410 3467 exitus
437 3428 494 3465 non
510 3413 593 3476 alius,
619 3412 829 3482 quammortis,
849 3418 947 3467 tamen
1000 3414 1083 3468 venit.
1101 3414 1186 3486 (Cas.)
1215 3416 1321 3471 Forsan
1344 3433 1379 3471 ex
1406 3416 1451 3471 his
1480 3417 1611 3472 tribubus
1642 3417 1852 3489 fueruntdpo-

102 3503 257 3568 voluntate,
273 3517 310 3555 ne
330 3502 415 3554 homo
430 3499 543 3554 timeret
564 3506 696 3554 mortem.
717 3500 822 3555 Exitus
839 3503 944 3555 mortis.
999 3503 1061 3567 toli,
1072 3506 1139 3567 etc,
1154 3519 1239 3573 usque
1254 3504 1292 3558 ad
1307 3522 1314 3558 ε
1330 3504 1720 3573 contessieinfide.scrtituda
1739 3508 1771 3562 in
1794 3523 1851 3578 spe,

101 3592 189 3662 (Cas.)
216 3591 246 3644 ld
274 3593 326 3656 est,
355 3588 535 3656 resurrectio,
561 3605 595 3642 ne
624 3589 752 3658 queraris
779 3588 814 3643 de
840 3593 943 3655 niorte,
999 3589 1116 3644 latitudo
1153 3591 1184 3644 in
1212 3592 1359 3647 charitate.
1395 3594 1431 3646 ln
1458 3595 1554 3648 mentis
1577 3595 1697 3661 caestu,
1730 3611 1791 3661 seu,
1812 3599 1850 3660 ut,

100 3680 168 3751 quia
191 3669 319 3734 Christus
341 3676 519 3745 iudeeaivit,
540 3681 569 3731 et
596 3677 663 3731 inde
691 3676 771 3730 exire
799 3676 886 3732 dedit.
903 3677 945 3733 Ne
999 3677 1390 3748 proprieestGraecadictio,
1407 3685 1460 3736 etc.
1478 3696 1563 3751 usque
1590 3682 1630 3737 ad
1654 3687 1686 3738 ut
1710 3682 1804 3740 tidelis
1821 3698 1850 3738 ac

100 3766 380 3838 malapertinacium
399 3765 496 3819 credas
525 3764 678 3833 impunita,
707 3765 813 3834 subdit,
830 3781 944 3820 verum-
999 3766 1125 3835 prudens
1142 3766 1323 3836 distributor,
1338 3768 1446 3824 divisit.

99 3856 325 3925 tameucapita;
350 3851 523 3924 superbiam,
541 3853 585 3906 vel
611 3858 742 3907 auctores
757 3853 882 3909 iudaicae
897 3871 944 3909 se·
1035 3852 1114 3908 Vsus.
1144 3854 1192 3909 29.
1222 3885 1256 3894 -
1285 3856 1469 3912 Mandalleus
1494 3860 1607 3913 obtutis
1633 3859 1849 3929 tuas.(1bid.)0

99 3943 212 4008 ctionis,
229 3943 270 3995 vel
289 3941 447 4007 seditionis,
468 3942 512 3996 vel
528 3942 654 3995 haeresis.
998 3940 1083 4007 Deus,
1099 3942 1215 3996 notitlca
1231 3943 1345 4008 Filium,
1361 3944 1444 4015 quasi
1472 3945 1548 4015 quod
1559 3945 1681 4001 enuntio
1708 3947 1848 4016 loturum,

136 4033 214 4085 Vana.
245 4033 289 4084 22.
314 4061 348 4068 -
380 4031 510 4084 verticem
537 4030 644 4098 capilii.
685 4029 774 4109 (ibid.)
802 4029 944 4083 versutias
997 4029 1113 4098 pertice.
1128 4030 1185 4098 Vel,
1201 4033 1300 4086 uirtuti
1315 4037 1375 4094 tuae,
1388 4032 1417 4087 id
1432 4037 1484 4099 est,
1509 4033 1705 4090 fortibustuis
1720 4035 1847 4107 injunge,

98 4115 229 4170 inanium
250 4116 453 4187 quaestionum,
470 4132 535 4187 quae
563 4116 634 4170 tales
648 4115 812 4170 inimicitias
835 4117 944 4170 calum·
998 4122 1030 4170 ut
1046 4123 1073 4170 te
1101 4119 1280 4174 annuntient.
1307 4121 1399 4191 Vel,0
1429 4123 1524 4190 Pater,
1547 4122 1653 4178 mande
1682 4128 1847 4196 tuumopus

99 4203 213 4258 uiarum
228 4209 371 4274 quaerunt,
400 4210 432 4257 ut
445 4204 563 4274 capillos
589 4203 737 4258 videantur
759 4205 940 4273 perscrutari.
1000 4207 1098 4260 uirtuti
1112 4211 1174 4277 tre,
1206 4208 1286 4277 Filio,
1317 4209 1360 4263 vel
1386 4209 1507 4280 Spiritui
1540 4213 1646 4267 sancta.
1664 4211 1844 4284 (nuation-

134 4293 214 4347 Vsas.
228 4294 273 4347 23.
291 4321 324 4331 —
338 4294 383 4346 lla
394 4293 494 4346 Basan.
523 4291 616 4362 (noe.)
631 4291 660 4346 ld
688 4296 740 4356 est,
768 4292 945 4358 contusione,
999 4296 1109 4350 mendm
1123 4299 1194 4354 esaim
1209 4298 1282 4353 Deus
1297 4299 1457 4354 clamatam
1468 4314 1547 4354 suan
1560 4302 1590 4355 in
1604 4301 1698 4369 nobis,
1711 4305 1843 4373 quoniam

97 4384 162 4447 etc,
179 4394 263 4448 usque
281 4378 318 4433 ad
330 4381 366 4433 ad
383 4394 439 4443 eos,
457 4379 507 4449 qui
533 4382 614 4432 eraut
628 4378 859 4448 desperatissimi.
999 4399 1059 4438 cum
1079 4391 1230 4454 peccatores
1253 4402 1378 4454 essemus,
1406 4389 1530 4446 ctesias
1556 4404 1608 4459 pro
1636 4391 1843 4448 saturnalia

134 4468 213 4521 vans.
234 4466 326 4522 sa-
351 4469 398 4521 Pes
424 4473 496 4521 tuus.
526 4465 617 4537 (lbid.)
629 4467 659 4520 ld
675 4471 727 4533 est,
744 4473 775 4522 ut
797 4468 848 4538 qui
861 4468 944 4538 prius
999 4475 1153 4544 estzquod
1178 4474 1253 4529 bene
1281 4480 1311 4530 et
1333 4473 1511 4530 confidenter
1536 4482 1609 4532 orat.
1633 4480 1774 4548 confirma
1791 4481 1842 4543 tos,

96 4561 178 4611 erant
206 4553 326 4621 inimici,
347 4554 418 4608 liant
435 4569 483 4624 pes
498 4561 570 4619 tuus,
594 4554 774 4625 praedicando
797 4573 888 4627 usque
909 4557 944 4613 ad
998 4563 1077 4628 Deus,
1092 4562 1164 4630 qued
1182 4568 1309 4632 operatus
1328 4578 1365 4618 es.
1387 4563 1562 4635 Incipiendo.

96 4644 278 4716 sanguinem,
313 4642 430 4711 scilicet,
464 4643 609 4713 usquead
636 4649 757 4698 mortem
774 4660 781 4698 ε
797 4651 826 4698 et
853 4660 943 4701 canes.
1034 4650 1172 4705 Vans.3tl.
1197 4679 1234 4692 —
1259 4653 1284 4707 Α
1310 4654 1406 4722 tempta
1425 4657 1516 4708 tasin
1532 4654 1702 4712 sennen.
1726 4655 1795 4721 Qun
1807 4658 1842 4710 est

95 4750 148 4804 pro
166 4735 223 4788 lieo
240 4734 385 4793 latrantes,
406 4731 455 4800 qui
468 4731 551 4786 edunt
576 4731 609 4785 ite
635 4733 724 4800 micis,
737 4739 791 4788 etc.
806 4734 854 4788 Pes
870 4740 942 4789 tuus.
999 4735 1100 4805 libera,
1116 4742 1208 4792 oreter
1223 4744 1330 4808 nostra,
1342 4756 1408 4811 quie
1423 4744 1466 4794 est
1481 4740 1632 4812 templum,
1659 4757 1749 4814 equo
1765 4758 1841 4800 omne

97 4822 199 4876 lltisoli
214 4823 250 4876 ad
267 4821 394 4876 oflicium
414 4819 564 4891 regiminis
591 4820 755 4875 assumendi
784 4826 861 4887 sunt,
893 4824 944 4895 qui
997 4824 1096 4879 datum
1111 4825 1326 4895 optimum3ab
1354 4828 1404 4882 illo
1426 4844 1494 4899 erge
1518 4829 1636 4900 templo.
1651 4832 1738 4899 ltepes
1762 4837 1840 4887 terra.

95 4911 173 4981 quod
186 4909 360 4980 percipiunt,
376 4908 438 4962 aliis
454 4910 620 4979 predicant,
634 4909 684 4979 qui
703 4909 837 4963 manibus
852 4911 943 4965 bone·
997 4914 1046 4966 Vel
1062 4913 1197 4983 speciales
1211 4913 1264 4969 tibi
1282 4915 1403 4969 otlerent
1431 4932 1561 4982 munera,
1576 4916 1607 4972 id
1635 4923 1689 4987 est,
1713 4918 1842 4976 sacrificis

94 5014 158 5051 rum
169 5012 290 5068 operum
315 5004 519 5066 exsequuntur,
545 4998 618 5066 quod
637 5012 685 5050 ore
713 4996 880 5067 praedicant,
898 4999 941 5053 vel
996 5000 1098 5056 laudis.
1114 5001 1166 5056 Sed
1182 5003 1251 5074 quie
1263 5003 1330 5058 huie
1350 5004 1427 5059 laudi
1440 5003 1612 5075 obstrepunt
1638 5006 1782 5063 haeretici.

94 5085 305 5152 doeent3unde
326 5084 357 5138 in
385 5083 517 5138 Levitico.
546 5085 582 5138 Os
609 5084 730 5138 turturis
758 5089 943 5156 retorquetur
1033 5090 1111 5143 Vens.
1137 5093 1181 5145 3t.
1200 5119 1237 5133 -
1261 5093 1378 5162 Increpa
1412 5095 1487 5159 seras
1515 5093 1676 5152 arundinis.
1710 5094 1840 5168 (duelli

93 5177 129 5228 erl
145 5173 270 5229 ascellas.
996 5183 1047 5244 est,
1063 5194 1112 5233 eos
1133 5178 1184 5250 qui
1212 5186 1365 5236 moventur
1375 5181 1455 5239 omni
1483 5187 1568 5237 vento
1582 5182 1734 5241 doctrinm.
1750 5189 1784 5243 tlt
1801 5201 1839 5240 ea·

128 5264 160 5317 ln
189 5262 330 5329 sanquine.
356 5259 469 5331 (Rasin.)
496 5260 636 5324 Quoniam
675 5259 800 5315 ostendit
837 5260 939 5330 Deum,
996 5266 1107 5320 cludant
1126 5271 1228 5336 eosqui
1248 5269 1359 5337 probati
1372 5275 1445 5325 sunt.
1468 5271 1583 5327 llocest
1598 5273 1678 5344 quod
1700 5276 1838 5346 apostolo

92 5353 157 5410 etc..
174 5364 258 5419 usqae
286 5348 324 5402 od
340 5364 346 5402 :
363 5353 389 5402 ct
416 5364 474 5402 cum
501 5364 543 5402 eos
572 5352 713 5417 vincerem,
739 5363 851 5418 aspersa
874 5357 941 5408 sunt
995 5353 1053 5407 ait:
1069 5356 1122 5425 Qui
1136 5356 1249 5425 probati
1261 5361 1335 5425 sunt,
1349 5360 1491 5426 manifesti
1502 5363 1571 5429 liant
1593 5361 1619 5432 (l
1634 5365 1699 5420 cor.
1723 5367 1763 5434 rr]
1780 5385 1787 5432 ;
1806 5361 1837 5416 su

90 5438 249 5491 uestimenta
276 5452 345 5491 mea.
373 5439 486 5492 Canum.
517 5437 607 5505 (Aue.)
634 5436 666 5491 ln
694 5453 799 5508 magno
842 5454 938 5493 sacra·
994 5442 1115 5497 avaccis
1129 5443 1280 5500 excludant
1296 5447 1426 5517 probati.
1443 5449 1514 5503 Nam
1548 5449 1677 5518 stabiles,
1710 5452 1840 5520 tortesst

91 5529 191 5582 mento
214 5539 264 5582 eos
285 5525 390 5580 docere
411 5525 509 5595 iussus
532 5528 574 5580 est
601 5525 727 5596 Gedeon,
752 5525 803 5600 qui
830 5530 864 5584 ut
890 5544 938 5585 cs-
994 5546 1093 5602 graves
1107 5547 1164 5589 nan
1179 5532 1287 5591 habent
1298 5535 1434 5594 seducere
1452 5539 1617 5609 immuta
1631 5543 1717 5608 oraui
1729 5539 1839 5598 laudale
