3892 6106
57 249 114 302 953
628 245 757 303 classa
775 245 980 302 illllilllhlllh.
999 272 1036 287 ·-
1055 243 1120 300 bill.
1143 242 1265 302 asaele
1763 247 1818 303 etl

61 366 181 421 ustione
192 369 221 419 et
235 363 453 433 resurrectione,
470 365 546 436 quod
573 363 1041 422 iuie1·ieradocent.Om-lldum
1065 368 1217 436 utramque
1248 369 1392 419 naturam.
1426 364 1512 436 (Cas.)
1539 367 1661 431 Quartus
1691 368 1817 438 psalmus

57 471 134 509 nem.
149 453 244 524 (Aac.)
256 452 328 517 Quia
343 452 367 506 si
390 453 523 508 laudunus
550 453 581 507 in
606 453 739 508 omuibus
754 454 827 522 aliis,
840 468 914 508 nou·
970 452 1004 506 de
1015 453 1126 508 duabus
1140 453 1253 508 naturis
1264 452 1367 508 Christi
1391 457 1491 508 monet
1510 457 1541 508 ut
1563 454 1705 509 Christum
1718 470 1816 510 rerum

60 543 175 597 domin
204 557 238 596 eo
254 541 330 614 quod
347 541 494 596 suscitavit
518 557 633 595 curnem
648 546 777 595 uestrum
793 541 822 595 iu
838 541 913 596 riam
971 542 1060 595 lleum
1083 545 1112 594 et
1130 556 1230 596 verium
1256 541 1404 595 homiuem
1428 557 1525 612 rogem
1552 542 1713 611 credamus,
1738 546 1818 598 etesi

60 639 211 697 aeternam,
235 647 301 702 qum
326 635 369 684 est
395 631 458 685 leus
495 629 606 701 adjecta
634 645 686 701 pro
706 631 913 685 resurrectione
969 628 1304 700 prophetiudecuristo.

60 719 175 775 Christi.
190 718 239 774 Vel
254 718 348 773 omnis
370 719 431 772 laus
446 723 531 785 esset,
549 723 578 772 et
602 718 673 772 nihil
699 718 912 787 luudidcesset,
1005 718 1085 772 Vens.
1117 720 1143 772 2.
1181 718 1293 772 -Deus
1318 717 1465 787 judicium.
1497 718 1583 789 (aas.)
1624 720 1663 773 De
1696 719 1814 790 judicio,

60 809 83 861 si
101 809 252 862 damnaret
278 812 438 877 peccantes,
458 807 525 878 quia
547 805 659 877 justitia
675 809 766 872 esset;
781 807 829 861 sed
845 806 914 878 quie
968 804 1094 874 aplaudo
1106 804 1177 858 illud
1193 804 1255 859 duri
1280 804 1358 859 Filio.
1384 808 1525 860 iustitiam
1548 811 1631 874 tuam,
1646 812 1699 860 ete.
1718 805 1814 878 (hue)

59 897 153 951 ethus
168 895 290 950 liberas:
307 895 449 965 Adjiciam
476 910 558 965 super
580 910 683 950 omnem
705 895 812 950 laudem
827 900 911 950 tuam.
969 893 1041 946 Nota
1055 891 1240 963 repetitiones
1250 892 1389 963 ejusdem,
1418 894 1463 947 vel
1479 893 1543 948 eliis
1571 895 1674 961 verbis,
1690 895 1813 950 multum

97 985 178 1038 'tuus
196 984 334 1040 tiu-Os
360 998 446 1038 meum
470 983 913 1056 annuntiabitjustitiam.lilhri·
968 981 1171 1035 commendant
1200 980 1296 1035 diviua
1320 980 1444 1053 eloquia,
1472 997 1537 1053 qum
1561 982 1684 1037 munima
1704 983 1816 1038 suutiu

61 1080 150 1142 stum,
166 1072 213 1126 sed
235 1088 269 1126 ue
283 1071 366 1126 aliter
381 1071 531 1147 acciperes,
542 1073 622 1127 addit
637 1074 784 1130 :satutare
798 1073 915 1138 Quare?
968 1069 1106 1139 psalmis:
1131 1073 1159 1124 et
1187 1068 1216 1122 iu
1245 1085 1280 1123 eo
1309 1085 1413 1141 genere
1444 1072 1593 1135 sermonis.
1619 1087 1676 1143 quo
1700 1071 1817 1126 affectus

61 1162 213 1233 quianon
238 1160 412 1232 approbatur
434 1177 470 1215 ex
502 1161 637 1232 operibus
664 1162 735 1232 legis
762 1161 914 1233 justificari
969 1156 1298 1213 animiestmovendus.

61 1264 250 1321 quemquam.
268 1248 301 1302 Et
327 1247 460 1302 horest:
481 1251 614 1320 Quoniam
638 1265 692 1305 nan
719 1250 914 1320 eognovilitte·
999 1246 1080 1299 Vnus.
1099 1248 1125 1301 3.
1151 1275 1186 1287 -
1212 1248 1323 1302 Montes.
1350 1248 1447 1316 (duo.)
1479 1248 1641 1319 Prophetes,
1675 1247 1817 1319 Apostolis

59 1344 196 1405 rotarum,
214 1337 241 1391 id
267 1340 320 1403 est,
335 1336 443 1407 figuras
458 1337 530 1407 legis
554 1353 606 1408 per
621 1337 695 1409 quod
718 1338 786 1392 fiam
801 1343 912 1409 pateus.
968 1333 1018 1405 qui
1033 1334 1104 1388 emto
1126 1334 1276 1389 altitudine
1303 1336 1487 1406 proximaut;
1506 1352 1601 1406 pacem
1626 1336 1816 1392 nuntiandum

63 1429 130 1481 Tota
142 1426 194 1480 die.
213 1424 305 1496 (huo.)
317 1426 363 1479 Vel
384 1425 434 1485 ita,
451 1429 522 1488 ele„
554 1441 640 1495 usque
661 1426 831 1498 adjustitiae
854 1443 913 1481 ser·
968 1421 1180 1492 populalideli,
1211 1421 1365 1476 Christum.
1390 1426 1425 1478 Et
1444 1425 1532 1479 eolles
1561 1424 1816 1495 Suscipiantjusti·

62 1516 130 1569 rint.
148 1516 283 1580 Quoniam
301 1530 355 1569 non
372 1517 484 1583 eepnovi
507 1516 699 1570 litteraturam.
716 1516 786 1586 (lu.)
811 1515 914 1571 Pradi-
969 1514 1046 1577 tiam,
1060 1510 1088 1565 id
1103 1515 1156 1576 est,
1171 1510 1329 1580 Christum,
1345 1512 1387 1565 vel
1410 1517 1511 1567 montes
1540 1528 1632 1583 pacem
1652 1515 1774 1583 papatu:
1789 1517 1818 1568 et

61 1603 132 1657 cabo
160 1602 279 1656 satutem
311 1605 390 1655 tuum
412 1607 473 1656 tota
500 1601 558 1668 die,
579 1605 645 1669 ete,
675 1603 816 1673 usquead
845 1603 948 1693 quiaB
967 1602 1047 1657 calles
1068 1601 1103 1655 de
1130 1600 1260 1670 utrisque
1284 1599 1518 1672 predicatoribus
1541 1601 1768 1671 procedentibus
1788 1604 1817 1656 et

61 1691 161 1746 habitu
178 1689 311 1744 iuventus
333 1693 376 1744 est
398 1693 429 1744 ut
456 1691 543 1745 homo
569 1689 680 1762 (Philip.
709 1690 750 1762 u),
780 1694 809 1746 el
819 1690 911 1763 surgit
967 1689 1155 1762 sequentibus
1183 1688 1261 1744 dic'it.
1295 1689 1345 1744 Vel
1372 1691 1526 1759 amcipr'ant
1558 1694 1669 1756 mantes,
1708 1689 1738 1744 id
1763 1693 1816 1761 est,

63 1783 203 1834 mortuus.
964 1779 1097 1850 majores.

105 1867 186 1920 Vsus.
215 1869 258 1933 t7,
280 1868 322 1921 l8.
348 1867 529 1921 —Docuisti
556 1866 642 1938 (Cas.)
672 1867 725 1920 Per
747 1867 846 1936 libros,
866 1867 910 1921 rel
1000 1867 1107 1922 Pacem.
1138 1867 1264 1921 Verbum
1292 1868 1544 1937 reconciliationis,
1565 1867 1671 1922 seilicet
1699 1866 1816 1922 verbum

62 1954 230 2026 inspirando
241 1969 332 2026 usque
344 1970 440 2009 uirnc:
458 1970 512 2025 per
534 1955 626 2027 spatia
645 1959 808 2026 temporum
823 1954 912 2010 crevit
966 1955 1122 2025 Evangelii,
1143 1955 1177 2010 ad
1192 1956 1247 2010 hoc
1261 1960 1294 2011 ut
1307 1957 1444 2012 nuntient
1456 1958 1575 2029 populo.

62 2045 202 2099 doctrina.
220 2043 371 2098 Mirabilia.
392 2044 474 2108 Quod
496 2043 532 2098 de
554 2043 654 2116 iniquo
673 2044 778 2115 Justus.
800 2044 913 2100 limati·
1001 2044 1041 2097 Et
1055 2044 1143 2098 colles.
1161 2044 1190 2098 ld
1215 2045 1267 2107 est,
1296 2044 1422 2100 minores
1435 2062 1442 2112 ;
1455 2035 1609 2117 justitiam,
1634 2045 1664 2099 id
1679 2049 1732 2113 est,
1748 2045 1816 2100 obe·

61 2134 111 2188 lic.
124 2131 221 2202 (Aac.)
236 2131 310 2196 Quid
325 2130 485 2186 mirabilius
504 2147 591 2203 quum
604 2134 734 2186 mortuos
749 2132 912 2188 suscitare?
965 2131 1114 2198 dieutiam,
1128 2135 1161 2186 ut
1171 2131 1307 2186 obediant
1320 2132 1458 2187 doctrinm
1471 2133 1607 2188 veritatis.

60 2224 129 2282 ete,
145 2234 231 2289 usque
256 2219 294 2273 ad
315 2219 368 2274 hoc
394 2223 466 2274 esta
491 2219 641 2289 juveutute
656 2223 685 2274 et
710 2236 796 2276 aune.
811 2223 912 2276 luoru-
1004 2222 1090 2275 Tuum
1105 2223 1133 2274 et
1160 2225 1218 2275 tuos
1247 2220 1378 2288 diceudo,
1399 2223 1525 2277 ostendit
1544 2221 1642 2277 omnia
1668 2238 1733 2294 quae
1751 2224 1819 2278 sunt

60 2308 211 2378 lutetia.)
235 2307 331 2379 Aliqui
356 2313 457 2362 uotaut
479 2311 603 2378 quatuor
620 2313 752 2380 tempora
773 2309 912 2376 Ecclesiae,
968 2308 1168 2365 Patrisesseet
1182 2307 1253 2371 Filii,
1268 2313 1296 2362 et
1309 2325 1324 2363 e
1339 2324 1487 2364 converso.

60 2395 156 2467 aliqui
175 2400 286 2450 tautum
302 2397 357 2451 tria
376 2396 525 2468 distingui,
551 2398 628 2452 idem
652 2398 844 2469 significantes
862 2413 915 2469 per
1004 2399 1084 2453 Vens.
1102 2397 1339 2453 t.-··ludicabit
1346 2413 1481 2468 pauperes
1494 2398 1598 2468 populi.
1629 2397 1712 2469 (Cas.)
1737 2398 1817 2454 ldem

59 2501 135 2541 nuuc
151 2487 179 2539 et
193 2489 336 2540 senectam.
353 2484 573 2556 Uudejureutus
590 2484 719 2540 Ecclesiae
733 2485 914 2557 luitquaudo
969 2485 1030 2556 agit
1044 2487 1078 2540 de
1096 2484 1197 2540 eodem
1217 2485 1324 2557 judicio
1339 2483 1521 2541 affirmando.
1545 2487 1612 2541 Post
1626 2485 1816 2557 optationem,

61 2571 156 2626 virtus
204 2577 363 2644 martyrum
396 2573 552 2628 dimicavit.
596 2573 681 2645 (Cas.)
727 2573 915 2644 Progredirus
969 2574 1075 2628 virtute
1117 2573 1289 2645 prophetiae,
1331 2573 1491 2645 dicitque
1535 2573 1658 2628 adventu
1701 2573 1817 2628 llomiui

66 2675 134 2714 sero
149 2664 274 2732 tempus,
293 2676 379 2728 uiroc,
396 2676 461 2716 cum
478 2662 549 2716 fides
569 2676 621 2732 per
636 2661 773 2716 Ecclesias
790 2661 914 2733 prolicit.
969 2661 1142 2734 prestanda.
1171 2661 1266 2732 (huo.)
1289 2662 1338 2715 Vel
1371 2662 1529 2716 secuudum
1550 2662 1636 2716 alium
1672 2661 1816 2717 litteram:

66 2747 167 2820 (hun.)
182 2749 312 2816 Senecta,
338 2749 367 2804 id
382 2754 434 2817 est,
459 2749 646 2819 gravissim,
669 2751 784 2822 quando
798 2750 916 2822 incipiet
970 2753 1084 2807 iustitia
1103 2751 1241 2821 judicabit
1260 2766 1417 2821 pauperem.
1437 2751 1492 2806 Sed
1514 2751 1627 2806 codices
1648 2750 1698 2822 qui
1713 2749 1820 2810 habeut

65 2839 218 2908 frigescere
239 2838 362 2893 charitas
386 2839 555 2905 multorum,
579 2855 643 2893 cum
665 2839 764 2893 muudi
785 2845 916 2910 tempora
971 2840 1001 2894 iu
1034 2839 1128 2894 littera
1157 2839 1249 2910 magis
1270 2839 1473 2910 approbantur.
1505 2841 1637 2911 Pauperes
1660 2840 1764 2910 papuli.
1786 2838 1817 2894 ld

63 2927 243 2981 decrescunt.
267 2927 386 2982 Senium.
414 2927 499 2998 (Cas.)
527 2926 682 2982 Oceiduum
707 2930 832 2997 tempus,
849 2931 913 2992 etc,
930 2913 952 2969 C
971 2932 1022 2994 est,
1039 2927 1147 2998 eosqui
1163 2942 1304 2998 pauperes
1318 2926 1349 2980 iu
1363 2926 1478 2997 populo,
1497 2926 1528 2980 iu
1541 2943 1598 2999 quo
1612 2926 1680 2982 boni
1690 2927 1818 2999 malique

62 3015 198 3086 usquead
215 3019 313 3069 contra
326 3031 398 3087 quos
411 3014 569 3070 Dominus:
590 3015 732 3071 Vobiscum
757 3030 817 3070 sum
830 3031 916 3084 usque
970 3014 1125 3069 commisti.
1170 3014 1334 3070 Humiliadit
1372 3015 1602 3070 calumniatorem.
1639 3017 1713 3070 llum
1740 3015 1818 3072 enim

59 3105 101 3157 uel
125 3106 379 3159 consummationem
401 3104 503 3170 seculi,
529 3105 694 3174 etc.(llattt
715 3105 784 3176 xxi).
808 3134 843 3143 ·-
863 3106 913 3159 llo·
970 3102 1063 3175 gratia
1082 3119 1135 3157 sua
1162 3102 1288 3173 adjuvat,
1317 3107 1382 3167 ete,
1414 3117 1499 3172 usque
1517 3103 1556 3158 ad
1576 3103 1626 3175 qui
1649 3105 1818 3160 innocentes

59 3209 111 3248 neo
125 3195 283 3247 annuntiem
307 3192 447 3248 bruelium
471 3197 551 3247 tuun.
585 3192 674 3263 (Cas.)
691 3193 763 3247 llum
794 3208 846 3264 per
869 3193 914 3247 iu·
970 3192 1074 3246 nititur
1087 3191 1201 3246 trahere
1212 3191 1244 3246 iu
1265 3191 1389 3262 colpum.
1419 3191 1564 3263 (Brauon,
1581 3194 1662 3265 ilua.)
1689 3195 1749 3252 Vel.
1767 3195 1818 3250 ltu·

59 3278 261 3333 earnaliouem
290 3279 415 3351 captivos
438 3279 550 3335 liberat.
580 3281 614 3335 El
629 3279 771 3351 justitiam
796 3281 913 3352 j..dicii‚
968 3280 1098 3349 mittebar,
1112 3284 1150 3343 et,
1166 3279 1376 3343 melodimate,
1391 3282 1631 3350 permanebitcum
1652 3283 1706 3336 sole
1721 3283 1818 3353 splen·

63 3366 207 3438 puniendi
233 3367 341 3422 seilicet
367 3384 424 3440 qua
463 3368 612 3424 bominem
640 3374 806 3440 peccantem
836 3369 914 3441 justo
971 3368 1042 3435 dor;
1063 3368 1092 3423 id
1119 3372 1171 3434 est,
1192 3368 1281 3422 Filius
1304 3383 1369 3422 eum
1382 3370 1478 3435 Putre,
1505 3369 1655 3425 sedensad
1672 3370 1817 3425 dexteram

56 3455 309 3530 judiciudemuat.
970 3457 1087 3515 Putris
1080 3472 1109 3512 ru
1136 3462 1287 3525 auruum,
1310 3457 1364 3512 hoc
1392 3461 1520 3513 estante
1549 3459 1651 3526 lunum,
1676 3458 1706 3512 iu
1735 3473 1819 3530 gene

97 3545 179 3598 Vnus.
192 3546 234 3612 re,
254 3546 344 3599 na-
372 3545 461 3615 Usque
491 3546 521 3599 in
548 3547 694 3601 altissima.
723 3547 755 3602 lit
783 3563 819 3601 ue
833 3550 916 3619 putes
969 3548 1121 3602 rationeet
1135 3545 1363 3618 generationem.

64 3632 144 3705 quod
159 3632 336 3687 solushumo
349 3638 433 3705 egeat
446 3632 548 3705 gratia,
577 3637 642 3701 ete,
664 3648 750 3705 usque
768 3635 806 3690 ad
824 3635 915 3690 couti·
1004 3637 1183 3690 Vuus.'l.-
1202 3634 1429 3691 lieseendetsicut
1450 3634 1556 3705 pluuia,
1581 3638 1634 3689 ete.
1646 3574 1720 3705 (cas.
1724 3633 1735 3706 )
1750 3635 1819 3690 licea

64 3720 157 3776 uetiu
170 3735 205 3775 eo
220 3721 295 3793 quod
309 3726 387 3776 strui
970 3722 1037 3795 quis
1060 3726 1088 3777 et
1117 3722 1210 3793 qualis
1225 3722 1274 3776 ille
1290 3737 1349 3777 rex
1366 3721 1415 3794 qui
1437 3721 1620 3792 judicaturus
1647 3727 1698 3777 est.
1720 3722 1819 3794 (hue.)

101 3810 191 3879 Usque
213 3811 244 3863 in
271 3810 418 3864 atussimu.
442 3808 512 3875 Quia
544 3810 630 3865 homo
656 3811 731 3864 lleus
771 3811 852 3865 sedet
879 3809 916 3866 ad
970 3811 1081 3866 Atludit
1114 3809 1188 3866 facto
1215 3809 1365 3877 Gedeouis,
1396 3814 1462 3876 ete,
1490 3824 1575 3879 usque
1602 3810 1639 3864 ad
1665 3814 1694 3864 et
1719 3816 1820 3881 postea

66 3897 216 3951 dexteram
229 3896 322 3951 Patris
344 3912 469 3969 regnans
496 3913 561 3952 eum
586 3914 629 3951 eo.
649 3901 713 3968 (lua
738 3899 830 3965 fecisti
852 3913 914 3952 mu·
969 3897 1336 3969 compluereturgeutilitus
1350 3896 1819 3970 siecuvellereludoeorum.(tlas.)

64 3986 173 4051 unalia.
190 3985 348 4056 Utrumque
370 3984 510 4052 mirabile,
524 3999 576 4056 per
597 3985 719 4056 gratiam
748 3984 850 4040 redimi
865 3986 916 4041 hu-
971 3985 1129 4042 lleseeudet
1157 3986 1295 4054 Christus,
1326 3990 1391 4053 ete,
1406 3999 1491 4053 usque
1518 3984 1556 4038 ad
1581 3984 1645 4056 quis
1670 3999 1738 4055 ergo
1753 3991 1819 4055 post

65 4072 188 4138 minem,
205 4071 255 4144 qui
265 4087 317 4144 per
330 4072 470 4142 justinum
480 4073 638 4128 damnatus
651 4077 724 4128 erit.
970 4079 1029 4130 tam
1045 4078 1157 4145 apertus
1170 4073 1372 4128 similitudines
1386 4071 1498 4128 dubitet
1512 4072 1548 4126 de
1570 4076 1654 4143 partu
1670 4070 1819 4142 Virginis?

102 4163 173 4215 licus
188 4162 251 4229 quis
265 4161 367 4215 similis
382 4161 433 4215 tibi
450 4161 601 4228 ‘lQuantas
618 4161 760 4218 ostendisti
780 4163 851 4217 mitri
864 4163 951 4255 tri·D
970 4164 1106 4231 lavellus,
1130 4168 1156 4216 et
1177 4164 1247 4216 sicut
1274 4161 1427 4216 stillicidia.
1457 4160 1551 4230 (huo.)
1582 4159 1684 4227 Vultus,
1708 4160 1817 4226 tridua,

64 4249 476 4317 calamaneumque,
502 4254 678 4306 etconaersus
690 4251 838 4320 uiuificasti
863 4265 915 4318 me,
970 4267 1036 4324 qum
1050 4250 1220 4306 auctoritate
1248 4249 1385 4304 doctrinas
1406 4249 1590 4321 exspolianda
1616 4252 1685 4316 erat,
1711 4254 1743 4304 ut
1757 4248 1819 4304 oris

64 4340 90 4388 ct
118 4334 366 4402 maturantem,
382 4341 436 4389 ete.
457 4335 509 4390 cui
524 4351 655 4407 persone
670 4352 736 4408 quae
761 4336 915 4407 gratiarii,
970 4341 1088 4396 uellere:
1104 4339 1159 4407 rel,
1174 4337 1242 4411 quia
1252 4339 1391 4394 doctrinm
1410 4338 1538 4410 pluriam
1554 4339 1709 4397 detinebat.
1730 4354 1818 4410 quum

64 4421 187 4494 captiuae
201 4421 317 4490 seilicet,
335 4427 456 4495 utruque
479 4424 650 4479 resurreetio
676 4425 781 4480 mentis
807 4430 836 4479 et
850 4440 917 4480 cor·
971 4426 1088 4483 uolebat
1100 4427 1233 4498 gentibus
1247 4427 1412 4498 predicare.

66 4509 146 4582 poris
160 4526 167 4576 ;
179 4510 255 4565 unde
270 4512 412 4581 promittit
426 4511 542 4584 gratias.
1005 4516 1087 4570 Vens.
1110 4518 1137 4570 8.
1164 4542 1197 4555 -
1214 4517 1248 4570 ltt
1269 4515 1455 4570 mminaditur
1470 4517 1669 4585 ememusque
1684 4515 1816 4572 admare.

101 4599 185 4654 Vsus.
201 4602 245 4655 2⁴2.
260 4629 295 4640 ·-
311 4602 343 4655 ln
355 4603 430 4655 uasis
443 4603 553 4671 psalmi.
568 4601 655 4674 (Cas.)
670 4602 702 4657 lu
726 4601 917 4658 vivificatione
971 4604 1062 4675 (Cas.)
1078 4602 1209 4659 Ostendit
1227 4603 1344 4674 quaesit
1363 4603 1522 4674 amplitudo
1536 4603 1630 4673 regui.
1647 4603 1670 4658 A
1683 4603 1815 4674 stamine.

64 4686 184 4758 spiritus
200 4686 244 4742 rel
258 4689 480 4757 contemplativa
494 4689 561 4744 vitu.
969 4692 1098 4764 (Auula
1111 4691 1244 4759 iordane,
1260 4691 1310 4746 ubi
1333 4706 1384 4746 ror
1407 4708 1426 4746 :.
1456 4694 1506 4747 Hic
1533 4695 1572 4746 est
1587 4691 1678 4747 mlius
1691 4692 1818 4748 meusdi·

99 4775 184 4830 vaus.
201 4775 293 4830 93.-
320 4778 426 4831 Animo
445 4791 505 4831 mea
534 4791 619 4846 quom
640 4779 788 4835 redemisti.
823 4776 916 4852 (Aac.)
970 4779 1237 4850 uetustate-orgo
1265 4778 1394 4833 doctriua
1421 4778 1483 4848 ejus
1505 4778 1606 4850 cmpit:
1637 4779 1817 4835 indeaucto·

66 4862 139 4933 lpsis
151 4861 273 4917 internis
283 4862 366 4917 labiis
381 4864 486 4934 quibus
502 4865 586 4919 tacite
599 4867 704 4921 clamat
717 4869 817 4922 Deum.
968 4868 1039 4924 ntus
1065 4867 1196 4938 magistri
1223 4866 1360 4921 dilatatur
1384 4881 1475 4936 usque
1505 4865 1539 4919 ad
1567 4867 1705 4921 terminos
1740 4866 1819 4921 orbis

101 4952 186 5005 Veas.
204 4952 376 5009 ‘lh-Cum
397 4955 504 5020 connisi
526 4959 553 5010 et
573 4957 686 5010 reveriti
707 4957 822 5023 suerint
837 4956 917 5011 Tunc
969 4961 1062 5022 terras,
1099 4955 1255 5028 predicato
1279 4954 1432 5024 Evangelio
1451 4953 1543 5026 regui.
1577 4955 1658 5024 (Cas.)
1679 4954 1748 5010 lude
1771 4970 1816 5010 re·

64 5039 202 5094 loeusest
224 5055 300 5094 rorte
314 5045 342 5095 et
364 5056 471 5096 securae
492 5043 684 5113 exultationis,
700 5059 765 5099 eum
780 5043 918 5099 uoulicet
964 5046 1037 5117 'gula
1064 5044 1199 5116 baptismi
1230 5059 1283 5115 per
1309 5047 1401 5097 totum
1428 5041 1529 5096 orbem
1554 5041 1690 5097 manarit.
1718 5041 1818 5097 Paucis

64 5126 164 5198 impiis
177 5128 328 5183 dominari.
817 5143 820 5147 ’
970 5133 1065 5190 verbis
1076 5148 1181 5204 magua
1196 5132 1278 5187 docet
1291 5133 1478 5186 sacramenta.

1004 5223 1091 5278 Vsus.
1108 5225 1151 5277 ro.
1166 5251 1201 5262 —-
1226 5223 1310 5289 nepas
1333 5221 1487 5276 Tharsiset
1506 5220 1602 5274 irisutn
1621 5233 1734 5274 munem
1748 5217 1818 5287 offe·

381 5270 538 5330 PSALMUS
552 5273 637 5332 ml·
968 5314 1041 5366 rent.
1062 5308 1148 5380 (Cas)
1171 5307 1332 5363 Pertinaces
1354 5306 1489 5362 dicuntur
1502 5306 1623 5377 inimici,
1648 5312 1714 5376 ete,
1733 5322 1819 5378 usque

101 5394 185 5448 Vsus.
201 5396 226 5448 l.
240 5422 277 5435 -
291 5396 322 5449 ln
337 5395 514 5460 sumnonem,
542 5401 596 5452 etc.
625 5397 721 5469 (huc.)
748 5398 852 5454 Verum
867 5414 917 5471 pa-
968 5398 1007 5452 ad
1032 5397 1089 5466 rel,
1111 5394 1298 5451 historialiter
1324 5399 1418 5466 potest
1444 5394 1534 5466 accipi
1560 5395 1596 5451 de
1623 5396 1739 5468 regibus
1766 5398 1817 5469 qui

55 5482 193 5550 cilicum,
208 5485 275 5549 ete,
288 5496 375 5554 usque
402 5483 503 5555 adqui
528 5483 575 5540 hie
591 5486 917 5542 commendaturseeuu·
969 5489 1114 5542 venerunt
1127 5483 1245 5539 adorere
1258 5481 1413 5539 Christum.
