3892 6106
537 234 666 293 cnossi
684 235 887 292 ortulanum.
907 265 942 275 -
958 236 1025 292 hili.
1047 235 1168 294 esium
1677 246 1731 302 982

75 370 150 425 mus,
179 354 241 427 ipse
266 370 327 409 non
362 354 533 411 contradicit
562 355 685 412 inimicis
708 356 863 426 nostris,h
882 355 968 421 Quasi
983 355 1059 411 dicat
1084 372 1136 428 per
1161 357 1236 412 hanc
1260 358 1347 414 lsrael
1372 359 1538 430 caecitatem,
1555 363 1731 419 movebuntur

74 460 162 500 annm
177 443 351 499 detensionis
365 460 452 516 super
467 460 516 499 eos
531 444 621 516 ponit.
881 445 915 500 ad
928 444 1028 513 tidem,
1043 447 1135 502 omnio
1148 447 1330 516 fundamento
1355 453 1442 519 terra,
1465 450 1495 506 id
1510 455 1563 520 est,
1581 451 1730 523 plenitudo

74 550 90 588 s.
109 536 152 590 sn.
168 562 203 573 -
217 534 327 588 Inimici
355 534 473 600 Domim‘,
492 539 546 588 etc.
562 533 662 604 (huo.)
677 534 741 588 ilaec
755 533 826 588 item
846 585 849 593 ,
879 534 1009 604 gentium
1020 535 1150 591 intrabit.
1165 536 1214 592 Vel
1239 536 1269 591 in
1285 541 1387 605 morte,
1414 543 1444 593 et
1467 539 1599 610 passione
1616 540 1731 596 Domini

74 625 127 678 eta.
143 624 265 679 iimtite'.
284 622 347 676 Non
370 638 422 694 per
450 626 567 694 agentes
592 622 754 695 promissa:
770 622 826 678 hoc
879 627 956 677 mota
971 627 1014 680 est
1027 629 1113 679 terra.
1131 624 1178 679 Vel
1205 625 1396 694 llendnmmto,
1413 626 1509 695 idest,
1534 628 1632 684 ielices
1647 629 1730 701 copia

74 711 165 784 agani,
181 710 250 783 quia
264 710 336 766 nihil
356 711 562 782 promiserunt.
879 715 1062 767 terrenorum
1086 714 1287 769 movebuntur.
1305 715 1354 769 Vel
1369 715 1537 771 admirando
1549 717 1604 772 coli
1619 734 1730 790 paupe-

74 816 89 855 ι.
119 803 162 854 Π.
178 829 214 840 -
238 801 282 854 Ea
315 799 397 871 adipe
428 802 570 867 frumeuti,
597 803 650 855 etc.
677 798 824 872 (Ancihd
877 815 940 856 rem
955 805 1112 857 mortuum.
1128 801 1179 857 Vel
1193 818 1258 857 cnm
1274 804 1447 876 contemptis
1474 805 1595 860 terrenis
1620 811 1729 862 sectan-

74 904 111 956 m,
127 887 172 943 vel
189 903 305 956 manna,
332 888 377 943 vel
401 904 521 960 corpore
546 888 660 958 Christi,
676 890 720 943 vel
736 888 825 960 spiri·
878 889 925 945 do.
941 889 1027 945 Addit
1044 892 1145 954 omnia,
1170 891 1239 962 qnia
1264 892 1360 946 nullus
1383 894 1486 965 estqui
1511 909 1570 948 non
1595 894 1727 962 miretur,

74 977 218 1034 ntellectu.
876 978 921 1033 vel
945 983 1136 1035 convertatur.
1160 981 1291 1036 Terrena
1314 984 1411 1036 autem
1432 981 1573 1037 felicitatis
1605 998 1727 1054 reguum

294 1117 451 1174 uuus
466 1117 574 1173 usu·
876 1067 1204 1228 extiteritis.
1218 1070 1562 1229 diuisitttfflii
1575 1071 1725 1213 ..tite

74 1259 88 1298 t.
120 1244 144 1297 t.
173 1271 207 1283 -
226 1243 350 1297 Paulmus
375 1242 484 1312 Asopi.
509 1241 614 1314 (Cass.)
648 1240 822 1297 Psalmnsde
875 1246 945 1309 tem,
962 1243 1007 1299 his
1031 1244 1142 1299 verbis:
1158 1247 1214 1314 Epo
1243 1244 1306 1300 dini
1322 1261 1329 1300 τ
1347 1246 1390 1301 dii
1410 1248 1484 1312 estis,
1514 1247 1726 1303 vosboni:uos

74 1330 220 1387 snatnris
245 1331 277 1386 in
298 1330 421 1397 Christo,
441 1346 499 1402 quo
529 1330 669 1398 Christus,
694 1331 737 1386 vel
752 1332 821 1386 Pro·
875 1335 965 1386 nutem
988 1332 1068 1399 mali,
1096 1334 1165 1388 sicut
1193 1334 1311 1389 homines
1336 1335 1498 1389 moriemini.
1527 1335 1576 1389 Vel
1592 1335 1726 1390 omnibus

74 1420 206 1492 loquens,
232 1419 385 1492 exprobrat
407 1418 463 1491 ipsi
485 1418 592 1490 Asaph,
612 1419 642 1474 id
663 1424 715 1487 est,
731 1420 821 1490 Syna·
875 1418 957 1475 dicit:
969 1419 1012 1475 dii
1024 1423 1100 1484 eatis,
1114 1421 1142 1477 id
1154 1426 1205 1485 est,
1222 1422 1358 1477 omnibus
1378 1422 1498 1493 promisi
1519 1423 1664 1492 coelestia,·
1678 1439 1725 1480 uos

88 1525 155 1582 qnae
180 1508 336 1564 Dominum
362 1508 550 1580 corporaliter
575 1508 656 1576 vidit,
683 1511 822 1564 ettamen
875 1513 965 1564 eutem
979 1511 1049 1565 sicut
1078 1510 1197 1565 homiues
1228 1509 1325 1581 primi,
1349 1510 1398 1582 qui
1428 1511 1560 1566 suasione
1588 1527 1722 1583 peccase-

73 1614 112 1654 οε
126 1597 268 1669 cognovit.
287 1597 383 1653 Primo
411 1597 526 1652 nuntiat
550 1597 642 1652 Deum
656 1596 777 1666 stetisse,
791 1601 856 1689 et·B
875 1601 952 1665 runt,
979 1601 1008 1653 et
1028 1614 1079 1654 vos
1108 1599 1230 1670 majores
1260 1599 1333 1654 sicut
1352 1599 1491 1669 diabolus,
1516 1601 1566 1673 qui
1590 1602 1725 1673 superbia

90 1686 259 1755 contrarios,
283 1690 338 1742 stat
364 1686 463 1755 homo,
491 1686 626 1741 discernit
649 1687 734 1741 Deus.
750 1689 820 1742 Deus
876 1686 1013 1757 peccavit.

77 1775 163 1847 Cujus
190 1779 318 1830 nonest
357 1780 443 1843 stare,
465 1775 514 1847 εει
538 1775 641 1831 coelum
665 1778 694 1829 et
713 1779 821 1829 terram
911 1774 991 1830 Vsas.
1009 1776 1239 1844 d-iinodiei.
1258 1776 1355 1849 (Cass.)
1377 1777 1724 1850 Quideispropositum?

74 1869 107 1933 et,
132 1865 182 1936 qui
203 1868 246 1920 est
271 1865 347 1919 intra
368 1864 467 1919 omnia
493 1881 550 1920 non
574 1864 712 1932 inclusus,
740 1868 821 1919 extra
875 1862 924 1918 sed
940 1862 1098 1936 perierunt.
1113 1867 1171 1934 Εεο
1186 1865 1250 1920 diei
1278 1869 1460 1924 :Nescieruut
1474 1883 1558 1940 neque
1582 1869 1724 1925 intellexe-

86 1969 147 2009 non
170 1954 311 2020 exclusus,
337 1953 386 2008 sed
411 1952 535 2008 breviter
559 1954 647 2008 Deum
672 1953 818 2009 hominem
873 1956 962 2018 runt;
985 1956 1084 2007 tamen
1114 1968 1162 2025 eye
1187 1954 1258 2009 dini.
1294 1955 1349 2010 itas
1385 1955 1590 2027 promissiones
1623 1972 1723 2012 omnes

74 2060 86 2098 ;.
108 2043 197 2100 Stetit.
229 2042 328 2115 (Anu.)
353 2042 452 2110 Filius,
484 2042 534 2113 qni
562 2042 667 2097 missus
693 2043 728 2098 ad
753 2058 819 2098 oves
873 2041 1027 2113 accipiunt,
1053 2041 1077 2095 ει
1106 2042 1239 2097 mandata
1265 2044 1441 2112 custodiunt,
1470 2047 1502 2098 nt
1530 2045 1587 2100 sint
1622 2044 1674 2100 lilii
1694 2049 1722 2100 et

88 2129 186 2196 lsrael,
208 2129 364 2200 spiritualis
387 2135 484 2185 eutem
507 2129 662 2201 prasentia
684 2129 813 2197 Deitatis,
874 2131 924 2187 Dei
938 2147 945 2186 :
962 2131 1017 2186 hoc
1026 2130 1060 2186 ad
1071 2129 1182 2201 justos;
1196 2146 1243 2187 uos
1257 2133 1418 2202 cutem,hoc
1431 2133 1465 2188 ad
1479 2133 1578 2188 malos.

74 2217 170 2291 ibique
194 2233 253 2273 non
269 2217 384 2290 proprie
412 2219 446 2273 ad
473 2219 657 2291 synagogam
682 2218 816 2289 pertinet,
918 2221 1004 2276 Vsus.
1028 2223 1056 2274 7.
1081 2248 1116 2260 -
1139 2220 1215 2276 Sicut
1237 2221 1365 2276 homiues.
1388 2221 1482 2293 (hnc.)
1510 2221 1596 2287 Quasi
1618 2239 1625 2277 τ
1651 2222 1722 2279 Cnm

74 2322 174 2379 mpore
199 2306 335 2362 variatur.
359 2308 416 2363 Cur
431 2307 470 2362 ihi
494 2308 593 2362 stetit:
610 2310 676 2363 Ecce
695 2308 757 2364 deca
773 2308 817 2365 di·
872 2307 939 2376 cito,
953 2306 1180 2376 sicnthomiues,
1205 2307 1267 2364 sitis
1294 2308 1438 2379 morituri,
1463 2326 1521 2365 non
1548 2309 1616 2367 inde
1631 2311 1722 2366 corri-

74 2436 83 2464 ,
96 2395 125 2452 id
141 2399 194 2463 est,
203 2395 360 2451 secundnm
372 2396 449 2467 quod
463 2396 548 2466 Deus,
559 2395 590 2450 id
601 2397 818 2465 est,nonmeri-
872 2396 976 2469 gimim
989 2415 998 2465 ;
1013 2397 1061 2452 sed
1072 2400 1106 2451 ut
1120 2396 1262 2461 diabolus,
1281 2397 1333 2469 qui
1351 2414 1436 2453 carne
1450 2415 1509 2453 non
1525 2398 1658 2468 moritur,
1673 2415 1721 2454 er-

92 2483 187 2558 gratia
215 2484 351 2539 discernit
373 2500 451 2553 vasa,
466 2485 523 2540 alia
546 2485 578 2540 in
594 2484 745 2555 honorem,
762 2487 817 2543 alia
871 2485 1016 2553 tollimini,
1044 2490 1076 2542 ut
1100 2485 1224 2541 cadatis:
1249 2486 1318 2559 quia
1340 2502 1392 2558 per
1408 2487 1577 2558 superbiam
1597 2487 1721 2542 diaboii-

74 2574 240 2629 ttumaliam.
267 2574 326 2628 linc
353 2578 450 2629 autem
474 2572 542 2628 iacit
569 2577 646 2628 stans
661 2573 691 2628 in
707 2575 815 2643 medio,
870 2590 934 2629 cam
948 2575 1113 2631 inviderunt
1124 2574 1222 2646 gloriae
1236 2575 1350 2643 Christi,
1367 2580 1395 2630 et
1410 2575 1494 2630 viluit
1516 2575 1557 2631 eis
1573 2575 1721 2631 humilitas

82 2662 188 2719 llediue
202 2664 419 2731 vestrumstetit,
434 2677 573 2733 quemme
601 2666 721 2730 maritis,
738 2664 815 2718 unde
870 2662 970 2719 crucis.
986 2662 1063 2731 Sed,
1081 2667 1115 2718 ut
1128 2662 1181 2717 hoc
1203 2662 1304 2718 vitium
1325 2666 1442 2718 sanetur
1465 2680 1498 2719 ex
1515 2678 1639 2734 persona
1654 2664 1721 2718 Pro-

83 2767 93 2808 :
117 2753 277 2809 Nescierunt
300 2767 385 2822 neque
408 2752 607 2819 intelteneruut,
635 2751 683 2807 sed
711 2754 815 2809 amices
869 2752 976 2823 phetae,
986 2750 1140 2807 subditur:
1157 2752 1244 2821 Surae
1258 2754 1339 2820 Deus,
1352 2756 1417 2820 etc,
1433 2755 1504 2808 sicut
1525 2767 1606 2808 unua.
1624 2752 1720 2808 Tarba

74 2844 129 2897 stet
150 2844 176 2895 et
190 2839 280 2909 audit,
292 2844 319 2894 et
345 2840 447 2910 neudio
470 2840 571 2909 neudet
598 2842 722 2895 Deorum.
739 2840 815 2906 Quos
869 2855 934 2912 que
948 2838 1048 2895 cecidit
1070 2838 1175 2894 dicitur
1198 2855 1284 2908 unus,
1309 2841 1377 2912 qnia
1391 2840 1422 2896 in
1445 2840 1581 2913 superbia
1595 2840 1717 2909 similis;

74 2929 127 2984 tice
146 2929 254 2983 Eacetse'
268 2926 348 2996 dicit,
370 2927 409 2984 ibi
426 2944 432 2982 :
449 2931 506 2996 Epo
527 2927 613 2983 dici:
633 2927 675 2983 dii
698 2931 774 2997 estis,
789 2919 852 2985 etC
872 2930 926 2985 Vos
939 2928 1056 2996 cadetis,
1072 2929 1140 2984 sed:

74 3019 168 3073 tractet
191 3033 295 3076 omnes.
318 3017 397 3073 Unde
430 3017 527 3086 etiam,
550 3016 622 3085 filios
647 3020 766 3074 enutriet
789 3024 814 3075 et
915 3016 996 3073 Vsas.
1032 3019 1057 3072 8.
1083 3048 1118 3058 -
1150 3017 1236 3085 Surae
1258 3017 1342 3073 Deua.
1373 3016 1464 3090 (huo.)
1491 3018 1522 3074 ld
1546 3018 1718 3086 est,damna

75 3108 95 3174 i,
111 3107 167 3176 ipsi
181 3110 270 3161 eutem
286 3111 445 3178 spreverunt
458 3123 509 3162 me.
530 3106 740 3163 Filiidicuntur
755 3123 814 3163 non
868 3103 945 3171 istos,
962 3103 1031 3176 quia
1055 3103 1100 3159 his
1126 3104 1258 3176 repulsis,
1287 3108 1319 3159 tn
1344 3105 1535 3162 hereditabis.
1559 3106 1608 3162 Vel
1620 3107 1718 3179 judica

74 3193 166 3267 gratia
180 3194 245 3249 novi
260 3195 434 3264 testamenti,
450 3195 499 3251 sed
513 3195 607 3267 gratia
619 3195 731 3264 vetans,
747 3212 813 3269 quoe
868 3193 1020 3260 mnndum,
1045 3191 1114 3264 quia
1127 3195 1195 3247 tuns
1211 3197 1264 3259 est,
1280 3197 1309 3247 et
1322 3193 1378 3248 hoc
1392 3199 1445 3263 est,
1475 3198 1506 3250 tu
1521 3195 1715 3251 hereditabis.

74 3284 195 3355 Egypto
209 3283 349 3339 liberavit.

74 3373 117 3428 ,ι
137 3402 173 3413 -
189 3374 339 3442 Usquequo.
360 3372 453 3445 (hun.)
484 3374 549 3428 Dec
562 3376 605 3428 est
628 3388 683 3429 vox
704 3372 812 3430 discer-
1168 3333 1326 3391 PSM‘MUS
1341 3335 1462 3391 LXXXII·

74 3459 174 3516 :misit
193 3462 288 3533 legem
309 3465 336 3516 et
357 3462 525 3532 Prophetas,
541 3465 570 3517 et
592 3461 748 3531 restitistis,
761 3462 811 3518 sed
901 3459 984 3514 Vens.
1015 3460 1040 3513 t.
1071 3488 1105 3498 -
1130 3458 1270 3516 Canticum
1296 3459 1408 3527 psalmi.
1444 3457 1549 3531 (Cass.)
1586 3460 1660 3526 Quia
1684 3461 1716 3519 in

77 3547 134 3604 εει
150 3549 224 3603 Νεε]
239 3565 330 3621 εεεεε
346 3550 382 3606 ad
396 3550 551 3605 adventum
562 3550 628 3605 misi
641 3551 810 3622 Prophetas,
865 3546 951 3602 rebus
964 3544 1133 3613 actualibus,
1161 3545 1292 3601 habenda
1314 3551 1357 3601 est
1379 3546 1477 3603 divina
1499 3550 1714 3621 contemplatio.

74 3633 117 3690 ‚irs
131 3635 274 3705 affecistis,
291 3637 335 3691 vel
358 3636 549 3705 interfecistis,
571 3637 616 3692 vel
630 3637 685 3693 hoc
699 3638 809 3710 agenti-
866 3636 995 3691 Deterret
1009 3638 1105 3689 autem
1129 3633 1275 3705 iniquosa
1300 3636 1498 3707 persecutione
1517 3638 1620 3709 populi
1646 3639 1711 3696 Dei:

74 3723 230 3779 sensistis?
243 3724 297 3780 Sed
312 3740 377 3779 cum
400 3724 463 3780 haec
491 3724 643 3795 agentibus
665 3741 718 3779 nec
732 3723 811 3797 ιεεει
865 3723 954 3778 bonos
978 3727 1156 3778 acromonet
1184 3722 1220 3777 ad
1248 3722 1430 3793 patientiam.
1463 3726 1592 3780 Psalmus
1606 3726 1641 3782 de
1660 3726 1712 3782 ad-

74 3826 83 3867 ι
97 3811 145 3881 ait,
162 3827 211 3865 vos
230 3811 279 3882 εει
293 3811 434 3882 tacuistis,
448 3815 477 3866 et
488 3811 597 3866 imitari
609 3827 658 3866 eos
670 3811 809 3879 voluistis,
865 3815 951 3867 ventu
964 3810 1070 3866 Christi
1084 3811 1119 3865 ad
1136 3810 1289 3881 judicium,
1310 3811 1361 3866 nbi
1382 3812 1460 3879 boni,
1477 3813 1526 3883 εει
1542 3813 1588 3869 hic
1600 3814 1715 3885 patiun-

74 3914 100 3955 co
124 3899 259 3970 judicatis
286 3901 462 3969 iniquitatem
476 3903 501 3955 et
527 3901 613 3968 socies
637 3904 811 3970 peccatorum
864 3902 923 3967 tur,
938 3897 1161 3966 coronabuntur,
1179 3899 1267 3954 :mali
1274 3914 1352 3966 vero,
1367 3899 1417 3971 εει
1426 3915 1474 3955 eos
1488 3906 1711 3973 persequuntur.

82 3987 185 4043 iNum
200 3986 335 4042 ethaeros
350 3987 522 4042 occidendus
533 3991 585 4058 est,
601 3986 651 4059 qui
665 4003 718 4059 pro
732 3987 812 4043 robis
867 3987 1087 4060 torquebuntur.

74 4072 117 4146 εει
138 4089 191 4145 pro
220 4074 300 4129 vobis
317 4075 378 4130 sine
405 4078 486 4148 patre
507 4090 568 4130 esse
595 4075 689 4130 voluit
711 4079 744 4131 nt
757 4092 811 4148 pu·
902 4077 981 4132 Vaas.
1001 4079 1028 4132 2.
1044 4105 1079 4118 -
1106 4078 1178 4131 Deua
1204 4076 1266 4145 quis
1293 4075 1415 4142 similist
1444 4076 1548 4150 (Cass.)
1564 4077 1713 4150 Proposito

88 4161 139 4235 qui
150 4167 270 4235 propter
278 4179 329 4218 vos
343 4163 462 4219 esurivit
476 4167 505 4219 et
531 4163 629 4232 sitivit,
659 4168 690 4219 nt
704 4180 850 4261 egenusn
867 4165 972 4220 timore
987 4164 1076 4220 lutari
1089 4163 1204 4234 judicis,
1218 4163 1352 4220 describit
1375 4165 1514 4221 malitiam
1528 4166 1713 4223 inimicorum

74 4254 149 4322 >pter
162 4267 212 4305 eos
223 4267 334 4325 pauper
347 4251 438 4308 lactus
455 4258 508 4319 est,
528 4269 593 4308 cum
603 4256 678 4308 asset
687 4252 776 4308 dives.
868 4252 960 4326 (Αεε.)
985 4255 1054 4309 Deus
1076 4254 1137 4324 quis
1158 4251 1281 4309 similis?
1305 4253 1363 4309 Etsi
1391 4253 1489 4322 homo,
1517 4259 1550 4310 ut
1576 4254 1623 4310 alii
1638 4274 1646 4322 ;
1660 4253 1714 4310 etsi

74 4373 84 4394 ›.
100 4341 127 4396 3.
142 4370 176 4380 -
191 4340 321 4397 «Iudicate
335 4357 416 4411 eoem
440 4346 465 4397 et
481 4342 598 4414 pupilio,
613 4356 759 4412 pauperem
787 4345 813 4397 et
864 4343 1018 4416 judicatus,
1041 4357 1107 4397 cum
1130 4341 1238 4413 iniquis
1261 4341 1425 4413 deputaris:
1441 4342 1505 4416 εειε
1520 4342 1632 4411 similis,
1647 4358 1714 4399 cum

74 4429 260 4498 erustificate.
279 4429 376 4502 (Cass.)
405 4430 577 4502 Diapsalma,
593 4434 692 4486 monet
705 4429 813 4485 intelli·
866 4430 897 4485 in
910 4429 1037 4485 claritate
1049 4429 1212 4501 iudicabis?
1225 4429 1292 4486 ideo
1306 4434 1375 4486 tnnc
1388 4446 1425 4485 ne
1438 4435 1541 4499 taceas,
1556 4429 1606 4504 εει
1620 4430 1714 4504 primo

74 4516 200 4572 hristum
227 4534 288 4574 esse
317 4520 418 4587 Deum,
444 4523 472 4574 ει
500 4519 524 4574 si
538 4534 646 4592 egenus
660 4523 687 4574 et
701 4534 812 4591 pauper
865 4518 990 4586 tacuisti,
1018 4525 1047 4574 et
1068 4522 1240 4591 potestatem
1264 4518 1473 4591 compescuisti,
1500 4524 1533 4575 ει
1554 4535 1652 4592 posses
1671 4524 1715 4576 te·

73 4605 121 4660 aod
136 4621 184 4660 eos
199 4622 257 4660 non
271 4606 371 4663 iecisse
383 4607 461 4669 dicit.
868 4607 930 4665 neri
949 4613 978 4664 et
989 4607 1104 4681 perimi.
1120 4611 1189 4664 Deus
1214 4611 1276 4679 quis
1299 4608 1427 4663 similis?
1448 4608 1511 4663 Non
1525 4607 1561 4664 ed
1582 4606 1715 4664 divinita·

76 4695 126 4750 .i.
145 4696 296 4766 -Eripite
316 4712 476 4767 pauperem,
497 4695 589 4768 (Anu.)
604 4696 745 4766 Ostendit,
760 4712 813 4752 nec
866 4697 988 4752 ternhoc
1004 4696 1138 4765 refertur,
1167 4695 1348 4752 cuinullum
1372 4695 1521 4752 hominem
1549 4711 1716 4768 comparan-

74 4797 186 4838 imanes
196 4784 245 4854 εει
259 4783 453 4854 permiserunt
473 4783 653 4856 principibus
667 4783 813 4840 Christum
867 4785 937 4840 dum
949 4784 1095 4857 cogitarit.
1121 4785 1188 4841 ideo
1215 4801 1276 4840 non
1290 4783 1351 4839 ait:
1368 4785 1436 4851 Quia
1454 4785 1551 4840 simiis
1574 4790 1614 4840 eet
1641 4784 1691 4859 tibi
1701 4783 1716 4841 i

74 4887 105 4927 ue
120 4871 307 4927 multitudine
330 4872 512 4941 timerentur,
535 4876 564 4928 et
580 4877 698 4944 possent
718 4874 814 4929 illosa
867 4872 946 4946 quod
974 4872 1074 4945 utique
1102 4873 1138 4928 ad
1166 4871 1345 4928 divinitatem
1365 4871 1538 4941 referretnr;
1565 4871 1614 4927 sed
1636 4870 1715 4928 dicit.

74 4962 94 5014 rt
107 4974 137 5014 ae
152 4974 170 5014 a
183 4976 325 5017 consensu
339 4961 471 5017 liberare.
489 4960 588 5035 (Cass.)
602 4961 657 5028 uui
675 4962 814 5019 enimde·
868 4961 1044 5030 Quiaeimite's
1059 4963 1111 5016 erit
1125 4961 1200 5018 tibi‘l
1215 4960 1270 5016 hoc
1284 4959 1319 5015 ad
1337 4959 1461 5015 formam
1491 4959 1565 5015 aerei
1578 4959 1716 5029 reterens,

74 5047 159 5105 »viare
172 5066 238 5105 curn
252 5054 359 5122 potest,
374 5050 525 5106 consentit.
868 5065 926 5124 qna
938 5053 1007 5106 tunc
1020 5049 1129 5105 ceteris
1157 5046 1303 5105 dissimilis
1328 5047 1495 5105 hominihus
1519 5048 1584 5117 erit,
1600 5049 1716 5121 quando

74 5177 80 5192 .
98 5140 124 5193 ιι.
140 5167 176 5178 -
196 5138 384 5194 Douehuntur.
399 5138 500 5211 (Cass.)
519 5137 589 5195 ilinc
603 5142 682 5213 patet
694 5140 730 5196 de
756 5155 814 5212 εεο
867 5137 997 5211 judexin
1023 5137 1116 5209 gloria
1128 5135 1279 5209 apparebit
1291 5151 1300 5204 ;
1312 5135 1357 5191 rel
1372 5139 1466 5209 potest
1487 5136 1542 5192 hoc
1560 5136 1661 5195 referri
1680 5137 1717 5194 ad

74 5241 101 5281 ιτ
126 5226 181 5281 hoc
202 5226 318 5298 signnm
338 5227 370 5282 in
392 5227 575 5284 crucifixione
600 5227 733 5300 contigit.
765 5228 815 5285 Vel
870 5227 1048 5284 divinitatem
1063 5225 1221 5281 secundnm
1249 5224 1325 5297 qnod
1346 5223 1413 5280 dicit
1429 5227 1476 5283 :0
1498 5227 1580 5294 Deus,
1596 5228 1658 5297 quie
1677 5228 1717 5282 st·

74 5312 164 5382 aliter,
193 5315 299 5371 terreni
324 5317 395 5372 moti
418 5322 486 5372 sunt
518 5317 569 5372 illo
590 5322 731 5388 tempore,
753 5316 815 5372 viso
869 5313 1211 5386 milietitiiinpolentia
1225 5313 1360 5369 Deitatis:
1377 5312 1617 5386 Christumenim,
1630 5330 1718 5387 quem

74 5401 199 5458 niracnlo
214 5421 221 5470 ;
238 5408 271 5458 ει
284 5405 425 5472 centurio,
453 5405 504 5477 εει
527 5404 623 5461 dixit:
641 5407 708 5461 Vere
730 5405 816 5461 Filius
870 5403 940 5461 mali
955 5403 1088 5460 viderunt
1113 5406 1201 5472 extra,
1228 5401 1282 5458 iste
1302 5401 1380 5458 videt
1395 5401 1472 5457 intra
1492 5401 1600 5458 scilicet
1621 5402 1720 5460 omui·

74 5494 90 5547 i
117 5492 178 5546 iste.
198 5490 293 5564 (huc.)
319 5492 495 5549 timebuntur
510 5496 602 5549 omm'c
624 5492 814 5560 mesdemerste.
870 5483 1030 5567 potentem.
