3892 6106
94 250 147 304 sss
187 248 190 252 ·
395 213 398 216 ’
668 248 796 305 crossi
815 247 1018 303 onornmu.
1038 278 1072 287 -
1093 249 1159 305 uo.
1179 249 1284 307 rxoo.
1801 259 1855 315 220

93 368 191 433 rerba,
204 384 270 423 oum
285 367 411 422 viderint
433 372 534 438 postea
557 367 692 423 [sraelitai
714 369 884 440 AEgyptiosi
907 371 950 423 Au
963 386 986 440 g
1004 367 1078 440 legis
1093 374 1121 424 et
1134 369 1283 440 vigilantia
1297 370 1528 442 Scripturarum;
1544 371 1598 426 iter
1611 371 1663 427 tibi
1683 374 1856 446 disputando

97 458 165 528 quie
179 458 228 511 isti
246 458 296 528 qui
317 463 387 510 tunc
409 455 553 523 ridebunt,
579 472 637 511 non
661 472 710 510 eos
733 457 854 512 ulterius
875 457 950 512 ride-
1002 474 1054 529 per
1067 459 1365 529 adversarios'pande,
1383 465 1411 514 et
1433 460 1535 515 cedent
1559 461 1642 515 undae
1663 461 1775 530 victori,
1802 465 1857 519 mi-

94 550 173 610 ruut,
191 545 261 616 quia
280 549 310 598 et
333 544 377 598 illi
401 545 509 598 mortui
532 550 600 599 suut
619 544 670 616 qui
694 545 897 617 sequebantur,
921 552 951 601 et
1002 545 1189 615 rentibusque
1205 551 1233 600 et
1248 551 1364 617 stupore
1381 546 1483 602 defixis
1509 546 1559 618 qui
1583 552 1650 602 antu
1675 551 1854 606 contradico-

92 632 138 685 isti
161 649 269 687 omnes
296 632 418 704 quisque
441 633 487 688 die
510 633 611 688 mortis
634 635 717 689 suae‘i
746 636 817 689 Nem
838 635 946 706 posteri
1003 633 1083 702 heut,
1099 633 1234 704 legitimis
1249 634 1476 706 disputationum
1492 635 1575 690 lineis
1589 642 1700 692 rectum
1712 639 1781 693 lidei
1800 639 1856 696 iter
1932 653 1937 660 ·

94 737 198 775 eorum
212 721 348 777 viderunt
360 726 490 793 posteros
504 722 634 777 illorum.
650 727 704 790 An,
720 739 780 778 non
799 740 847 777 eos
870 723 949 777 vide·
1003 721 1120 788 secabis,
1137 728 1165 776 et
1196 724 1226 776 in
1246 729 1360 778 tentum
1383 723 1520 779 doctrine
1545 725 1631 779 verbo
1655 727 1799 798 proficies,
1824 734 1857 786 ut

94 809 160 863 hius
176 810 362 877 sieuthodie,
378 810 598 880 intelligendum
612 815 664 878 ost,
689 827 749 866 non
769 811 843 867 sieut
866 812 950 868 hodie
1003 808 1149 863 auditores
1165 809 1218 874 rui,
1232 826 1304 881 quos
1327 815 1359 864 ru
1385 810 1415 863 iu
1444 811 1531 866 verba
1559 809 1631 882 teris
1645 812 1776 881 erudisti,
1790 818 1851 884 jam

92 904 305 970 persequentes
317 902 346 953 et
365 898 504 960 inimicos.
530 900 662 954 utnulla
692 901 729 954 sit
755 900 874 971 quaestio
898 917 951 955 nec
1004 897 1273 967 contraAEgyptios,
1289 898 1367 952 Velut
1382 897 1484 953 fluctus
1500 898 1597 967 maris,
1613 899 1773 971 insurgent,
1803 919 1855 959 uec

94 988 128 1040 de
142 992 258 1042 aeterno
274 993 405 1058 tempore
420 988 498 1058 quod
513 988 559 1043 hic
577 988 684 1059 posuit,
705 990 774 1061 quie
795 991 847 1045 etsi
871 989 950 1044 vide·
1005 986 1099 1040 solum
1114 984 1296 1056 impugnent,
1318 986 1367 1041 sed
1383 992 1410 1041 et
1437 992 1574 1058 superent
1600 993 1628 1042 et
1653 990 1847 1061 exstinguant.

95 1075 167 1130 haut
184 1094 215 1131 se
230 1076 345 1148 utrique
369 1081 500 1147 tempore
521 1077 748 1145 resurrectionis,
772 1095 830 1134 non
854 1078 894 1133 sic
920 1083 951 1134 ut
1005 1073 1167 1146 Exstinguit
1181 1076 1258 1129 enim
1271 1076 1434 1146 AEgyptum,
1451 1075 1501 1146 qui
1513 1092 1571 1131 nou
1587 1077 1646 1148 agit
1665 1094 1752 1148 opera
1775 1083 1854 1134 tene·

97 1166 197 1220 hodie.
970 1157 972 1160 ’
1006 1163 1133 1229 brorum,
1148 1163 1270 1234 quinon
1294 1164 1455 1232 carnaliter,
1480 1165 1528 1219 sed
1551 1165 1739 1236 spiritualiter
1762 1168 1850 1236 virit;

132 1255 219 1309 Vens.
238 1256 333 1310 15-rr.
352 1255 478 1323 -Quid
491 1257 593 1311 utamur
614 1255 652 1311 od
675 1256 741 1311 me?
763 1261 816 1311 etc.
841 1255 950 1327 (Gara.)
1005 1253 1054 1322 qui
1084 1252 1269 1322 cogitationes
1296 1252 1425 1307 sordidas
1453 1254 1497 1307 rel
1531 1254 1614 1309 corde
1653 1256 1779 1327 expellit,
1808 1257 1854 1312 rel

98 1345 187 1398 Voces
201 1343 281 1414 apud
297 1360 380 1398 eures
397 1345 446 1399 Dei
460 1360 519 1399 nou
533 1344 642 1399 faciunt
660 1343 746 1398 rerba
769 1350 877 1412 nostra,
902 1345 952 1400 sed
1005 1340 1125 1395 omnino
1140 1356 1198 1395 uon
1210 1339 1321 1412 recipit,
1338 1341 1494 1397 secuudum
1509 1342 1578 1397 illud
1601 1343 1668 1414 Eph.
1696 1361 1744 1399 rr:
1770 1349 1855 1400 Assu-

98 1432 254 1486 desideria.
270 1434 414 1487 AEternam
431 1434 509 1487 euim
523 1433 610 1488 ritem
625 1433 649 1487 si
670 1449 719 1487 ore
739 1434 874 1504 petimus,
900 1450 952 1488 nec
1004 1435 1115 1484 mentes
1130 1434 1243 1484 scutum
1257 1429 1335 1498 lidei,
1351 1437 1384 1485 ut
1399 1431 1514 1501 possitis
1530 1431 1629 1486 omnia
1646 1427 1768 1503 maligni
1782 1433 1855 1505 igni·

98 1520 184 1575 corde
197 1520 405 1590 desideramus,
420 1523 575 1577 clamantes
588 1525 735 1576 tacemus:
752 1523 853 1577 sivero
866 1522 951 1577 corde
1005 1523 1034 1572 ta
1059 1517 1155 1588 jacula
1182 1518 1373 1589 exstinguere.
1406 1520 1462 1573 lioc
1491 1535 1559 1589 ergo
1587 1521 1673 1574 modo
1699 1537 1853 1592 possumus

98 1608 308 1678 desideramus,
350 1624 399 1664 ore
432 1613 567 1677 tacemus,
618 1614 744 1664 tacentes
782 1610 949 1664 clamamus.
1005 1607 1091 1660 etiam
1117 1606 1265 1677 AEgyptios
1292 1606 1378 1661 hodie
1411 1607 1508 1662 videre
1532 1613 1669 1674 mortuos,
1698 1614 1726 1663 et
1756 1610 1852 1681 ipsum

101 1696 179 1752 Unde
195 1697 226 1750 iu
249 1713 347 1752 eremo
367 1713 433 1752 cum
461 1699 586 1768 populus
610 1699 726 1753 vocibus
748 1704 949 1770 perstreperet,
970 1676 1194 1760 13Pharaonem,
1213 1695 1237 1749 si
1253 1699 1331 1749 tanta
1344 1695 1400 1749 lide
1417 1694 1554 1763 vivamus,
1573 1701 1606 1750 nt
1628 1698 1701 1751 licus
1724 1703 1856 1755 conterat

99 1790 124 1838 ct
143 1785 265 1840 ilosesa
282 1785 568 1856 strepituverborum
583 1791 698 1852 taceret,
712 1786 799 1840 silens
823 1786 951 1855 auditur,
1005 1783 1138 1837 Satanam
1164 1783 1216 1837 sub
1245 1783 1366 1854 pedibus
1391 1785 1496 1839 uostris
1520 1785 1655 1840 velociter
1679 1802 1731 1857 per
1756 1787 1853 1843 lesum

99 1878 125 1927 et
152 1873 261 1928 dicitur
289 1875 341 1930 ei:
370 1874 442 1941 Quid
466 1876 568 1931 sturnos
595 1874 633 1928 ud
660 1875 727 1928 mc?
752 1874 783 1928 ln
807 1874 950 1929 desiderio
1005 1872 1159 1927 Christum.

99 1962 302 2018 enimolamor
320 1967 515 2017 secretusnou
530 1963 661 2034 pervenit
683 1964 719 2018 ad
739 1979 823 2017 aures
849 1963 950 2017 huma·
1041 1961 1122 2014 Vens.
1155 1962 1246 2015 ibib.
1275 1989 1309 2000 -
1335 1961 1490 2031 Tellurisque
1515 1978 1543 2018 se
1571 1965 1682 2030 ungetur
1708 1966 1769 2031 Dei,
1798 1969 1852 2021 etc.

100 2066 159 2117 nas,
177 2050 292 2106 divinus
306 2051 411 2124 replet.
1005 2048 1128 2119 (Smne.)
1148 2051 1286 2120 Angelus,
1312 2050 1363 2121 qui
1385 2054 1496 2106 nuntius
1519 2052 1735 2122 interpretatur,
1762 2054 1858 2127 sigui--

133 2138 243 2209 (Oura,
258 2145 289 2195 ut
304 2140 411 2212 supro.)
428 2141 511 2196 Nulla
525 2157 577 2195 vox
593 2141 681 2211 lloysi
695 2140 821 2207 auditur,
841 2145 871 2195 et
894 2141 949 2195 lio·
1003 2137 1071 2194 licet
1084 2138 1223 2206 doctores,
1239 2139 1290 2210 qui
1304 2138 1388 2194 nobis
1413 2146 1556 2212 precepta
1579 2141 1643 2195 vite
1667 2143 1849 2213 annuntiant,

101 2227 195 2283 minus
211 2229 303 2284 dicit:
320 2231 392 2296 Quid
406 2230 507 2285 atomos
522 2230 560 2284 nd
584 2231 648 2284 me?
670 2230 761 2286 Velim
784 2230 855 2285 scire
879 2246 951 2301 quo·
1004 2231 1033 2281 et
1060 2243 1126 2282 cum
1151 2227 1239 2293 nube,
1259 2227 1288 2281 id
1314 2233 1358 2281 est
1385 2227 1504 2282 scientia
1525 2229 1737 2300 scripturarum
1762 2237 1854 2288 eastra

100 2317 183 2370 modo
200 2318 293 2372 suncti
307 2319 434 2372 clamant
448 2318 509 2371 sine
524 2334 591 2372 voce
608 2317 643 2371 ed
669 2318 771 2372 Deum.
798 2319 950 2388 Apostolus
1004 2316 1101 2381 lsrael,
1115 2315 1144 2370 id
1158 2320 1201 2370 est
1216 2315 1368 2370 Ecclesiam
1384 2317 1559 2387 praecedunt,
1576 2317 1643 2388 quia
1666 2336 1732 2374 cum
1760 2323 1852 2376 scien·

99 2403 132 2458 ad
148 2405 210 2460 Gal.
237 2422 276 2474 rr,
304 2406 395 2461 dicit:
423 2406 493 2472 (tuin
522 2405 601 2460 dubit
627 2408 696 2461 Deus
724 2407 859 2476 Spiritum
886 2408 952 2462 Pitii
1003 2405 1043 2459 tia
1057 2403 1269 2474 scripturarum
1289 2405 1452 2476 president.
1477 2406 1748 2477 supervenientibus
1770 2411 1853 2482 AEgy·

99 2496 142 2546 sui
155 2496 185 2549 in
209 2494 339 2550 cordibus
358 2497 458 2550 nostris
480 2496 664 2550 clamantem:
688 2495 779 2563 Abba,
802 2497 892 2549 Pater.
918 2496 951 2550 Et
1003 2493 1071 2563 ptiis
1086 2498 1241 2547 retrorsum
1258 2494 1329 2562 abit,
1346 2492 1414 2565 quia
1428 2502 1558 2566 ternpore
1572 2496 1778 2567 persecutionis
1800 2516 1851 2569 op-

99 2582 198 2636 addit:
218 2585 279 2652 ipsc
295 2584 418 2653 Spiritus
432 2585 588 2654 interpellat
602 2599 653 2653 pro
665 2584 741 2638 uobis
751 2584 895 2650 gemitibus
906 2587 950 2638 iu·
1004 2587 1114 2653 ponent
1127 2598 1157 2636 se
1172 2599 1224 2653 pro
1240 2582 1383 2652 subjectis.
1407 2584 1502 2639 Nubes
1524 2600 1591 2639 vero
1617 2586 1768 2640 tenebrosa
1791 2591 1853 2641 erat

97 2671 312 2727 monubilibus.
329 2672 361 2726 Et
374 2672 481 2728 iterum
497 2673 579 2727 Rom.
600 2689 647 2726 viu
664 2688 671 2726 ε
687 2672 742 2738 Qui
754 2678 844 2727 nutem
869 2687 949 2728 soru-
1004 2670 1153 2741 AEgyptiis,
1170 2671 1264 2726 lucida
1277 2671 1413 2726 Hebraeis.
1798 2673 1800 2675 ’

98 2763 170 2812 tntur
194 2759 291 2826 cordo,
320 2763 372 2815 scit
401 2761 468 2829 quid
497 2761 630 2816 desideret
659 2763 782 2830 spiritus.
809 2760 854 2815 Sic
881 2777 950 2832 ergo
1039 2760 1120 2813 Vens.
1148 2763 1286 2814 lt-31.—
1317 2763 1383 2816 Toto
1407 2766 1492 2828 nocte,
1520 2765 1572 2816 etc.
1597 2762 1668 2827 Quia
1692 2767 1753 2817 toto
1778 2767 1850 2819 tem-

98 2847 265 2917 postulante
278 2848 388 2920 Spiritu
403 2854 500 2904 sancto
516 2865 568 2920 per
581 2849 728 2903 silentium
747 2850 855 2903 clamor
879 2865 949 2903 san·
1003 2863 1074 2918 pore
1090 2848 1175 2919 hujus
1189 2848 1266 2913 ritoe,
1279 2864 1365 2918 quam
1381 2864 1435 2903 uox
1458 2849 1612 2918 significat,
1636 2849 1759 2922 Spiritus
1782 2868 1848 2906 sau·

97 2941 209 2990 olorum
227 2937 355 2992 eliditur.
371 2938 491 2992 iubetur
504 2939 594 2994 lloses
608 2938 689 3008 virga
701 2943 948 3008 percuteremare,
964 2959 985 3015 ρ
1003 2936 1040 2989 cti
1065 2935 1158 3007 gratia
1185 2951 1274 3006 aquas
1300 2936 1437 3007 baptismi
1459 2936 1592 3016 fidelibus
1618 2937 1754 2993 meabiles
1773 2937 1851 3007 iacit,

97 3029 127 3077 ut
140 3024 320 3095 ingredienti
334 3027 441 3098 populo
458 3028 508 3081 [tei
522 3027 612 3092 cedat,
627 3032 657 3081 et
670 3043 753 3098 aquae
776 3043 842 3098 quae
864 3027 948 3081 time-
1004 3027 1036 3079 ut
1062 3023 1098 3078 de
1126 3023 1270 3094 spirituali
1299 3025 1420 3096 AEgypto
1446 3025 1476 3079 in
1506 3029 1612 3081 terram
1652 3026 1851 3098 promissionis

96 3111 209 3180 bantur,
227 3114 329 3169 dextra
351 3116 479 3188 laevaque
503 3131 603 3171 murus
627 3116 744 3183 effecta,
769 3132 826 3170 uon
855 3117 946 3171 solum
1002 3117 1150 3167 transeant
1165 3129 1172 3167 :
1190 3112 1317 3167 hostium
1330 3129 1396 3167 vcro
1409 3114 1708 3172 sullocetexeroitum.

96 3202 255 3272 perniciem
272 3203 410 3269 nesciant,
435 3205 484 3260 sed
507 3205 593 3259 ctiam
616 3203 766 3259 munimen
786 3205 947 3272 exhibeant,
1039 3202 1212 3272 tlsro.)liarc
1227 3202 1358 3257 Rubrum
1380 3202 1554 3272 baptismum
1580 3205 1685 3260 Christi
1709 3205 1850 3276 sanguine

97 3291 278 3346 Soliditatem
293 3293 395 3364 recipit
409 3293 514 3365 liquor,
531 3295 667 3348 etsolum
681 3293 768 3347 maris
792 3292 894 3348 arescit
917 3293 947 3347 in
1002 3296 1198 3345 consecratum
1226 3289 1384 3362 significat;
1414 3290 1509 3346 hostes
1532 3309 1549 3346 a
1581 3298 1663 3364 tergo
1699 3299 1851 3365 sequentes

97 3381 245 3448 pulverem
262 3399 272 3435 r
287 3381 444 3436 honitatem
469 3383 610 3438 Creatoris
632 3382 771 3452 intellige,
794 3381 818 3436 si
845 3382 947 3437 volun·
1001 3395 1067 3434 cum
1080 3395 1149 3450 rege
1163 3379 1339 3446 moriuntur,
1355 3378 1423 3451 quia
1444 3386 1559 3452 peccata
1574 3383 1719 3453 preterita
1741 3383 1773 3439 in
1798 3384 1849 3438 ha-

95 3469 143 3522 tati
164 3470 229 3540 ejus
255 3470 449 3540 obtemperes,
472 3471 496 3525 si
518 3472 612 3542 legem
638 3472 699 3539 ejus
726 3470 865 3542 sequaris,
889 3471 946 3525 ele·
1000 3468 1107 3539 ptisrno
1135 3468 1278 3536 delentur,
1307 3473 1336 3523 et
1364 3469 1493 3524 diabolus
1516 3470 1686 3527 suffocatur:
1712 3477 1851 3543 premunt

95 3564 191 3613 menta
212 3559 267 3614 tihi
290 3566 389 3614 contra
413 3565 545 3615 naturam
572 3560 678 3615 servire
702 3559 859 3630 compellit.
885 3563 946 3613 Au·
999 3557 1123 3628 AEgyptii
1137 3573 1227 3629 usque
1241 3557 1277 3612 ad
1296 3572 1385 3623 mere,
1401 3562 1430 3613 et
1445 3563 1559 3629 peccato
1581 3576 1672 3631 usque
1696 3560 1731 3615 ad
1756 3559 1848 3631 bapti·

94 3644 149 3699 divi
178 3663 196 3700 a
222 3647 381 3718 majoribus
403 3647 540 3711 traditum
560 3647 637 3719 quod
662 3647 782 3717 singulis
815 3646 947 3702 tribubus
1000 3660 1105 3699 smum.
1126 3645 1192 3699 Post
1206 3644 1359 3699 transitum
1383 3645 1470 3700 maris
1497 3646 1585 3700 Rubri
1603 3652 1699 3702 cantat
1719 3649 1846 3719 populus

93 3733 217 3805 singulae
231 3749 376 3806 aquarum
399 3734 552 3789 divisiones
573 3734 655 3790 iactae
679 3739 756 3798 sunt,
781 3740 810 3789 et
830 3734 946 3805 propria
1000 3732 1156 3788 submersis
1172 3733 1303 3788 hostibus
1316 3732 1493 3800 infidelibus,
1509 3734 1649 3790 etlideles
1673 3736 1707 3791 de
1731 3737 1843 3790 lavacro

94 3821 254 3893 unicuique
268 3821 324 3876 rin.
340 3821 428 3892 idque
443 3823 604 3878 ostenditur
623 3840 656 3877 ex
682 3840 715 3877 eo
738 3823 817 3895 quod
841 3822 947 3877 dicitur
1000 3822 1194 3888 ascendeutes,
1210 3821 1353 3876 exstinctis
1374 3824 1506 3892 peccatis,
1531 3824 1672 3894 hymnum
1697 3823 1849 3880 decantant

91 3911 205 3980 psalmo
232 3926 348 3967 cxxxv:
377 3910 430 3977 Qui
457 3910 553 3966 diuisit
576 3926 652 3966 mure
675 3911 798 3967 Rubrum
822 3913 852 3965 in
875 3909 946 3964 diui·
1000 3910 1147 3970 dicentes:
1165 3912 1306 3967 Cantemus
1321 3913 1441 3972 Domino,
1456 3912 1664 3980 glorioseeuim,
1680 3917 1736 3967 etc.

92 4000 192 4067 rienes,
208 4002 263 4053 etc.
278 4000 312 4053 Et
336 3998 415 4067 alibi,
440 4000 512 4070 psal.
537 4015 633 4074 nxru:
659 4001 707 4055 lbi
725 3999 869 4068 Beniamin
892 4000 944 4052 mi·
1332 4041 1445 4096 CAPUT
1459 4043 1504 4096 xv

92 4102 141 4140 nor
154 4091 184 4140 iu
200 4093 321 4157 stupore.
336 4089 476 4158 Principes
489 4088 578 4156 dudo,
605 4086 685 4142 ducos
712 4103 812 4156 eorum,
834 4088 944 4156 priuci-
1506 4084 1512 4095 ’

92 4191 138 4245 pes
167 4177 289 4232 Zabulon
314 4181 341 4232 et
363 4179 503 4247 principes
529 4178 701 4247 Nephthnti:
728 4176 862 4247 proprius
875 4176 944 4231 uui·
1035 4177 1114 4230 Vens.
1146 4178 1170 4229 t.
1202 4203 1236 4215 -
1267 4176 1339 4229 Tunc
1358 4177 1455 4230 cecinit
1495 4179 1607 4244 Moyses,
1645 4181 1698 4231 etc.
1735 4176 1842 4247 (Oura,

92 4263 302 4334 ruiquetribui
317 4264 481 4319 enumerari
503 4265 617 4319 ridetur
640 4264 798 4335 ingressus.
828 4251 981 4336 Aperte-⁰
1001 4266 1093 4322 homil.
1109 4271 1125 4319 b
1140 4266 1170 4318 in
1191 4262 1290 4331 Euod.)
1316 4263 1403 4318 Multa
1426 4264 1536 4319 cantica
1558 4265 1681 4336 legimus
1712 4265 1743 4321 iu
1776 4267 1846 4322 Scri·

93 4351 136 4404 lus
151 4351 327 4421 baptismum
345 4351 376 4406 in
391 4353 465 4407 ltiose
479 4356 711 4408 consummatum
726 4353 796 4408 dicit
812 4352 843 4407 in
867 4353 942 4408 nube
997 4352 1099 4424 pruris,
1116 4351 1165 4407 sed
1181 4351 1235 4406 hoo
1249 4351 1378 4422 primum
1391 4353 1520 4407 omnium
1536 4359 1578 4408 est
1594 4355 1684 4425 quod,
1707 4355 1847 4428 AEgyptiis

94 4439 166 4494 etin
182 4439 267 4507 meri,
282 4440 380 4512 utqui
395 4440 592 4512 baptizarisiu
613 4441 735 4508 Christo,
758 4441 787 4495 in
812 4456 887 4512 equa
913 4445 942 4497 et
996 4445 1025 4496 et
1051 4441 1198 4496 Pharaone
1221 4440 1379 4506 submerso,
1419 4452 1482 4512 post
1522 4442 1669 4498 victoriam
1706 4449 1845 4500 cantatur.

91 4526 120 4581 in
133 4528 254 4600 Spiritu,
270 4528 342 4584 scias
356 4534 384 4583 te
413 4528 547 4584 insectari
569 4528 716 4601 AEgyptios
740 4533 769 4584 et
790 4527 827 4583 ad
852 4528 941 4583 serri-
996 4528 1054 4583 ilos
1082 4528 1160 4582 euim
1188 4532 1352 4584 sauctorum
1374 4534 1426 4597 est,
1448 4529 1498 4584 uhi
1522 4531 1701 4587 adversarius
1723 4531 1847 4586 vincitur

92 4615 163 4672 tium
191 4633 337 4684 revocare,
365 4620 488 4672 rectores
527 4617 635 4672 scilicet
668 4617 778 4680 muudi.
806 4621 835 4671 et
856 4616 941 4688 spiri-
997 4615 1077 4687 (quie
1091 4616 1185 4672 sciunt
1207 4633 1268 4672 non
1289 4634 1340 4672 sue
1353 4616 1470 4683 virtute,
1499 4620 1548 4674 sed
1572 4619 1622 4673 Dei
1647 4620 1740 4692 gretia
1759 4619 1846 4674 ricto·

92 4706 183 4760 tuales
214 4705 487 4778 nequitias,quihus
514 4710 580 4761 ento
608 4704 730 4760 servisti.
761 4705 806 4759 Sic
836 4708 868 4760 tn
890 4704 940 4760 de·
995 4705 1069 4759 riam
1099 4704 1226 4778 iactam),
1246 4706 1388 4778 hymnum
1407 4706 1465 4761 Deo
1489 4706 1706 4777 glorificationis
1730 4707 1844 4763 offerre.

92 4793 203 4848 suendis
231 4794 262 4848 in
291 4809 406 4865 aquam,
436 4798 465 4849 et
489 4794 586 4849 evadis
606 4793 762 4848 incolumis
790 4797 819 4848 et
850 4808 941 4848 novus
996 4793 1148 4865 Accipiunt
1178 4799 1275 4850 tamen
1311 4800 1445 4850 canentes
1477 4800 1615 4866 tympana
1640 4796 1671 4851 in
1699 4797 1842 4865 manibus,

92 4882 220 4938 aoennis
249 4888 430 4954 peccatorum
457 4882 588 4937 sordibus
612 4882 737 4949 ablutus,
761 4887 877 4952 paratus
904 4881 941 4936 ed
995 4884 1070 4939 sicut
1082 4884 1117 4938 de
1133 4885 1221 4940 llario
1233 4890 1261 4940 et
1275 4889 1370 4941 Aaron
1385 4884 1517 4940 refertur.
1532 4886 1565 4941 Et
1578 4891 1610 4940 tn
1624 4901 1704 4957 ergo,
1716 4886 1740 4942 si
1766 4903 1846 4942 mere

92 4970 267 5027 mutandum
292 4987 400 5026 norum
423 4970 578 5027 cauticum.
600 4969 940 5042 AEgyptiiliusequeutes
996 4973 1127 5029 Rubrum
1152 4974 1311 5040 transieris,
1336 4974 1360 5027 si
1389 4973 1537 5044 AEgyptios
1559 4974 1709 5048 submergi
1728 4976 1845 5044 rideris,

93 5066 263 5135 merguntur
278 5063 308 5116 in
323 5062 468 5132 abyssum,
488 5059 557 5115 etsi
581 5076 683 5131 rogere
699 5058 830 5114 ridentur
842 5060 940 5115 lesum
995 5067 1024 5117 et
1036 5063 1218 5117 Pharaonem
1244 5062 1417 5134 precipitari
1432 5063 1463 5116 in
1484 5063 1629 5134 abyssum,
1654 5070 1735 5135 potes
1763 5065 1845 5136 hym-

94 5165 125 5206 ne
140 5168 190 5207 eos
203 5151 310 5206 iterum
324 5155 435 5220 mergat
449 5150 480 5204 in
494 5149 637 5219 abyssum.
995 5167 1068 5205 num
1093 5152 1149 5206 Deo
1173 5154 1321 5221 gratanter
1350 5167 1466 5218 cauere,
1491 5155 1520 5206 et
1558 5152 1673 5208 dicere:
1697 5155 1845 5212 Cantemus

124 5243 188 5314 (io.)
201 5241 305 5309 Aliter,
320 5240 346 5294 si
358 5241 512 5310 AEgyptum
529 5237 629 5309 fugias,
646 5237 676 5293 id
703 5241 746 5292 est
768 5236 940 5308 ignorantie
994 5241 1110 5295 Domino
1138 5240 1261 5309 gloriose,
1283 5244 1336 5294 etc.
1366 5240 1487 5311 Dignius
1514 5245 1610 5296 autom
1639 5242 1692 5297 hoc
1719 5243 1804 5310 dices,
1821 5243 1845 5297 si

92 5331 232 5398 tenebras,
248 5330 271 5385 si
287 5328 417 5400 sequaris
432 5329 538 5396 ilosen,
560 5326 591 5382 id
616 5331 659 5381 est
684 5325 735 5382 liei
759 5327 864 5398 legem,
888 5342 938 5381 oc·
994 5327 1129 5384 habueris
1149 5328 1180 5382 in
1210 5343 1298 5382 manu
1326 5333 1507 5399 tympanum.
1532 5330 1563 5385 id
1596 5336 1649 5398 est,
1679 5330 1701 5385 si
1728 5348 1845 5387 carnem

93 5424 294 5476 innatantem
310 5434 400 5486 mare,
415 5416 446 5471 id
466 5421 518 5484 est,
543 5414 801 5471 contradicentium
824 5415 937 5484 iluctus,
995 5421 1076 5472 tuam
1091 5416 1265 5472 crucifixeris
1277 5432 1342 5471 cum
1357 5417 1433 5472 vitiis
1448 5423 1476 5474 et
1489 5420 1736 5490 concupiscentiis.

94 5514 203 5579 perotus
218 5514 248 5566 et
262 5513 296 5564 tu
309 5508 489 5563 obluctantes
503 5505 596 5562 undas
610 5504 702 5576 virga,
720 5503 752 5559 id
773 5510 826 5575 est,
851 5506 938 5562 verbo
1030 5506 1152 5561 Gton‘ose
1165 5507 1247 5574 enim,
1262 5510 1315 5563 etc.
1332 5506 1435 5576 (Oura.)
1450 5508 1514 5564 Non
1539 5508 1653 5577 sufficit,
1669 5510 1840 5578 glorificatur
