3892 6106
125 218 177 273 ill
241 224 247 233 '
439 213 638 272 walramus
658 217 782 273 statui
801 217 899 274 FULD.
921 218 1004 276 hou.
1028 218 1102 275 OPP.
1124 216 1212 274 PARS
1230 219 1256 274 1.
1278 248 1313 258 -
1331 215 1564 276 inhumatus.
1824 221 1879 272 ult

121 328 387 406 soqniaDomino
406 329 512 386 dicitur
534 330 695 399 induratus,
717 347 776 387 non
799 338 860 389 tam
883 351 962 408 quse·
982 335 1096 395 educit
1122 337 1253 393 locustas.
1281 336 1336 393 Sed
1359 336 1389 392 in
1412 352 1490 393 nona
1512 338 1640 394 extendit
1667 355 1809 395 maantam
1844 340 1877 395 in

120 422 221 479 stionis
250 419 405 487 solutione,
434 434 522 492 qnam
549 418 704 492 apostolica
729 421 897 476 auctoritate
928 439 973 477 re·
1023 425 1138 493 coelum,
1155 432 1183 481 et
1196 425 1270 482 llunt
1284 426 1410 481 tenebrae
1430 431 1459 480 et
1484 427 1586 499 caligo.
1616 429 1648 482 ln
1671 428 1784 483 decima
1810 445 1879 484 vero

121 508 247 583 spondit,
262 525 315 580 pro
329 508 517 580 incapacitate
542 508 718 577 auditorum,
741 509 814 565 sicut
840 510 909 566 alibi
932 511 972 566 ait
1023 513 1090 568 finis
1113 518 1142 568 et
1165 512 1301 584 perfectio
1328 513 1417 567 totius
1437 513 1534 585 operis
1561 513 1742 570 ministratur
1773 531 1790 568 a
1822 517 1879 570 Do·

123 601 160 670 (ll
176 600 242 654 Cor.
256 599 307 669 ιιι)
323 613 331 653 :
345 599 381 654 Et
397 597 505 654 audiuit
522 613 625 653 urcuuo
642 598 734 667 cubo,
750 614 810 668 pue
833 615 887 655 noo
909 600 972 656 ticet
1024 600 1113 655 mino.
1142 599 1221 655 Sicut
1245 600 1323 654 enim
1352 600 1480 655 dicitur:
1509 601 1550 656 Et
1571 603 1707 657 Dominus
1741 604 1880 672 percussit

123 689 226 745 homiui
240 688 325 757 loqui.
343 687 423 742 Unde
439 686 469 741 in
485 685 670 759 sequentibus
685 702 751 742 eum
767 687 817 760 qui
831 704 891 744 non
912 693 971 744 tarn
1024 703 1100 745 omne
1113 690 1321 758 primopesilum
1335 691 1365 743 in
1383 694 1458 744 terro
1473 690 1606 759 AEpppti.

123 776 286 833 studiorum
301 774 404 830 merito
419 790 506 847 quam
520 775 628 830 sciendi
641 775 796 848 cupiditate
811 778 970 833 secretiori·
1060 777 1163 847 ssuaa.)
1180 778 1226 831 Est
1239 779 1293 831 alia
1316 778 1492 833 ohanvanda
1514 778 1677 835 differentia
1692 795 1699 832 :
1723 777 1754 833 in
1781 779 1877 852 prima

122 866 177 921 bus
200 881 230 920 se
254 863 460 938 questionibus
483 863 623 920 curiosius
648 863 797 938 [curiosus]
813 864 970 939 immergit,
1024 864 1102 921 enim
1117 865 1202 936 plaga
1217 880 1370 937 cumaqua
1388 865 1505 920 vortitur
1527 864 1559 921 iu
1585 866 1768 938 sanguinem,
1794 885 1874 924 nou-

122 954 247 1010 deterret
259 953 356 1009 dicens
371 953 453 1009 Rom.
471 970 500 1008 rx
516 969 523 1008 :
539 953 561 1010 D
580 953 666 1022 Ιιοιιιο,
683 956 733 1024 qui
745 969 772 1010 es
788 957 838 1024 qui
863 971 972 1028 rcspou·
1024 955 1093 1010 dum
1107 953 1212 1009 dicitur
1233 953 1300 1008 llosi
1327 958 1359 1009 ut
1383 953 1504 1009 intraret
1527 955 1562 1009 ad
1593 955 1784 1025 Pharaonem,
1812 960 1872 1024 sed,

124 1043 188 1098 deos
202 1045 265 1098 Deo.
1022 1039 1092 1096 υαόι
1107 1042 1136 1096 iu
1160 1056 1298 1096 occursum
1325 1042 1395 1111 ejus,
1418 1045 1472 1095 etc.
1497 1042 1530 1096 In
1555 1042 1681 1097 secunda
1705 1058 1782 1108 vero,
1808 1059 1876 1101 con-

160 1131 250 1206 (aaa.)
286 1129 447 1203 Septimum
487 1133 683 1200 preceptum:
722 1131 781 1186 Non
811 1131 969 1199 surabmm
1024 1132 1132 1185 stanter
1158 1132 1187 1184 et
1209 1129 1333 1184 lideliter
1366 1129 1527 1184 ministrata
1555 1129 1660 1201 prima,
1694 1130 1800 1185 dicitur
1838 1133 1876 1188 ad

124 1222 246 1295 septima
259 1220 354 1292 plaga,
369 1218 478 1290 grando
493 1218 523 1272 in
539 1217 691 1273 fructibus.
711 1219 800 1272 Nemo
821 1219 900 1274 enim
917 1220 969 1275 ha·
1024 1233 1091 1273 eum
1107 1234 1113 1273 ι
1131 1212 1212 1273 Intro
1227 1219 1264 1273 acl
1279 1219 1457 1282 Pharaonem,
1473 1224 1526 1275 etc.
1543 1221 1575 1274 ln
1590 1221 1675 1275 tertia
1697 1237 1763 1275 raro
1788 1222 1875 1277 scini-

124 1312 173 1366 het
184 1310 326 1382 iniustum
340 1308 451 1362 lucrum
466 1306 527 1361 sine
537 1306 616 1378 justo
631 1306 744 1362 damno.
763 1307 837 1362 Dum
855 1307 969 1377 furaris,
1022 1307 1279 1379 phesiniaruntnr,
1293 1307 1373 1379 magi
1384 1308 1490 1363 cedunt
1504 1308 1684 1378 coufitentes,
1705 1310 1775 1381 quia
1799 1311 1873 1379 dipi-

123 1397 249 1471 acquiris
275 1401 393 1462 vestem,
423 1393 529 1449 amittis
554 1393 640 1449 iidem
669 1410 676 1450 ε
707 1393 819 1449 lucrum
847 1394 969 1464 visibile,
1024 1400 1066 1451 tus
1082 1395 1135 1451 Dei
1146 1399 1184 1450 est
1199 1395 1251 1450 hic.
1267 1396 1299 1450 ln
1314 1398 1416 1466 quarta
1437 1410 1503 1449 vero
1531 1395 1651 1466 vigilare
1672 1397 1793 1469 jubetur
1817 1399 1874 1453 bio·

123 1489 262 1543 damnum
275 1483 418 1539 invisibile
436 1499 443 1538 :
458 1484 569 1538 lucrum
580 1482 673 1538 detua
683 1483 969 1553 coecitate,damnum
1022 1499 1067 1538 ses
1082 1499 1176 1550 mane,
1201 1487 1230 1538 et
1253 1488 1328 1538 stare
1350 1487 1448 1538 contra
1469 1484 1644 1539 Pharaonem
1670 1486 1875 1556 procedentem
1927 1524 1934 1541 0

123 1576 159 1632 de
174 1573 289 1630 Domini
305 1574 392 1628 nube.
409 1571 463 1638 Qui
478 1571 555 1627 enim
567 1573 646 1626 malo
662 1572 802 1628 desiderio
812 1571 968 1628 forinsecus
1024 1570 1060 1626 ad
1078 1586 1176 1641 aquas,
1193 1587 1258 1627 cum
1271 1586 1411 1644 cynomya
1430 1572 1579 1643 replentur
1599 1572 1797 1644 AEgyptiorum
1822 1575 1874 1629 do·

123 1664 267 1730 iurantur,
281 1662 316 1717 de
326 1659 435 1733 judicio
445 1658 618 1715 intrinsecus
630 1660 850 1731 grandinantur,
861 1664 890 1716 et
901 1677 972 1733 ager
1026 1675 1099 1715 mus.
1113 1660 1146 1714 la
1159 1659 1260 1731 quinta
1273 1675 1339 1715 cum
1353 1676 1458 1732 pecora
1472 1660 1614 1728 delentur,
1631 1661 1667 1716 ad
1693 1662 1872 1718 Pharaonem

123 1752 215 1809 cordis
230 1765 330 1806 eorum
345 1749 517 1805 devastatur.
1025 1746 1132 1803 intrare
1149 1748 1277 1819 jubetur.
1305 1748 1339 1802 In
1363 1752 1440 1803 sexta
1459 1748 1655 1803 contemuitur
1677 1750 1798 1819 Pharao,
1821 1768 1875 1806 noc

159 1842 238 1896 Vens.
257 1843 299 1907 lli,
318 1843 360 1894 ΙΙ.
384 1838 490 1895 idcirco
517 1841 607 1895 autem
626 1839 711 1907 positi
738 1842 773 1908 te,
798 1841 851 1893 etc.
877 1838 970 1910 (huc,
1027 1835 1132 1892 dicitur
1152 1834 1229 1907 qnod
1255 1834 1426 1890 iutraverint
1449 1834 1539 1890 tiosos
1564 1840 1594 1889 et
1612 1837 1708 1890 Aaron
1730 1837 1767 1892 ad
1792 1854 1872 1904 enm,

124 1933 218 2002 quest.
233 1927 293 1998 ΙΙ.)
307 1928 372 1982 llaec
387 1926 473 1981 rerba
492 1925 645 1996 Apostolus
668 1925 775 1996 posuit,
800 1929 865 1994 etc,
887 1941 972 1998 usque
1026 1922 1094 1995 quia
1108 1923 1182 1978 iactu
1196 1923 1368 1978 suntulccra
1390 1926 1418 1978 et
1432 1921 1532 1977 resine
1560 1937 1625 1976 cum
1648 1922 1759 1979 fervore
1786 1925 1874 1981 ctiam

124 2022 161 2076 od
175 2017 212 2073 ad
225 2031 326 2073 eornm
341 2014 496 2070 utilitatem
511 2029 579 2084 ergo
596 2014 706 2068 Pharao
722 2018 764 2068 est
778 2018 917 2070 serratus.
1026 2026 1113 2082 super
1126 2010 1279 2078 malelicos,
1294 2015 1323 2066 et
1343 2026 1401 2065 nou
1424 2014 1558 2081 poterant
1584 2009 1714 2065 resistere
1737 2013 1816 2068 blosi.
1840 2015 1874 2069 In

158 2108 239 2162 Vens.
258 2107 300 2161 lli.
315 2135 350 2145 —
365 2106 408 2160 Ειι
429 2105 526 2175 pluam
552 2118 623 2169 crus,
653 2106 707 2156 etc.
734 2101 837 2175 (Dato.)
862 2104 969 2158 llucus-
1026 2099 1148 2170 septima
1160 2099 1279 2171 vigilare
1294 2099 1413 2170 jubetur
1426 2098 1509 2154 valde
1524 2114 1620 2161 mane,
1636 2102 1665 2153 ct
1678 2106 1752 2154 stare
1771 2107 1874 2158 contra

125 2211 181 2267 que
199 2209 252 2267 per
271 2205 404 2247 errorum
426 2206 546 2246 suorum
569 2190 676 2260 ligurus
699 2189 808 2245 mundo
825 2191 972 2263 supplicia
1026 2187 1217 2257 Pharaonem,
1235 2203 1300 2242 cum
1324 2187 1494 2259 grandinem
1516 2192 1545 2243 ct
1567 2186 1663 2258 ignem
1687 2187 1818 2259 producit
1845 2194 1875 2244 et

123 2283 321 2352 temperantur
334 2297 343 2333 r
358 2282 425 2350 post
447 2278 509 2334 boec
530 2278 649 2335 veniunt
670 2280 789 2335 verbera
811 2280 847 2335 de
868 2295 971 2351 super·
1026 2291 1118 2330 voces.
1135 2276 1168 2331 ln
1182 2281 1279 2331 octava
1293 2276 1401 2331 intrare
1414 2275 1582 2347 precipitur
1599 2276 1633 2331 ad
1655 2292 1722 2331 eum
1744 2292 1809 2332 cum
1832 2278 1874 2332 lc

124 2370 180 2426 nis.
1025 2367 1106 2419 custa
1118 2364 1296 2434 producitur.
1314 2365 1347 2418 ln
1365 2380 1443 2419 nona
1461 2380 1561 2420 rursus
1581 2365 1774 2420 contemnitur
1798 2365 1872 2421 Pha·

158 2459 239 2513 γης,
263 2435 358 2511 ipss,
374 2484 408 2497 .-
426 2457 502 2512 uitts
515 2466 578 2526 erpo
599 2456 660 2526 y'nm
683 2470 764 2523 nuuc,
793 2459 848 2511 etc.
872 2455 968 2527 (Aac,
1025 2467 1085 2517 rao,
1100 2456 1128 2506 et
1143 2450 1335 2525 llosi[hloses]
1351 2453 1517 2524 precipitur
1532 2453 1569 2508 ad
1590 2454 1693 2509 coelurn
1717 2455 1874 2509 extendere

124 2548 320 2619 questibus
338 2544 439 2612 Eroti„
467 2548 536 2599 tom.
562 2543 623 2614 ΙΙΙ.)
653 2545 710 2599 lloc
735 2560 795 2600 uon
819 2549 875 2600 hm
898 2545 971 2601 indi·
1026 2540 1409 2610 neocaesariensem
1429 2541 1611 2612 palpabiles:
1634 2558 1686 2597 nec
1705 2542 1803 2609 intrat,
1825 2543 1873 2599 sed

125 2639 246 2706 gnantcr
281 2648 370 2706 quam
408 2631 631 2688 misericorditer
658 2647 838 2702 praemonere
859 2633 972 2690 videtur
1026 2633 1144 2684 vocatur
1168 2631 1204 2685 ad
1228 2629 1416 2685 Pharaonem.
1443 2630 1582 2686 Similiter
1603 2630 1633 2685 iu
1659 2631 1781 2698 decima,
1807 2648 1873 2687 cum

125 2724 209 2788 Dens,
239 2726 303 2790 etc,
330 2736 416 2790 suque
442 2720 480 2776 usi
507 2721 644 2792 quoniam
673 2725 797 2776 mortem
834 2738 970 2794 pecorum
1026 2717 1327 2790 primitiradelentur,
1343 2722 1370 2774 el
1385 2718 1497 2791 cogitur
1512 2718 1772 2774 cnmleslinationc
1795 2720 1873 2775 exire

124 2812 250 2869 minatus
264 2815 307 2866 est
321 2811 405 2876 Dens,
418 2809 549 2882 quamvis
564 2809 595 2864 id
609 2809 755 2881 Scriptura
769 2811 898 2868 tacuerit.
1026 2806 1062 2863 dc
1076 2809 1210 2878 AEgypto.

160 2897 458 2970 (Paccor.)Caeterum
479 2898 659 2969 providentia
680 2898 776 2954 divina
799 2898 906 2956 iactum
929 2905 1006 2973 estc
1061 2897 1098 2952 lit
1133 2897 1261 2951 Minus
1300 2894 1376 2950 dedit
1416 2897 1548 2964 tonitruo,
1588 2896 1646 2968 (lo,
1686 2898 1798 2964 homil„
1834 2899 1872 2968 4.)

123 3003 160 3042 ne
186 2988 319 3057 jumenta
342 2985 493 3040 interirent
514 2986 620 3041 omnia.
651 2988 722 3043 Nam
742 3003 815 3060 opus
844 2993 906 3045 erat
922 2990 970 3062 J'u·
1025 2983 1095 3040 Vide
1109 2987 1369 3055 temperamentum
1383 2982 1490 3039 divine
1504 2985 1688 3040 correctionis
1704 3001 1711 3040 :
1726 3002 1786 3040 non
1806 3002 1873 3041 cum

123 3076 309 3146 mentisque
322 3074 467 3130 traherent
480 3091 580 3130 currus
596 3075 702 3147 quibus
718 3077 828 3132 Pharao
846 3081 972 3149 postmo-
1025 3071 1139 3127 silentio
1152 3071 1292 3139 verberet,
1307 3071 1355 3126 sed
1375 3070 1424 3127 dat
1442 3088 1535 3142 voces,
1560 3077 1589 3127 et
1610 3073 1771 3128 doctrinam
1795 3075 1873 3131 coeli·

97 3165 192 3220 ‘dum
208 3164 389 3219 insecuturus
400 3168 462 3219 erat
481 3164 633 3236 fugientes,
651 3169 683 3220 ut
698 3180 748 3220 cos
762 3165 793 3221 in
816 3166 972 3224 solitudine
1025 3162 1071 3216 lus
1086 3158 1182 3224 millii,
1200 3175 1252 3230 per
1274 3175 1361 3231 quum
1384 3159 1474 3230 possit
1496 3160 1621 3216 mundus
1645 3162 1800 3234 castigatus
1816 3165 1874 3219 cul·

124 3252 288 3310 trucidarat.
312 3252 416 3307 venam
440 3250 538 3306 divina
561 3251 742 3323 providentia
769 3252 854 3309 aliter
879 3259 972 3310 totum
1024 3263 1091 3318 pam
1107 3262 1190 3302 snam
1203 3262 1367 3319 agnoscere.
1382 3249 1435 3303 uat
1453 3249 1623 3319 grandinem
1648 3266 1700 3320 per
1720 3267 1808 3322 quam
1828 3256 1874 3306 te·

125 3339 471 3414 gubcrnarituegotium.
1025 3352 1094 3392 nera
1128 3341 1275 3391 vastantur
1300 3337 1560 3392 adhaerescentia
1597 3339 1745 3395 vitiorum.
1770 3342 1825 3396 Dat
1846 3346 1875 3397 et

160 3431 242 3484 Vens.
259 3430 303 3484 22.
320 3457 354 3470 -
379 3427 502 3484 ecimus
525 3443 646 3497 monum,
673 3432 726 3484 etc.
748 3428 895 3501 (Phocoe.)
915 3430 972 3486 hd·
1024 3424 1134 3497 ignem,
1150 3424 1242 3479 sciens
1256 3440 1317 3479 esse
1340 3424 1486 3495 spinossi
1512 3425 1633 3481 tribulos
1656 3443 1727 3499 quos
1750 3427 1875 3485 debebat

125 3516 287 3572 monendus
311 3520 354 3571 est
378 3516 434 3570 hoc
460 3517 521 3571 loco
546 3517 646 3584 lector,
664 3517 770 3572 hlosern
801 3534 860 3573 non
875 3518 973 3590 juberi
1025 3513 1149 3586 depasci,
1178 3513 1214 3568 de
1239 3529 1296 3583 quo
1322 3513 1390 3568 dicit
1418 3514 1554 3569 Dominus
1583 3516 1639 3570 Luc
1669 3533 1708 3571 ιιιι
1736 3533 1742 3571 :
1778 3519 1875 3586 [paen

126 3604 368 3661 omniamlrenda
386 3603 479 3660 iacere
506 3604 596 3675 virga,
626 3605 676 3660 sed
696 3606 797 3660 saltem
818 3606 970 3678 quedam:
1025 3604 1251 3660 oenimittercin
1267 3602 1424 3672 terratico
1446 3607 1505 3673 ιιι).
1532 3604 1585 3661 Per
1608 3605 1685 3660 hunc
1708 3605 1807 3678 ignm
1830 3606 1873 3668 in·

124 3783 297 3838 interitum:
329 3783 461 3854 quaedam
482 3798 620 3837 manuum
639 3782 799 3838 ministerio
822 3799 970 3855 peragere,
1060 3780 1159 3852 (lona.)
1174 3780 1247 3836 Sunt
1258 3780 1315 3836 alia
1327 3782 1418 3836 multa
1442 3782 1628 3852 observanda,
1649 3783 1679 3838 in
1701 3784 1806 3856 quibus
1827 3785 1872 3841 di·

124 3875 156 3927 ut
170 3871 239 3926 dum
269 3870 372 3942 accipit
385 3869 537 3939 fuliginem
553 3870 588 3925 de
612 3870 726 3926 camino
750 3875 779 3925 et
801 3871 971 3942 grandinem
1024 3869 1089 3925 rina
1108 3868 1252 3925 indicatur
1272 3868 1423 3940 sapientia.
1448 3869 1543 3925 Prlmo
1567 3871 1644 3926 enim
1667 3888 1725 3927 nou
1747 3872 1873 3930 flectitur

123 3959 256 4016 concitat.
286 3960 338 4016 Sed
368 3975 433 4032 quse
461 3959 567 4015 hor'um
596 3964 639 4015 est
663 3958 773 4015 causa?
796 3960 837 4015 Ne
868 3960 970 4032 vulgus
1024 3959 1213 4015 Pharaocnm
1228 3958 1347 4030 aquain
1363 3960 1532 4029 sanguinem
1549 3961 1678 4015 vertitur.
1695 3962 1870 4019 insecundo

123 4049 258 4119 opinetur
272 4048 382 4120 magica
397 4046 799 4119 superstitionevirgamessc
814 4047 971 4116 inclamet
1023 4062 1125 4118 perum
1153 4045 1259 4102 molliri
1286 4045 1421 4102 videtur:
1454 4049 1567 4104 Vocooit
1594 4052 1665 4104 euim
1692 4049 1813 4119 llilopseu
1846 4057 1873 4107 ct

121 4137 178 4209 ipsi
191 4137 326 4192 mirificos
340 4136 405 4190 illos
421 4137 537 4192 allectus
552 4137 741 4208 assignarent.
1025 4134 1131 4198 Aescu,
1147 4134 1239 4190 diceus
1255 4151 1261 4191 :
1279 4138 1361 4191 Orate
1373 4151 1424 4205 pro
1438 4151 1479 4190 me
1500 4135 1656 4203 Dominum,
1681 4141 1733 4193 etc.
1758 4138 1791 4192 In
1816 4143 1875 4194 ter·

155 4227 237 4280 Vsus.
251 4226 346 4280 23-29.
379 4253 413 4266 —
434 4225 624 4295 Eutenditpuc
646 4228 750 4295 itopses
771 4229 889 4294 uirgam,
914 4231 967 4282 etc.
984 4199 1006 4255 ⁰
1024 4222 1065 4277 tio
1081 4221 1157 4292 magi
1170 4222 1285 4292 cedunt,
1308 4222 1457 4278 dicentes:
1477 4226 1587 4292 Digitus
1609 4227 1659 4280 Dei
1680 4231 1720 4280 est
1744 4228 1798 4293 hic,
1820 4232 1872 4282 etc.

100 4313 224 4387 ¹(Date,
251 4312 299 4367 uhi
323 4313 433 4380 supro.)
456 4311 528 4367 Illud
553 4328 668 4384 quoque
691 4314 861 4376 notandum,
890 4315 969 4386 quod
1023 4312 1054 4366 Ιιι
1079 4316 1181 4382 quarto
1201 4326 1254 4381 per
1275 4327 1445 4383 cynomyam
1469 4313 1634 4368 verberatus
1659 4314 1745 4371 dicit:
1771 4318 1873 4373 Euutes

120 4401 252 4473 quadam
266 4400 386 4454 verbera
401 4399 507 4455 inferre
519 4400 623 4455 dicitur
637 4404 742 4469 {Aaron
765 4402 905 4457 Pharaoni
923 4403 968 4458 vel
1021 4401 1157 4455 immolate
1177 4400 1292 4455 Domino
1307 4402 1373 4467 Deo,
1390 4408 1442 4456 etc.
1460 4401 1492 4455 ln
1511 4401 1624 4473 quinto,
1650 4402 1701 4458 ubi
1722 4420 1808 4460 neces
1825 4421 1874 4476 pe-

120 4491 252 4560 AEgypto,
266 4486 400 4559 quedam
415 4485 519 4556 Moses,
534 4488 667 4559 quadam
692 4505 759 4543 sero
782 4489 844 4560 ipsc
869 4491 967 4546 Domi·
1021 4487 1128 4550 cudtrm
1142 4502 1215 4542 essse
1228 4487 1373 4555 dicuutur,
1391 4505 1448 4544 non
1463 4489 1549 4554 cedit,
1571 4491 1622 4548 sed
1644 4492 1768 4562 amplius
1791 4493 1874 4548 indu·

119 4588 185 4629 nus.
203 4573 236 4627 ln
251 4572 345 4644 prima
359 4570 437 4626 enim
452 4571 547 4642 plaga,
563 4570 613 4627 ubi
635 4587 724 4644 aquas
740 4574 824 4630 vertit
849 4573 879 4629 in
902 4590 968 4629 san·
1021 4575 1103 4631 rasit.
1119 4575 1256 4631 Similiter
1270 4575 1300 4630 in
1317 4581 1396 4632 sexto
1411 4593 1501 4649 super
1513 4579 1599 4651 plaga
1615 4579 1754 4635 ulcerum.
1769 4582 1803 4636 ln
1826 4598 1872 4637 sc-

118 4661 246 4733 gninem,
267 4661 358 4717 elevat
372 4664 467 4714 Aaron
481 4659 593 4730 virgam
610 4664 639 4715 et
660 4661 784 4731 percutit
799 4678 913 4733 aquam.
935 4662 967 4717 ln
1021 4664 1112 4736 ptimo
1124 4679 1202 4735 vcro,
1217 4680 1286 4720 cum
1304 4665 1445 4736 grandine
1459 4669 1586 4723 vastatur
1601 4672 1630 4722 at
1648 4668 1774 4742 ignibus,
1794 4685 1872 4726 uoce·

119 4750 244 4806 secunda
258 4748 382 4821 percutit
397 4751 523 4821 aquaset
536 4748 632 4803 educit
645 4764 739 4804 ranas.
760 4750 792 4804 ln
810 4751 894 4805 tertia
916 4767 967 4806 ex·
1021 4755 1062 4810 uit
1090 4755 1199 4821 ilopscu
1225 4758 1250 4808 et
1274 4754 1369 4810 Aaron
1394 4754 1505 4811 dicens:
1541 4758 1653 4812 Pececoi
1682 4760 1765 4814 dmm
1789 4775 1870 4826 nuuc,

117 4838 210 4893 tendit
225 4853 344 4892 manum
362 4843 391 4892 et
415 4835 539 4909 percutit
563 4836 642 4907 virga
661 4837 807 4907 pulverem
831 4842 916 4893 terroe
940 4842 968 4894 et
1022 4843 1149 4898 Dominus
1160 4843 1263 4911 justus,
1278 4858 1326 4912 epo
1341 4848 1429 4900 cutem
1444 4849 1469 4899 et
1495 4847 1592 4915 populi
1614 4849 1668 4901 mei
1690 4849 1792 4918 iniqui,
1816 4854 1871 4903 etc.

118 4925 193 4980 liunt
205 4925 357 4995 sciniphes.
374 4926 406 4980 In
421 4927 522 4996 quarta
533 4922 639 4979 dicitur
652 4923 791 4980 Dominus
805 4925 914 4993 iecisse,
937 4930 968 4980 ut
1022 4932 1055 4986 ln
1070 4935 1168 4984 octavo
1183 4946 1247 4986 cum
1263 4932 1380 4987 locustis
1392 4937 1555 5004 urgeretur,
1571 4934 1740 4991 festinanter
1761 4937 1872 4993 vocarit

118 5012 229 5067 reniret
243 5028 391 5084 cynomya.
408 5013 440 5068 ln
455 5012 558 5084 quinta
570 5028 686 5085 quoquc
700 5029 766 5068 cum
777 5014 966 5086 exstinguuu·
1022 5018 1118 5073 blosen
1131 5023 1160 5074 et
1172 5021 1268 5074 Aaron
1278 5019 1393 5075 diceus:
1410 5023 1521 5077 Peccuui
1536 5028 1599 5079 onte
1622 5027 1763 5080 Dominum
1788 5029 1872 5081 Βεωιι

113 5105 161 5156 tur
174 5115 288 5170 pecora,
305 5100 409 5156 dicitnr
421 5101 519 5157 iecisse
534 5102 652 5158 verbum
669 5102 732 5158 hoc.
749 5103 782 5157 ln
797 5108 877 5158 sexta
900 5120 966 5159 sero
1021 5111 1140 5162 ossuum
1179 5110 1209 5163 iu
1240 5123 1297 5163 uos.
1330 5109 1443 5179 suscipe
1486 5116 1628 5181 peceatum
1659 5128 1756 5183 meum,
1789 5117 1873 5170 etium

115 5191 204 5247 iloses
223 5189 348 5259 aspergit
358 5189 494 5257 favillam,
508 5194 536 5246 et
546 5190 620 5245 llunt
638 5191 735 5246 ulcera
752 5194 781 5246 et
800 5192 910 5247 vesicae.
934 5194 967 5248 ln
1021 5211 1092 5251 nunc
1106 5201 1181 5252 orote
1192 5196 1230 5252 cd
1242 5201 1383 5254 Dominum
1398 5200 1486 5255 Deum
1500 5206 1629 5258 uestrum.
1645 5202 1678 5255 ln
1694 5218 1784 5269 nono,
1806 5219 1872 5259 cum

113 5277 237 5349 septima
250 5277 341 5331 elevat
354 5293 472 5333 manum
486 5277 518 5332 in
538 5279 643 5336 coslum
668 5283 696 5335 et
718 5279 792 5336 liunt
823 5296 906 5336 voces
937 5287 968 5337 et
1021 5285 1147 5340 tenebris
1161 5286 1345 5353 suffunditur,
1361 5293 1442 5343 vocat
1456 5289 1551 5345 iioscn
1575 5294 1604 5345 et
1624 5292 1730 5361 Aaron,
1750 5290 1870 5348 dicens:

114 5364 224 5440 grando
238 5363 352 5434 scilicet,
369 5369 422 5420 etc.
443 5365 476 5420 ln
492 5369 590 5422 octava
604 5367 738 5424 similiter
757 5368 887 5425 extendit
905 5385 967 5425 ma·
1023 5374 1061 5430 lte
1074 5378 1099 5428 et
1120 5378 1218 5430 servite
1237 5378 1349 5432 minino
1383 5379 1436 5432 Deo
1460 5384 1558 5434 uestro.
1585 5379 1618 5433 ln
1648 5378 1769 5447 decimo,
1804 5397 1869 5436 cum

114 5469 169 5512 nus
182 5453 213 5509 iu
227 5453 338 5520 coelum,
361 5457 389 5509 et
413 5453 553 5510 Dominus
577 5455 688 5513 inducit
711 5463 839 5529 reatum,
868 5463 897 5515 et
914 5459 968 5516 sd·
1022 5462 1168 5534 primitiva
1188 5464 1420 5536 exstinguuntur,
1446 5471 1528 5522 vocat
1550 5482 1599 5522 eos
1617 5473 1699 5523 nocte
1724 5473 1753 5524 et
1776 5469 1868 5527 dicit:
