<?xml version="1.0" encoding="UTF-8"?>
<!DOCTYPE html PUBLIC "-//W3C//DTD XHTML 1.0 Transitional//EN"
    "http://www.w3.org/TR/xhtml1/DTD/xhtml1-transitional.dtd">
<html xmlns="http://www.w3.org/1999/xhtml" xml:lang="en" lang="en">
 <head>
  <title>
</title>
<meta http-equiv="Content-Type" content="text/html;charset=utf-8" />
  <meta name='ocr-system' content='tesseract 3.04.00' />
  <meta name='ocr-capabilities' content='ocr_page ocr_carea ocr_par ocr_line ocrx_word'/>
</head>
<body>
  <div class='ocr_page' id='page_1' title='image "./patrologiaecurs04migngoog_0436.png"; bbox 0 0 3892 6106; ppageno 0'>
   <div class='ocr_carea' id='block_1_1' title="bbox 97 253 1848 315">
    <p class='ocr_par' dir='ltr' id='par_1_1' title="bbox 97 253 1848 315">
     <span class='ocr_line' id='line_1_1' title="bbox 97 253 1848 315; baseline 0.005 -11"><span class='ocrx_word' id='word_1_1' title='bbox 97 254 145 305; x_wconf 81' lang='lat' dir='ltr'>tilii</span> <span class='ocrx_word' id='word_1_2' title='bbox 665 253 791 312; x_wconf 77' lang='lat' dir='ltr'>GLOSSb</span> <span class='ocrx_word' id='word_1_3' title='bbox 810 255 1012 314; x_wconf 72' lang='lat' dir='ltr'>attullimus.</span> <span class='ocrx_word' id='word_1_4' title='bbox 1033 284 1066 297; x_wconf 84' lang='lat'><em>-</em></span> <span class='ocrx_word' id='word_1_5' title='bbox 1087 255 1151 313; x_wconf 78' lang='lat' dir='ltr'>clu.</span> <span class='ocrx_word' id='word_1_6' title='bbox 1173 256 1293 312; x_wconf 72' lang='lat' dir='ltr'>l’Slle.</span> <span class='ocrx_word' id='word_1_7' title='bbox 1795 260 1848 315; x_wconf 73' lang='lat' dir='ltr'>tui</span> 
     </span>
    </p>
   </div>
   <div class='ocr_carea' id='block_1_2' title="bbox 91 374 1849 1600">
    <p class='ocr_par' dir='ltr' id='par_1_2' title="bbox 91 374 1849 1600">
     <span class='ocr_line' id='line_1_2' title="bbox 94 374 1849 451; baseline 0.004 -22"><span class='ocrx_word' id='word_1_8' title='bbox 94 374 265 429; x_wconf 79' lang='lat' dir='ltr'>manifestus</span> <span class='ocrx_word' id='word_1_9' title='bbox 281 375 345 444; x_wconf 89' lang='lat' dir='ltr'>erit,</span> <span class='ocrx_word' id='word_1_10' title='bbox 357 379 423 443; x_wconf 80' lang='lat' dir='ltr'>ete,</span> <span class='ocrx_word' id='word_1_11' title='bbox 449 391 533 445; x_wconf 77' lang='lat' dir='ltr'>usque</span> <span class='ocrx_word' id='word_1_12' title='bbox 555 376 592 431; x_wconf 87' lang='lat' dir='ltr'>ad</span> <span class='ocrx_word' id='word_1_13' title='bbox 615 382 714 433; x_wconf 78' lang='lat' dir='ltr'><strong>auctor</strong></span> <span class='ocrx_word' id='word_1_14' title='bbox 727 379 870 434; x_wconf 84' lang='lat' dir='ltr'>malorum</span> <span class='ocrx_word' id='word_1_15' title='bbox 881 396 947 435; x_wconf 87' lang='lat' dir='ltr'>eum</span> <span class='ocrx_word' id='word_1_16' title='bbox 965 379 1050 437; x_wconf 79' lang='lat' dir='ltr'>Ahic</span> <span class='ocrx_word' id='word_1_17' title='bbox 1064 380 1135 451; x_wconf 89' lang='lat' dir='ltr'>petit</span> <span class='ocrx_word' id='word_1_18' title='bbox 1153 380 1292 451; x_wconf 87' lang='lat' dir='ltr'>propbeta</span> <span class='ocrx_word' id='word_1_19' title='bbox 1306 378 1488 450; x_wconf 88' lang='lat' dir='ltr'>iniquitatem</span> <span class='ocrx_word' id='word_1_20' title='bbox 1502 377 1600 433; x_wconf 90' lang='lat' dir='ltr'>mundi</span> <span class='ocrx_word' id='word_1_21' title='bbox 1616 379 1734 447; x_wconf 85' lang='lat' dir='ltr'>destrui,</span> <span class='ocrx_word' id='word_1_22' title='bbox 1753 384 1784 436; x_wconf 86' lang='lat' dir='ltr'>ut</span> <span class='ocrx_word' id='word_1_23' title='bbox 1812 381 1849 436; x_wconf 89' lang='lat' dir='ltr'>ad</span> 
     </span>
     <span class='ocr_line' id='line_1_3' title="bbox 94 463 1647 539; baseline 0.006 -23"><span class='ocrx_word' id='word_1_24' title='bbox 94 479 147 517; x_wconf 89' lang='lat' dir='ltr'>sua</span> <span class='ocrx_word' id='word_1_25' title='bbox 160 463 245 534; x_wconf 87' lang='lat' dir='ltr'>plebe</span> <span class='ocrx_word' id='word_1_26' title='bbox 255 463 447 518; x_wconf 86' lang='lat' dir='ltr'>damnabitur.</span> <span class='ocrx_word' id='word_1_27' title='bbox 998 468 1147 523; x_wconf 77' lang='lat' dir='ltr'>veritatem</span> <span class='ocrx_word' id='word_1_28' title='bbox 1163 468 1358 539; x_wconf 77' lang='lat' dir='ltr'>promissionis</span> <span class='ocrx_word' id='word_1_29' title='bbox 1373 469 1475 522; x_wconf 85' lang='lat' dir='ltr'>iolurae</span> <span class='ocrx_word' id='word_1_30' title='bbox 1489 467 1647 538; x_wconf 88' lang='lat' dir='ltr'>perveniat.</span> 
     </span>
     <span class='ocr_line' id='line_1_4' title="bbox 416 555 1846 654; baseline 0.001 -43"><span class='ocrx_word' id='word_1_31' title='bbox 416 599 570 654; x_wconf 56' lang='lat' dir='ltr'>WLMUS</span> <span class='ocrx_word' id='word_1_32' title='bbox 593 600 614 654; x_wconf 72' lang='grc' dir='ltr'><strong><em>Χ</em></strong></span> <span class='ocrx_word' id='word_1_33' title='bbox 1035 556 1127 627; x_wconf 79' lang='lat' dir='ltr'>(Auo.)</span> <span class='ocrx_word' id='word_1_34' title='bbox 1144 555 1246 612; x_wconf 81' lang='lat' dir='ltr'>dotare</span> <span class='ocrx_word' id='word_1_35' title='bbox 1258 573 1309 627; x_wconf 91' lang='lat' dir='ltr'>pro</span> <span class='ocrx_word' id='word_1_36' title='bbox 1324 556 1369 611; x_wconf 88' lang='lat' dir='ltr'>die</span> <span class='ocrx_word' id='word_1_37' title='bbox 1383 555 1495 626; x_wconf 88' lang='lat' dir='ltr'>judieii,</span> <span class='ocrx_word' id='word_1_38' title='bbox 1506 555 1580 610; x_wconf 86' lang='lat' dir='ltr'>sicut</span> <span class='ocrx_word' id='word_1_39' title='bbox 1594 555 1625 609; x_wconf 90' lang='lat' dir='ltr'>in</span> <span class='ocrx_word' id='word_1_40' title='bbox 1640 559 1719 611; x_wconf 82' lang='lat' dir='ltr'>sexto</span> <span class='ocrx_word' id='word_1_41' title='bbox 1733 556 1846 627; x_wconf 87' lang='lat' dir='ltr'>psalmo</span> 
     </span>
     <span class='ocr_line' id='line_1_5' title="bbox 438 636 1172 698; baseline 0.001 -1"><span class='ocrx_word' id='word_1_42' title='bbox 438 636 463 652; x_wconf 77' lang='grc'>““</span> <span class='ocrx_word' id='word_1_43' title='bbox 503 638 509 652; x_wconf 75' lang='grc'><em>“</em></span> <span class='ocrx_word' id='word_1_44' title='bbox 618 642 623 653; x_wconf 92' lang='grc'><strong>“</strong></span> <span class='ocrx_word' id='word_1_45' title='bbox 998 643 1172 698; x_wconf 73' lang='lat' dir='ltr'>dictumest.</span> 
     </span>
     <span class='ocr_line' id='line_1_6' title="bbox 129 729 1845 804; baseline 0.002 -23"><span class='ocrx_word' id='word_1_46' title='bbox 129 729 210 783; x_wconf 83' lang='lat' dir='ltr'>liuns.</span> <span class='ocrx_word' id='word_1_47' title='bbox 234 733 256 783; x_wconf 95' lang='grc' dir='ltr'>ι.</span> <span class='ocrx_word' id='word_1_48' title='bbox 278 731 358 785; x_wconf 86' lang='lat' dir='ltr'>—in</span> <span class='ocrx_word' id='word_1_49' title='bbox 382 733 471 799; x_wconf 62' lang='lat' dir='ltr'>[terrm.</span> <span class='ocrx_word' id='word_1_50' title='bbox 499 730 593 800; x_wconf 80' lang='lat' dir='ltr'>(Auo.)</span> <span class='ocrx_word' id='word_1_51' title='bbox 612 730 683 785; x_wconf 86' lang='grc' dir='ltr'>Ρειιι.</span> <span class='ocrx_word' id='word_1_52' title='bbox 707 731 795 786; x_wconf 81' lang='lat' dir='ltr'>[levid</span> <span class='ocrx_word' id='word_1_53' title='bbox 818 732 944 804; x_wconf 90' lang='lat' dir='ltr'>propbe-</span> <span class='ocrx_word' id='word_1_54' title='bbox 1035 732 1113 786; x_wconf 83' lang='lat' dir='ltr'>Vens.</span> <span class='ocrx_word' id='word_1_55' title='bbox 1130 735 1156 786; x_wconf 75' lang='lat' dir='ltr'>t.</span> <span class='ocrx_word' id='word_1_56' title='bbox 1174 759 1207 775; x_wconf 87' lang='lat'>-</span> <span class='ocrx_word' id='word_1_57' title='bbox 1229 733 1340 789; x_wconf 85' lang='lat' dir='ltr'>Saluum</span> <span class='ocrx_word' id='word_1_58' title='bbox 1354 747 1395 786; x_wconf 87' lang='lat' dir='ltr'>me</span> <span class='ocrx_word' id='word_1_59' title='bbox 1409 734 1465 798; x_wconf 71' lang='lat' dir='ltr'>(ac.</span> <span class='ocrx_word' id='word_1_60' title='bbox 1482 731 1605 786; x_wconf 81' lang='lat' dir='ltr'>Remeat</span> <span class='ocrx_word' id='word_1_61' title='bbox 1631 735 1728 786; x_wconf 85' lang='lat' dir='ltr'>aulem</span> <span class='ocrx_word' id='word_1_62' title='bbox 1750 747 1768 786; x_wconf 87' lang='lat' dir='ltr'>a</span> <span class='ocrx_word' id='word_1_63' title='bbox 1793 730 1845 785; x_wconf 87' lang='lat' dir='ltr'>lal-</span> 
     </span>
     <span class='ocr_line' id='line_1_7' title="bbox 92 817 1845 891; baseline 0.003 -21"><span class='ocrx_word' id='word_1_64' title='bbox 92 820 129 870; x_wconf 78' lang='lat' dir='ltr'>tae</span> <span class='ocrx_word' id='word_1_65' title='bbox 145 817 273 871; x_wconf 86' lang='lat' dir='ltr'>docentis</span> <span class='ocrx_word' id='word_1_66' title='bbox 288 819 418 872; x_wconf 83' lang='lat' dir='ltr'>resistere</span> <span class='ocrx_word' id='word_1_67' title='bbox 440 819 589 874; x_wconf 76' lang='lat' dir='ltr'>haereticis.</span> <span class='ocrx_word' id='word_1_68' title='bbox 998 820 1129 874; x_wconf 74' lang='lat' dir='ltr'>sitatibus</span> <span class='ocrx_word' id='word_1_69' title='bbox 1143 821 1285 875; x_wconf 71' lang='lat' dir='ltr'>saeculiad</span> <span class='ocrx_word' id='word_1_70' title='bbox 1301 821 1415 891; x_wconf 80' lang='lat' dir='ltr'>eloquia</span> <span class='ocrx_word' id='word_1_71' title='bbox 1431 819 1491 884; x_wconf 86' lang='lat' dir='ltr'>bei,</span> <span class='ocrx_word' id='word_1_72' title='bbox 1505 818 1553 876; x_wconf 88' lang='lat' dir='ltr'>ubi</span> <span class='ocrx_word' id='word_1_73' title='bbox 1578 819 1665 886; x_wconf 85' lang='lat' dir='ltr'>salus,</span> <span class='ocrx_word' id='word_1_74' title='bbox 1690 835 1707 873; x_wconf 83' lang='lat' dir='ltr'>a</span> <span class='ocrx_word' id='word_1_75' title='bbox 1729 834 1845 889; x_wconf 81' lang='lat' dir='ltr'>perver-</span> 
     </span>
     <span class='ocr_line' id='line_1_8' title="bbox 129 907 1404 979; baseline 0.004 -21"><span class='ocrx_word' id='word_1_76' title='bbox 129 907 210 962; x_wconf 84' lang='lat' dir='ltr'>Vens.</span> <span class='ocrx_word' id='word_1_77' title='bbox 221 910 247 961; x_wconf 76' lang='lat'>2.</span> <span class='ocrx_word' id='word_1_78' title='bbox 264 937 297 946; x_wconf 92' lang='lat'>-</span> <span class='ocrx_word' id='word_1_79' title='bbox 309 908 343 962; x_wconf 88' lang='lat' dir='ltr'>In</span> <span class='ocrx_word' id='word_1_80' title='bbox 355 908 469 962; x_wconf 83' lang='lat' dir='ltr'>Domino</span> <span class='ocrx_word' id='word_1_81' title='bbox 493 908 605 976; x_wconf 77' lang='lat' dir='ltr'>confide.</span> <span class='ocrx_word' id='word_1_82' title='bbox 624 908 716 978; x_wconf 80' lang='lat' dir='ltr'>(Aua.)</span> <span class='ocrx_word' id='word_1_83' title='bbox 735 909 774 964; x_wconf 85' lang='lat' dir='ltr'>De</span> <span class='ocrx_word' id='word_1_84' title='bbox 801 909 945 965; x_wconf 82' lang='lat' dir='ltr'>haereticis</span> <span class='ocrx_word' id='word_1_85' title='bbox 997 910 1082 964; x_wconf 86' lang='lat' dir='ltr'>sitate</span> <span class='ocrx_word' id='word_1_86' title='bbox 1098 910 1192 964; x_wconf 81' lang='lat' dir='ltr'>saeculi</span> <span class='ocrx_word' id='word_1_87' title='bbox 1207 912 1278 979; x_wconf 89' lang='lat' dir='ltr'>petit</span> <span class='ocrx_word' id='word_1_88' title='bbox 1292 909 1404 964; x_wconf 75' lang='lat' dir='ltr'>sulcari.</span> 
     </span>
     <span class='ocr_line' id='line_1_9' title="bbox 91 994 1846 1070; baseline 0.002 -22"><span class='ocrx_word' id='word_1_89' title='bbox 91 995 146 1066; x_wconf 85' lang='lat' dir='ltr'>qui</span> <span class='ocrx_word' id='word_1_90' title='bbox 168 995 319 1050; x_wconf 84' lang='lat' dir='ltr'>catholicos</span> <span class='ocrx_word' id='word_1_91' title='bbox 352 996 382 1050; x_wconf 90' lang='lat' dir='ltr'>in</span> <span class='ocrx_word' id='word_1_92' title='bbox 416 1012 498 1051; x_wconf 90' lang='lat' dir='ltr'>suam</span> <span class='ocrx_word' id='word_1_93' title='bbox 525 997 623 1051; x_wconf 78' lang='lat' dir='ltr'>solunt</span> <span class='ocrx_word' id='word_1_94' title='bbox 660 1006 824 1053; x_wconf 79' lang='lat' dir='ltr'>convertere</span> <span class='ocrx_word' id='word_1_95' title='bbox 853 998 946 1070; x_wconf 85' lang='lat' dir='ltr'>pruri-</span> <span class='ocrx_word' id='word_1_96' title='bbox 1034 1000 1168 1064; x_wconf 80' lang='lat' dir='ltr'><strong><em>Quoniam</em></strong></span> <span class='ocrx_word' id='word_1_97' title='bbox 1200 1000 1307 1065; x_wconf 73' lang='lat' dir='ltr'>defecit.</span> <span class='ocrx_word' id='word_1_98' title='bbox 1352 997 1461 1070; x_wconf 72' lang='lat' dir='ltr'>(Cassi.)</span> <span class='ocrx_word' id='word_1_99' title='bbox 1498 996 1621 1069; x_wconf 82' lang='lat' dir='ltr'>Exponit</span> <span class='ocrx_word' id='word_1_100' title='bbox 1656 1011 1720 1067; x_wconf 77' lang='lat' dir='ltr'>quea</span> <span class='ocrx_word' id='word_1_101' title='bbox 1748 994 1846 1051; x_wconf 79' lang='lat' dir='ltr'>timuit</span> 
     </span>
     <span class='ocr_line' id='line_1_10' title="bbox 92 1084 1749 1158; baseline 0.002 -21"><span class='ocrx_word' id='word_1_102' title='bbox 92 1089 194 1138; x_wconf 86' lang='lat' dir='ltr'>tatem.</span> <span class='ocrx_word' id='word_1_103' title='bbox 998 1090 1105 1142; x_wconf 87' lang='lat' dir='ltr'>multa:</span> <span class='ocrx_word' id='word_1_104' title='bbox 1121 1104 1300 1158; x_wconf 78' lang='lat' dir='ltr'>congregans</span> <span class='ocrx_word' id='word_1_105' title='bbox 1310 1088 1338 1142; x_wconf 91' lang='lat' dir='ltr'>iu</span> <span class='ocrx_word' id='word_1_106' title='bbox 1357 1104 1457 1155; x_wconf 88' lang='lat' dir='ltr'>unum,</span> <span class='ocrx_word' id='word_1_107' title='bbox 1486 1092 1517 1141; x_wconf 94' lang='lat' dir='ltr'>ut</span> <span class='ocrx_word' id='word_1_108' title='bbox 1536 1086 1573 1141; x_wconf 92' lang='lat' dir='ltr'>sit</span> <span class='ocrx_word' id='word_1_109' title='bbox 1588 1084 1680 1156; x_wconf 84' lang='lat' dir='ltr'>major</span> <span class='ocrx_word' id='word_1_110' title='bbox 1694 1084 1749 1141; x_wconf 84' lang='lat' dir='ltr'>vis.</span> 
     </span>
     <span class='ocr_line' id='line_1_11' title="bbox 130 1173 1845 1247; baseline 0.001 -21"><span class='ocrx_word' id='word_1_111' title='bbox 130 1173 225 1244; x_wconf 79' lang='lat' dir='ltr'>(latu.)</span> <span class='ocrx_word' id='word_1_112' title='bbox 251 1174 285 1227; x_wconf 89' lang='lat' dir='ltr'>Ia</span> <span class='ocrx_word' id='word_1_113' title='bbox 310 1176 419 1229; x_wconf 79' lang='lat' dir='ltr'>Dorilao</span> <span class='ocrx_word' id='word_1_114' title='bbox 447 1174 558 1244; x_wconf 71' lang='lat' dir='ltr'>confido.</span> <span class='ocrx_word' id='word_1_115' title='bbox 587 1175 687 1240; x_wconf 82' lang='lat' dir='ltr'>Quoad</span> <span class='ocrx_word' id='word_1_116' title='bbox 709 1175 832 1230; x_wconf 77' lang='lat' dir='ltr'>littorum</span> <span class='ocrx_word' id='word_1_117' title='bbox 852 1181 946 1246; x_wconf 87' lang='lat' dir='ltr'>potest</span> <span class='ocrx_word' id='word_1_118' title='bbox 1033 1176 1157 1231; x_wconf 63' lang='lat' dir='ltr'>misceas.</span> <span class='ocrx_word' id='word_1_119' title='bbox 1175 1177 1269 1247; x_wconf 77' lang='lat' dir='ltr'>(lota.)</span> <span class='ocrx_word' id='word_1_120' title='bbox 1295 1177 1368 1231; x_wconf 83' lang='lat' dir='ltr'>licus</span> <span class='ocrx_word' id='word_1_121' title='bbox 1392 1176 1442 1247; x_wconf 91' lang='lat' dir='ltr'>qui</span> <span class='ocrx_word' id='word_1_122' title='bbox 1470 1175 1579 1247; x_wconf 88' lang='lat' dir='ltr'>ubique</span> <span class='ocrx_word' id='word_1_123' title='bbox 1601 1190 1736 1246; x_wconf 78' lang='lat' dir='ltr'>praesens,</span> <span class='ocrx_word' id='word_1_124' title='bbox 1757 1190 1845 1245; x_wconf 87' lang='lat' dir='ltr'>quau·</span> 
     </span>
     <span class='ocr_line' id='line_1_12' title="bbox 92 1260 1754 1338; baseline 0.002 -25"><span class='ocrx_word' id='word_1_125' title='bbox 92 1260 153 1326; x_wconf 78' lang='lat' dir='ltr'>legi</span> <span class='ocrx_word' id='word_1_126' title='bbox 169 1260 204 1314; x_wconf 91' lang='lat' dir='ltr'>de</span> <span class='ocrx_word' id='word_1_127' title='bbox 219 1261 360 1331; x_wconf 81' lang='lat' dir='ltr'>passione,</span> <span class='ocrx_word' id='word_1_128' title='bbox 385 1266 414 1316; x_wconf 93' lang='lat' dir='ltr'>el</span> <span class='ocrx_word' id='word_1_129' title='bbox 426 1261 505 1331; x_wconf 91' lang='lat' dir='ltr'>dicit,</span> <span class='ocrx_word' id='word_1_130' title='bbox 521 1262 650 1317; x_wconf 81' lang='lat' dir='ltr'>Cluistns</span> <span class='ocrx_word' id='word_1_131' title='bbox 674 1265 832 1318; x_wconf 84' lang='lat' dir='ltr'>secundum</span> <span class='ocrx_word' id='word_1_132' title='bbox 849 1264 944 1319; x_wconf 88' lang='lat' dir='ltr'>bumr·</span> <span class='ocrx_word' id='word_1_133' title='bbox 999 1270 1060 1320; x_wconf 90' lang='lat' dir='ltr'>tum</span> <span class='ocrx_word' id='word_1_134' title='bbox 1073 1265 1109 1319; x_wconf 89' lang='lat' dir='ltr'>ad</span> <span class='ocrx_word' id='word_1_135' title='bbox 1125 1266 1257 1320; x_wconf 89' lang='lat' dir='ltr'>homines</span> <span class='ocrx_word' id='word_1_136' title='bbox 1272 1266 1384 1334; x_wconf 83' lang='lat' dir='ltr'>deiecit,</span> <span class='ocrx_word' id='word_1_137' title='bbox 1405 1265 1534 1338; x_wconf 84' lang='lat' dir='ltr'>quicum</span> <span class='ocrx_word' id='word_1_138' title='bbox 1552 1281 1610 1320; x_wconf 91' lang='lat' dir='ltr'>non</span> <span class='ocrx_word' id='word_1_139' title='bbox 1624 1264 1754 1319; x_wconf 89' lang='lat' dir='ltr'>eredunt.</span> 
     </span>
     <span class='ocr_line' id='line_1_13' title="bbox 93 1350 1845 1426; baseline 0.002 -26"><span class='ocrx_word' id='word_1_140' title='bbox 93 1365 176 1415; x_wconf 91' lang='lat' dir='ltr'>nem,</span> <span class='ocrx_word' id='word_1_141' title='bbox 204 1354 236 1403; x_wconf 87' lang='lat' dir='ltr'>ut</span> <span class='ocrx_word' id='word_1_142' title='bbox 260 1350 331 1404; x_wconf 91' lang='lat' dir='ltr'>solet</span> <span class='ocrx_word' id='word_1_143' title='bbox 358 1354 458 1406; x_wconf 88' lang='lat' dir='ltr'>eontra</span> <span class='ocrx_word' id='word_1_144' title='bbox 484 1356 607 1406; x_wconf 86' lang='lat' dir='ltr'>terrores</span> <span class='ocrx_word' id='word_1_145' title='bbox 633 1351 811 1420; x_wconf 74' lang='lat' dir='ltr'>iudeorum,</span> <span class='ocrx_word' id='word_1_146' title='bbox 840 1354 870 1406; x_wconf 90' lang='lat' dir='ltr'>la</span> <span class='ocrx_word' id='word_1_147' title='bbox 893 1354 946 1407; x_wconf 84' lang='lat' dir='ltr'>Do·</span> <span class='ocrx_word' id='word_1_148' title='bbox 1036 1355 1115 1409; x_wconf 77' lang='lat' dir='ltr'>Vsus.</span> <span class='ocrx_word' id='word_1_149' title='bbox 1141 1359 1166 1410; x_wconf 81' lang='grc'>3.</span> <span class='ocrx_word' id='word_1_150' title='bbox 1196 1384 1230 1394; x_wconf 97' lang='grc'><strong>-</strong></span> <span class='ocrx_word' id='word_1_151' title='bbox 1258 1357 1424 1410; x_wconf 71' lang='lat' dir='ltr'>Proximum.</span> <span class='ocrx_word' id='word_1_152' title='bbox 1453 1353 1551 1426; x_wconf 80' lang='lat' dir='ltr'>(Anu.)</span> <span class='ocrx_word' id='word_1_153' title='bbox 1577 1353 1726 1409; x_wconf 83' lang='lat' dir='ltr'>Proximus</span> <span class='ocrx_word' id='word_1_154' title='bbox 1751 1351 1845 1406; x_wconf 84' lang='lat' dir='ltr'>omnis</span> 
     </span>
     <span class='ocr_line' id='line_1_14' title="bbox 93 1437 1842 1512; baseline 0.002 -23"><span class='ocrx_word' id='word_1_155' title='bbox 93 1440 170 1490; x_wconf 87' lang='lat' dir='ltr'>mino</span> <span class='ocrx_word' id='word_1_156' title='bbox 186 1437 301 1506; x_wconf 60' lang='lat' dir='ltr'>colrido.</span> <span class='ocrx_word' id='word_1_157' title='bbox 999 1441 1173 1509; x_wconf 68' lang='lat' dir='ltr'>bonumeam</span> <span class='ocrx_word' id='word_1_158' title='bbox 1186 1444 1499 1512; x_wconf 80' lang='lat' dir='ltr'>nullomoleagendum</span> <span class='ocrx_word' id='word_1_159' title='bbox 1509 1449 1550 1498; x_wconf 97' lang='grc' dir='ltr'>εει</span> <span class='ocrx_word' id='word_1_160' title='bbox 1562 1459 1569 1496; x_wconf 92' lang='lat'>:</span> <span class='ocrx_word' id='word_1_161' title='bbox 1582 1442 1727 1512; x_wconf 81' lang='lat' dir='ltr'>prosimus</span> <span class='ocrx_word' id='word_1_162' title='bbox 1740 1440 1842 1510; x_wconf 79' lang='lat' dir='ltr'>primm</span> 
     </span>
     <span class='ocr_line' id='line_1_15' title="bbox 133 1527 1846 1600; baseline 0.001 -21"><span class='ocrx_word' id='word_1_163' title='bbox 133 1528 164 1579; x_wconf 90' lang='lat' dir='ltr'>ln</span> <span class='ocrx_word' id='word_1_164' title='bbox 181 1527 295 1581; x_wconf 85' lang='lat' dir='ltr'>Darnino</span> <span class='ocrx_word' id='word_1_165' title='bbox 318 1528 431 1597; x_wconf 64' lang='lat' dir='ltr'>carendo.</span> <span class='ocrx_word' id='word_1_166' title='bbox 460 1529 529 1584; x_wconf 86' lang='lat' dir='ltr'>Cum</span> <span class='ocrx_word' id='word_1_167' title='bbox 559 1533 707 1599; x_wconf 80' lang='lat' dir='ltr'>peccantes</span> <span class='ocrx_word' id='word_1_168' title='bbox 736 1530 838 1584; x_wconf 87' lang='lat' dir='ltr'>volunt</span> <span class='ocrx_word' id='word_1_169' title='bbox 862 1530 946 1600; x_wconf 78' lang='lat' dir='ltr'>sagit·</span> <span class='ocrx_word' id='word_1_170' title='bbox 999 1531 1154 1586; x_wconf 83' lang='lat' dir='ltr'>nativitatis</span> <span class='ocrx_word' id='word_1_171' title='bbox 1175 1531 1338 1586; x_wconf 88' lang='lat' dir='ltr'>conditione</span> <span class='ocrx_word' id='word_1_172' title='bbox 1363 1538 1404 1586; x_wconf 90' lang='lat' dir='ltr'>est</span> <span class='ocrx_word' id='word_1_173' title='bbox 1431 1531 1525 1586; x_wconf 84' lang='lat' dir='ltr'>omnis</span> <span class='ocrx_word' id='word_1_174' title='bbox 1553 1531 1654 1596; x_wconf 88' lang='lat' dir='ltr'>bomo;</span> <span class='ocrx_word' id='word_1_175' title='bbox 1681 1528 1775 1582; x_wconf 82' lang='lat' dir='ltr'>earnis</span> <span class='ocrx_word' id='word_1_176' title='bbox 1800 1545 1846 1582; x_wconf 88' lang='lat' dir='ltr'>eo-</span> 
     </span>
    </p>
   </div>
   <div class='ocr_carea' id='block_1_3' title="bbox 91 1618 1933 1693">
    <p class='ocr_par' dir='ltr' id='par_1_3' title="bbox 91 1618 1933 1693">
     <span class='ocr_line' id='line_1_16' title="bbox 91 1618 1933 1693; baseline 0.001 -25"><span class='ocrx_word' id='word_1_177' title='bbox 91 1618 156 1668; x_wconf 85' lang='lat' dir='ltr'>tare</span> <span class='ocrx_word' id='word_1_178' title='bbox 172 1621 272 1668; x_wconf 87' lang='lat' dir='ltr'>rectos.</span> <span class='ocrx_word' id='word_1_179' title='bbox 1000 1620 1147 1691; x_wconf 74' lang='lat' dir='ltr'>guntione,</span> <span class='ocrx_word' id='word_1_180' title='bbox 1163 1620 1290 1676; x_wconf 87' lang='lat' dir='ltr'>amiciet</span> <span class='ocrx_word' id='word_1_181' title='bbox 1309 1621 1441 1693; x_wconf 60' lang='lat' dir='ltr'>cognatm</span> <span class='ocrx_word' id='word_1_182' title='bbox 1465 1619 1668 1674; x_wconf 78' lang='lat' dir='ltr'>misericordiae</span> <span class='ocrx_word' id='word_1_183' title='bbox 1695 1634 1845 1688; x_wconf 86' lang='lat' dir='ltr'>compara·</span> <span class='ocrx_word' id='word_1_184' title='bbox 1929 1631 1933 1638; x_wconf 90' lang='lat'>·</span> 
     </span>
    </p>
   </div>
   <div class='ocr_carea' id='block_1_4' title="bbox 90 1704 1892 5320">
    <p class='ocr_par' dir='ltr' id='par_1_4' title="bbox 92 1704 1847 2133">
     <span class='ocr_line' id='line_1_17' title="bbox 132 1704 1394 1782; baseline 0.006 -26"><span class='ocrx_word' id='word_1_185' title='bbox 132 1704 344 1768; x_wconf 85' lang='lat' dir='ltr'>Quoniamecce.</span> <span class='ocrx_word' id='word_1_186' title='bbox 362 1704 456 1773; x_wconf 75' lang='lat' dir='ltr'>(leid.)</span> <span class='ocrx_word' id='word_1_187' title='bbox 475 1706 506 1760; x_wconf 87' lang='lat' dir='ltr'>lli</span> <span class='ocrx_word' id='word_1_188' title='bbox 530 1710 598 1761; x_wconf 87' lang='lat' dir='ltr'>sunt</span> <span class='ocrx_word' id='word_1_189' title='bbox 624 1711 746 1761; x_wconf 88' lang='lat' dir='ltr'>terrores</span> <span class='ocrx_word' id='word_1_190' title='bbox 765 1707 944 1762; x_wconf 77' lang='lat' dir='ltr'>comminari·</span> <span class='ocrx_word' id='word_1_191' title='bbox 1001 1708 1089 1774; x_wconf 90' lang='lat' dir='ltr'>tione,</span> <span class='ocrx_word' id='word_1_192' title='bbox 1106 1709 1250 1764; x_wconf 86' lang='lat' dir='ltr'>beneficus</span> <span class='ocrx_word' id='word_1_193' title='bbox 1264 1709 1394 1782; x_wconf 82' lang='lat' dir='ltr'>quilibet.</span> 
     </span>
     <span class='ocr_line' id='line_1_18' title="bbox 92 1792 1846 1869; baseline 0 -23"><span class='ocrx_word' id='word_1_194' title='bbox 92 1793 170 1847; x_wconf 88' lang='lat' dir='ltr'>tium</span> <span class='ocrx_word' id='word_1_195' title='bbox 188 1794 268 1848; x_wconf 91' lang='lat' dir='ltr'>uobis</span> <span class='ocrx_word' id='word_1_196' title='bbox 293 1795 328 1848; x_wconf 91' lang='lat' dir='ltr'>de</span> <span class='ocrx_word' id='word_1_197' title='bbox 352 1796 560 1865; x_wconf 77' lang='lat' dir='ltr'>peecatoribus,</span> <span class='ocrx_word' id='word_1_198' title='bbox 587 1802 620 1852; x_wconf 90' lang='lat' dir='ltr'>ut</span> <span class='ocrx_word' id='word_1_199' title='bbox 643 1797 677 1851; x_wconf 88' lang='lat' dir='ltr'>ad</span> <span class='ocrx_word' id='word_1_200' title='bbox 702 1814 732 1851; x_wconf 86' lang='lat' dir='ltr'>se</span> <span class='ocrx_word' id='word_1_201' title='bbox 761 1798 945 1868; x_wconf 71' lang='lat' dir='ltr'>‹Juasijustos</span> <span class='ocrx_word' id='word_1_202' title='bbox 1034 1797 1207 1869; x_wconf 69' lang='lat' dir='ltr'>Uardaeis.</span> <span class='ocrx_word' id='word_1_203' title='bbox 1224 1797 1411 1867; x_wconf 87' lang='lat' dir='ltr'>Germinatio,</span> <span class='ocrx_word' id='word_1_204' title='bbox 1439 1797 1542 1869; x_wconf 86' lang='lat' dir='ltr'>duplex</span> <span class='ocrx_word' id='word_1_205' title='bbox 1570 1812 1620 1851; x_wconf 88' lang='lat' dir='ltr'>cor</span> <span class='ocrx_word' id='word_1_206' title='bbox 1646 1794 1797 1866; x_wconf 78' lang='lat' dir='ltr'>signifieat,</span> <span class='ocrx_word' id='word_1_207' title='bbox 1815 1792 1846 1847; x_wconf 93' lang='lat' dir='ltr'>in</span> 
     </span>
     <span class='ocr_line' id='line_1_19' title="bbox 93 1884 1847 1956; baseline 0.001 -22"><span class='ocrx_word' id='word_1_208' title='bbox 93 1886 287 1938; x_wconf 85' lang='lat' dir='ltr'>transeamus.</span> <span class='ocrx_word' id='word_1_209' title='bbox 318 1885 422 1938; x_wconf 87' lang='lat' dir='ltr'>[licant</span> <span class='ocrx_word' id='word_1_210' title='bbox 451 1885 551 1941; x_wconf 88' lang='lat' dir='ltr'>euim:</span> <span class='ocrx_word' id='word_1_211' title='bbox 587 1886 744 1942; x_wconf 80' lang='lat' dir='ltr'>Peccatores</span> <span class='ocrx_word' id='word_1_212' title='bbox 773 1886 945 1942; x_wconf 80' lang='lat' dir='ltr'>intenderunt</span> <span class='ocrx_word' id='word_1_213' title='bbox 999 1901 1056 1956; x_wconf 88' lang='lat' dir='ltr'>quo</span> <span class='ocrx_word' id='word_1_214' title='bbox 1078 1886 1195 1941; x_wconf 89' lang='lat' dir='ltr'>dolosus</span> <span class='ocrx_word' id='word_1_215' title='bbox 1224 1887 1404 1954; x_wconf 83' lang='lat' dir='ltr'>describitur,</span> <span class='ocrx_word' id='word_1_216' title='bbox 1428 1887 1521 1941; x_wconf 86' lang='lat' dir='ltr'>unde:</span> <span class='ocrx_word' id='word_1_217' title='bbox 1552 1887 1602 1942; x_wconf 85' lang='lat' dir='ltr'>Vir</span> <span class='ocrx_word' id='word_1_218' title='bbox 1626 1884 1728 1954; x_wconf 82' lang='lat' dir='ltr'>duplee</span> <span class='ocrx_word' id='word_1_219' title='bbox 1755 1885 1847 1936; x_wconf 69' lang='lat' dir='ltr'>alcimo</span> 
     </span>
     <span class='ocr_line' id='line_1_20' title="bbox 92 1971 1847 2044; baseline 0 -20"><span class='ocrx_word' id='word_1_220' title='bbox 92 1986 200 2034; x_wconf 86' lang='lat' dir='ltr'>arcum,</span> <span class='ocrx_word' id='word_1_221' title='bbox 226 1971 396 2043; x_wconf 73' lang='lat' dir='ltr'>Scripturas,</span> <span class='ocrx_word' id='word_1_222' title='bbox 414 1974 489 2028; x_wconf 92' lang='lat' dir='ltr'>unde</span> <span class='ocrx_word' id='word_1_223' title='bbox 504 1979 656 2029; x_wconf 83' lang='lat' dir='ltr'>venenatas</span> <span class='ocrx_word' id='word_1_224' title='bbox 671 1975 788 2044; x_wconf 82' lang='lat' dir='ltr'>sagittas</span> <span class='ocrx_word' id='word_1_225' title='bbox 817 1974 944 2044; x_wconf 85' lang='lat' dir='ltr'>mittant,</span> <span class='ocrx_word' id='word_1_226' title='bbox 998 1975 1153 2029; x_wconf 79' lang='lat' dir='ltr'>inconstans</span> <span class='ocrx_word' id='word_1_227' title='bbox 1167 1980 1207 2030; x_wconf 83' lang='lat' dir='ltr'>est</span> <span class='ocrx_word' id='word_1_228' title='bbox 1221 1981 1249 2030; x_wconf 85' lang='lat' dir='ltr'>in</span> <span class='ocrx_word' id='word_1_229' title='bbox 1263 1976 1386 2030; x_wconf 82' lang='lat' dir='ltr'>omnibus</span> <span class='ocrx_word' id='word_1_230' title='bbox 1399 1977 1451 2031; x_wconf 84' lang='lat' dir='ltr'>uiis</span> <span class='ocrx_word' id='word_1_231' title='bbox 1472 1977 1540 2030; x_wconf 87' lang='lat' dir='ltr'>suis.</span> <span class='ocrx_word' id='word_1_232' title='bbox 1553 1973 1623 2029; x_wconf 82' lang='lat' dir='ltr'>iloni</span> <span class='ocrx_word' id='word_1_233' title='bbox 1637 1973 1743 2027; x_wconf 87' lang='lat' dir='ltr'>babent</span> <span class='ocrx_word' id='word_1_234' title='bbox 1757 1985 1847 2025; x_wconf 88' lang='lat' dir='ltr'>unum</span> 
     </span>
     <span class='ocr_line' id='line_1_21' title="bbox 92 2059 1330 2133; baseline 0.006 -22"><span class='ocrx_word' id='word_1_235' title='bbox 92 2060 209 2130; x_wconf 83' lang='lat' dir='ltr'>quasin</span> <span class='ocrx_word' id='word_1_236' title='bbox 224 2059 318 2114; x_wconf 89' lang='lat' dir='ltr'>cordis</span> <span class='ocrx_word' id='word_1_237' title='bbox 331 2064 440 2116; x_wconf 88' lang='lat' dir='ltr'>occulto</span> <span class='ocrx_word' id='word_1_238' title='bbox 459 2068 571 2133; x_wconf 86' lang='lat' dir='ltr'>parent.</span> <span class='ocrx_word' id='word_1_239' title='bbox 999 2077 1049 2116; x_wconf 92' lang='lat' dir='ltr'>cor</span> <span class='ocrx_word' id='word_1_240' title='bbox 1058 2068 1086 2116; x_wconf 90' lang='lat' dir='ltr'>et</span> <span class='ocrx_word' id='word_1_241' title='bbox 1098 2080 1184 2117; x_wconf 87' lang='lat' dir='ltr'>uuam</span> <span class='ocrx_word' id='word_1_242' title='bbox 1194 2064 1330 2118; x_wconf 87' lang='lat' dir='ltr'>animam.</span> 
     </span>
    </p>

    <p class='ocr_par' dir='ltr' id='par_1_5' title="bbox 93 2148 1847 2399">
     <span class='ocr_line' id='line_1_22' title="bbox 133 2148 1846 2222; baseline 0.001 -22"><span class='ocrx_word' id='word_1_243' title='bbox 133 2148 214 2204; x_wconf 79' lang='lat' dir='ltr'>Vens.</span> <span class='ocrx_word' id='word_1_244' title='bbox 239 2152 266 2203; x_wconf 86' lang='grc'>3.</span> <span class='ocrx_word' id='word_1_245' title='bbox 282 2152 361 2206; x_wconf 89' lang='lat' dir='ltr'>-In</span> <span class='ocrx_word' id='word_1_246' title='bbox 382 2152 503 2205; x_wconf 81' lang='lat' dir='ltr'>obscuro.</span> <span class='ocrx_word' id='word_1_247' title='bbox 527 2150 637 2219; x_wconf 73' lang='lat' dir='ltr'>(Cass.)</span> <span class='ocrx_word' id='word_1_248' title='bbox 671 2151 704 2204; x_wconf 90' lang='lat' dir='ltr'>lo</span> <span class='ocrx_word' id='word_1_249' title='bbox 720 2150 841 2222; x_wconf 84' lang='lat' dir='ltr'>simplici</span> <span class='ocrx_word' id='word_1_250' title='bbox 860 2167 946 2205; x_wconf 86' lang='lat' dir='ltr'>sensu</span> <span class='ocrx_word' id='word_1_251' title='bbox 1034 2149 1115 2203; x_wconf 81' lang='lat' dir='ltr'>Vens.</span> <span class='ocrx_word' id='word_1_252' title='bbox 1132 2149 1163 2206; x_wconf 74' lang='lat'>4.</span> <span class='ocrx_word' id='word_1_253' title='bbox 1178 2179 1213 2191; x_wconf 94' lang='lat'>-</span> <span class='ocrx_word' id='word_1_254' title='bbox 1228 2149 1379 2219; x_wconf 80' lang='lat' dir='ltr'>Disperclut</span> <span class='ocrx_word' id='word_1_255' title='bbox 1394 2151 1523 2205; x_wconf 78' lang='lat' dir='ltr'>Dominus</span> <span class='ocrx_word' id='word_1_256' title='bbox 1539 2148 1768 2217; x_wconf 67' lang='lat' dir='ltr'>nniversatubim</span> <span class='ocrx_word' id='word_1_257' title='bbox 1792 2152 1846 2201; x_wconf 86' lang='lat' dir='ltr'>etc.</span> 
     </span>
     <span class='ocr_line' id='line_1_23' title="bbox 93 2235 1847 2311; baseline 0 -19"><span class='ocrx_word' id='word_1_258' title='bbox 93 2235 244 2308; x_wconf 80' lang='lat' dir='ltr'>degentes,</span> <span class='ocrx_word' id='word_1_259' title='bbox 261 2238 349 2293; x_wconf 78' lang='lat' dir='ltr'>velin</span> <span class='ocrx_word' id='word_1_260' title='bbox 375 2239 434 2294; x_wconf 84' lang='lat' dir='ltr'>suis</span> <span class='ocrx_word' id='word_1_261' title='bbox 461 2239 604 2310; x_wconf 80' lang='lat' dir='ltr'>ambiguis</span> <span class='ocrx_word' id='word_1_262' title='bbox 618 2239 779 2308; x_wconf 86' lang='lat' dir='ltr'>sententiis,</span> <span class='ocrx_word' id='word_1_263' title='bbox 795 2256 852 2294; x_wconf 91' lang='lat' dir='ltr'>nou</span> <span class='ocrx_word' id='word_1_264' title='bbox 867 2239 945 2311; x_wconf 87' lang='lat' dir='ltr'>quod</span> <span class='ocrx_word' id='word_1_265' title='bbox 998 2236 1556 2310; x_wconf 76' lang='lat' dir='ltr'>(Cass.)1dest,passimpereaut,qni</span> <span class='ocrx_word' id='word_1_266' title='bbox 1583 2238 1614 2292; x_wconf 92' lang='lat' dir='ltr'>in</span> <span class='ocrx_word' id='word_1_267' title='bbox 1631 2254 1688 2292; x_wconf 89' lang='lat' dir='ltr'>una</span> <span class='ocrx_word' id='word_1_268' title='bbox 1707 2236 1847 2307; x_wconf 77' lang='lat' dir='ltr'>pravitate</span> 
     </span>
     <span class='ocr_line' id='line_1_24' title="bbox 93 2325 1185 2399; baseline 0.001 -19"><span class='ocrx_word' id='word_1_269' title='bbox 93 2325 294 2396; x_wconf 85' lang='lat' dir='ltr'>Scripturaed</span> <span class='ocrx_word' id='word_1_270' title='bbox 322 2327 492 2395; x_wconf 82' lang='lat' dir='ltr'>boevaleat,</span> <span class='ocrx_word' id='word_1_271' title='bbox 509 2328 558 2383; x_wconf 89' lang='lat' dir='ltr'>sed</span> <span class='ocrx_word' id='word_1_272' title='bbox 575 2328 659 2399; x_wconf 88' lang='lat' dir='ltr'>quia:</span> <span class='ocrx_word' id='word_1_273' title='bbox 999 2327 1185 2381; x_wconf 87' lang='lat' dir='ltr'>conveniunt.</span> 
     </span>
    </p>

    <p class='ocr_par' dir='ltr' id='par_1_6' title="bbox 93 2413 1849 3018">
     <span class='ocr_line' id='line_1_25' title="bbox 133 2413 1849 2487; baseline 0.001 -21"><span class='ocrx_word' id='word_1_274' title='bbox 133 2415 212 2468; x_wconf 81' lang='lat' dir='ltr'>Vens.</span> <span class='ocrx_word' id='word_1_275' title='bbox 230 2416 257 2470; x_wconf 80' lang='lat'>4.</span> <span class='ocrx_word' id='word_1_276' title='bbox 274 2445 308 2456; x_wconf 88' lang='lat'><em>-</em></span> <span class='ocrx_word' id='word_1_277' title='bbox 324 2417 455 2482; x_wconf 81' lang='lat' dir='ltr'>Quoniam</span> <span class='ocrx_word' id='word_1_278' title='bbox 483 2432 543 2487; x_wconf 78' lang='lat' dir='ltr'>qum</span> <span class='ocrx_word' id='word_1_279' title='bbox 564 2418 714 2487; x_wconf 71' lang='lat' dir='ltr'>perfecisti.</span> <span class='ocrx_word' id='word_1_280' title='bbox 742 2417 887 2473; x_wconf 86' lang='lat' dir='ltr'>Convertit</span> <span class='ocrx_word' id='word_1_281' title='bbox 911 2417 946 2472; x_wconf 83' lang='lat' dir='ltr'>ab</span> <span class='ocrx_word' id='word_1_282' title='bbox 1035 2417 1170 2483; x_wconf 77' lang='lat' dir='ltr'>sirpeam</span> <span class='ocrx_word' id='word_1_283' title='bbox 1184 2418 1399 2487; x_wconf 78' lang='lat' dir='ltr'>maprtilopuam.</span> <span class='ocrx_word' id='word_1_284' title='bbox 1419 2416 1508 2484; x_wconf 75' lang='lat' dir='ltr'>(itta.)</span> <span class='ocrx_word' id='word_1_285' title='bbox 1522 2414 1616 2479; x_wconf 87' lang='lat' dir='ltr'>idest,</span> <span class='ocrx_word' id='word_1_286' title='bbox 1632 2414 1785 2485; x_wconf 87' lang='lat' dir='ltr'>superbam</span> <span class='ocrx_word' id='word_1_287' title='bbox 1798 2431 1806 2468; x_wconf 78' lang='grc' dir='ltr'>ι</span> <span class='ocrx_word' id='word_1_288' title='bbox 1819 2413 1849 2467; x_wconf 77' lang='grc' dir='ltr'>ιιι</span> 
     </span>
     <span class='ocr_line' id='line_1_26' title="bbox 94 2500 1848 2576; baseline 0.001 -22"><span class='ocrx_word' id='word_1_289' title='bbox 94 2500 143 2555; x_wconf 87' lang='lat' dir='ltr'>bis</span> <span class='ocrx_word' id='word_1_290' title='bbox 157 2518 320 2557; x_wconf 88' lang='lat' dir='ltr'>sermonem</span> <span class='ocrx_word' id='word_1_291' title='bbox 335 2505 369 2558; x_wconf 91' lang='lat' dir='ltr'>ad</span> <span class='ocrx_word' id='word_1_292' title='bbox 383 2505 471 2558; x_wconf 85' lang='lat' dir='ltr'>Deum</span> <span class='ocrx_word' id='word_1_293' title='bbox 487 2505 660 2576; x_wconf 86' lang='lat' dir='ltr'>qnasi:Cur</span> <span class='ocrx_word' id='word_1_294' title='bbox 684 2504 783 2558; x_wconf 90' lang='lat' dir='ltr'>dieunt</span> <span class='ocrx_word' id='word_1_295' title='bbox 806 2505 944 2559; x_wconf 85' lang='lat' dir='ltr'>trausmi·</span> <span class='ocrx_word' id='word_1_296' title='bbox 1000 2508 1067 2558; x_wconf 90' lang='lat' dir='ltr'>suut</span> <span class='ocrx_word' id='word_1_297' title='bbox 1093 2504 1258 2575; x_wconf 75' lang='lat' dir='ltr'>hypocritae,</span> <span class='ocrx_word' id='word_1_298' title='bbox 1285 2506 1422 2559; x_wconf 77' lang='lat' dir='ltr'>balrentes</span> <span class='ocrx_word' id='word_1_299' title='bbox 1450 2505 1573 2575; x_wconf 86' lang='lat' dir='ltr'>speciem</span> <span class='ocrx_word' id='word_1_300' title='bbox 1599 2503 1629 2557; x_wconf 89' lang='lat' dir='ltr'>in</span> <span class='ocrx_word' id='word_1_301' title='bbox 1652 2519 1784 2557; x_wconf 81' lang='lat' dir='ltr'>sermone</span> <span class='ocrx_word' id='word_1_302' title='bbox 1812 2503 1848 2556; x_wconf 83' lang='lat' dir='ltr'>ad</span> 
     </span>
     <span class='ocr_line' id='line_1_27' title="bbox 93 2591 1847 2664; baseline 0.002 -22"><span class='ocrx_word' id='word_1_303' title='bbox 93 2591 245 2660; x_wconf 81' lang='lat' dir='ltr'>gru‘lCur</span> <span class='ocrx_word' id='word_1_304' title='bbox 273 2592 308 2647; x_wconf 89' lang='lat' dir='ltr'>de</span> <span class='ocrx_word' id='word_1_305' title='bbox 334 2592 532 2663; x_wconf 85' lang='lat' dir='ltr'>peccatoribus</span> <span class='ocrx_word' id='word_1_306' title='bbox 561 2597 695 2661; x_wconf 89' lang='lat' dir='ltr'>terretur,</span> <span class='ocrx_word' id='word_1_307' title='bbox 720 2593 769 2664; x_wconf 89' lang='lat' dir='ltr'>qui</span> <span class='ocrx_word' id='word_1_308' title='bbox 791 2593 947 2648; x_wconf 83' lang='lat' dir='ltr'>intendunt</span> <span class='ocrx_word' id='word_1_309' title='bbox 1000 2591 1183 2660; x_wconf 88' lang='lat' dir='ltr'>decipiendos</span> <span class='ocrx_word' id='word_1_310' title='bbox 1211 2593 1353 2664; x_wconf 88' lang='lat' dir='ltr'>homiues,</span> <span class='ocrx_word' id='word_1_311' title='bbox 1373 2599 1401 2648; x_wconf 90' lang='lat' dir='ltr'>et</span> <span class='ocrx_word' id='word_1_312' title='bbox 1423 2595 1481 2648; x_wconf 88' lang='lat' dir='ltr'>Deo</span> <span class='ocrx_word' id='word_1_313' title='bbox 1510 2610 1569 2648; x_wconf 90' lang='lat' dir='ltr'>non</span> <span class='ocrx_word' id='word_1_314' title='bbox 1585 2591 1706 2647; x_wconf 88' lang='lat' dir='ltr'>subditi.</span> <span class='ocrx_word' id='word_1_315' title='bbox 1721 2591 1847 2662; x_wconf 78' lang='lat' dir='ltr'>(Rauso.)</span> 
     </span>
     <span class='ocr_line' id='line_1_28' title="bbox 94 2678 1257 2756; baseline 0.005 -24"><span class='ocrx_word' id='word_1_316' title='bbox 94 2678 233 2749; x_wconf 79' lang='lat' dir='ltr'>sagittare</span> <span class='ocrx_word' id='word_1_317' title='bbox 252 2682 367 2736; x_wconf 82' lang='lat' dir='ltr'>rectos?</span> <span class='ocrx_word' id='word_1_318' title='bbox 384 2684 450 2750; x_wconf 81' lang='lat' dir='ltr'>quia</span> <span class='ocrx_word' id='word_1_319' title='bbox 471 2697 531 2752; x_wconf 79' lang='lat' dir='ltr'>quar</span> <span class='ocrx_word' id='word_1_320' title='bbox 546 2684 689 2752; x_wconf 66' lang='lat' dir='ltr'>perfecisti</span> <span class='ocrx_word' id='word_1_321' title='bbox 708 2682 901 2756; x_wconf 82' lang='lat' dir='ltr'>destruaerunt</span> <span class='ocrx_word' id='word_1_322' title='bbox 915 2681 946 2737; x_wconf 89' lang='lat' dir='ltr'>in</span> <span class='ocrx_word' id='word_1_323' title='bbox 1002 2681 1059 2745; x_wconf 89' lang='lat' dir='ltr'>Vel,</span> <span class='ocrx_word' id='word_1_324' title='bbox 1077 2683 1257 2755; x_wconf 86' lang='lat' dir='ltr'>philosophi.</span> 
     </span>
     <span class='ocr_line' id='line_1_29' title="bbox 95 2766 1847 2843; baseline -0.001 -21"><span class='ocrx_word' id='word_1_325' title='bbox 95 2769 156 2822; x_wconf 82' lang='lat' dir='ltr'>anis</span> <span class='ocrx_word' id='word_1_326' title='bbox 171 2769 366 2835; x_wconf 86' lang='lat' dir='ltr'>conventibus,</span> <span class='ocrx_word' id='word_1_327' title='bbox 390 2770 665 2842; x_wconf 86' lang='lat' dir='ltr'>ubiparvulos,qui</span> <span class='ocrx_word' id='word_1_328' title='bbox 682 2775 765 2825; x_wconf 91' lang='lat' dir='ltr'>erant</span> <span class='ocrx_word' id='word_1_329' title='bbox 791 2771 863 2826; x_wconf 88' lang='lat' dir='ltr'>lacte</span> <span class='ocrx_word' id='word_1_330' title='bbox 892 2787 943 2826; x_wconf 90' lang='lat' dir='ltr'>nu·</span> <span class='ocrx_word' id='word_1_331' title='bbox 1036 2771 1119 2826; x_wconf 84' lang='lat' dir='ltr'>Vens.</span> <span class='ocrx_word' id='word_1_332' title='bbox 1136 2775 1161 2825; x_wconf 77' lang='lat'>5.</span> <span class='ocrx_word' id='word_1_333' title='bbox 1186 2773 1716 2843; x_wconf 61' lang='lat' dir='ltr'>-Qnidiaerunmlinpuumnostrum.</span> <span class='ocrx_word' id='word_1_334' title='bbox 1737 2766 1847 2838; x_wconf 81' lang='lat' dir='ltr'>(Cass.)</span> 
     </span>
     <span class='ocr_line' id='line_1_30' title="bbox 95 2855 1848 2932; baseline 0.001 -23"><span class='ocrx_word' id='word_1_335' title='bbox 95 2855 400 2928; x_wconf 86' lang='lat' dir='ltr'>triendi,exquorum</span> <span class='ocrx_word' id='word_1_336' title='bbox 428 2875 477 2914; x_wconf 90' lang='lat' dir='ltr'>ore</span> <span class='ocrx_word' id='word_1_337' title='bbox 497 2860 558 2914; x_wconf 91' lang='lat' dir='ltr'>laus</span> <span class='ocrx_word' id='word_1_338' title='bbox 577 2859 733 2930; x_wconf 85' lang='lat' dir='ltr'>perficitur,</span> <span class='ocrx_word' id='word_1_339' title='bbox 755 2859 871 2915; x_wconf 83' lang='lat' dir='ltr'>reueuis</span> <span class='ocrx_word' id='word_1_340' title='bbox 893 2875 946 2914; x_wconf 86' lang='lat' dir='ltr'>ue·</span> <span class='ocrx_word' id='word_1_341' title='bbox 999 2859 1108 2914; x_wconf 84' lang='lat' dir='ltr'>lactant</span> <span class='ocrx_word' id='word_1_342' title='bbox 1132 2878 1162 2915; x_wconf 87' lang='lat' dir='ltr'>se</span> <span class='ocrx_word' id='word_1_343' title='bbox 1187 2861 1221 2915; x_wconf 90' lang='lat' dir='ltr'>do</span> <span class='ocrx_word' id='word_1_344' title='bbox 1250 2867 1389 2932; x_wconf 85' lang='lat' dir='ltr'>potestate</span> <span class='ocrx_word' id='word_1_345' title='bbox 1417 2859 1670 2931; x_wconf 85' lang='lat' dir='ltr'>lubiorum,quasi</span> <span class='ocrx_word' id='word_1_346' title='bbox 1687 2857 1848 2912; x_wconf 85' lang='lat' dir='ltr'>nonabeo</span> 
     </span>
     <span class='ocr_line' id='line_1_31' title="bbox 93 2949 1170 3018; baseline 0.004 -20"><span class='ocrx_word' id='word_1_347' title='bbox 93 2950 173 2999; x_wconf 87' lang='lat' dir='ltr'>cant.</span> <span class='ocrx_word' id='word_1_348' title='bbox 964 2958 984 3014; x_wconf 84' lang='lat' dir='ltr'>c</span> <span class='ocrx_word' id='word_1_349' title='bbox 999 2949 1170 3018; x_wconf 85' lang='lat' dir='ltr'>acceperint.</span> 
     </span>
    </p>

    <p class='ocr_par' dir='ltr' id='par_1_7' title="bbox 90 3034 1848 3281">
     <span class='ocr_line' id='line_1_32' title="bbox 133 3034 1845 3108; baseline 0.001 -21"><span class='ocrx_word' id='word_1_350' title='bbox 133 3035 233 3090; x_wconf 72' lang='lat' dir='ltr'>dusius</span> <span class='ocrx_word' id='word_1_351' title='bbox 246 3039 345 3102; x_wconf 86' lang='lat' dir='ltr'>autem,</span> <span class='ocrx_word' id='word_1_352' title='bbox 361 3036 430 3106; x_wconf 81' lang='lat' dir='ltr'>qaid</span> <span class='ocrx_word' id='word_1_353' title='bbox 443 3037 636 3108; x_wconf 74' lang='lat' dir='ltr'>secitl(rluc.l</span> <span class='ocrx_word' id='word_1_354' title='bbox 653 3037 816 3092; x_wconf 88' lang='lat' dir='ltr'>Secundum</span> <span class='ocrx_word' id='word_1_355' title='bbox 845 3043 947 3091; x_wconf 87' lang='lat' dir='ltr'>utram·</span> <span class='ocrx_word' id='word_1_356' title='bbox 1036 3037 1116 3090; x_wconf 72' lang='lat' dir='ltr'>Vane.</span> <span class='ocrx_word' id='word_1_357' title='bbox 1135 3042 1164 3090; x_wconf 76' lang='grc' dir='ltr'>ιι.</span> <span class='ocrx_word' id='word_1_358' title='bbox 1183 3066 1216 3077; x_wconf 90' lang='grc'>-</span> <span class='ocrx_word' id='word_1_359' title='bbox 1231 3039 1344 3106; x_wconf 76' lang='lat' dir='ltr'>timpum</span> <span class='ocrx_word' id='word_1_360' title='bbox 1367 3042 1392 3092; x_wconf 86' lang='lat' dir='ltr'>et</span> <span class='ocrx_word' id='word_1_361' title='bbox 1411 3042 1540 3105; x_wconf 75' lang='lat' dir='ltr'>pernicem</span> <span class='ocrx_word' id='word_1_362' title='bbox 1563 3051 1727 3106; x_wconf 86' lang='lat' dir='ltr'>pauperum.</span> <span class='ocrx_word' id='word_1_363' title='bbox 1748 3034 1845 3105; x_wconf 70' lang='lat' dir='ltr'>ibus..</span> 
     </span>
     <span class='ocr_line' id='line_1_33' title="bbox 94 3119 1847 3193; baseline -0.001 -20"><span class='ocrx_word' id='word_1_364' title='bbox 94 3136 153 3191; x_wconf 87' lang='lat' dir='ltr'>qne</span> <span class='ocrx_word' id='word_1_365' title='bbox 168 3127 291 3192; x_wconf 89' lang='lat' dir='ltr'>partem,</span> <span class='ocrx_word' id='word_1_366' title='bbox 307 3129 372 3190; x_wconf 83' lang='lat' dir='ltr'>etc,</span> <span class='ocrx_word' id='word_1_367' title='bbox 389 3138 472 3192; x_wconf 79' lang='lat' dir='ltr'>usque</span> <span class='ocrx_word' id='word_1_368' title='bbox 491 3123 528 3177; x_wconf 90' lang='lat' dir='ltr'>ad</span> <span class='ocrx_word' id='word_1_369' title='bbox 555 3124 660 3185; x_wconf 76' lang='lat' dir='ltr'>animae</span> <span class='ocrx_word' id='word_1_370' title='bbox 682 3141 742 3178; x_wconf 75' lang='lat' dir='ltr'>sure</span> <span class='ocrx_word' id='word_1_371' title='bbox 770 3129 864 3191; x_wconf 88' lang='lat' dir='ltr'>nocet,</span> <span class='ocrx_word' id='word_1_372' title='bbox 887 3140 947 3179; x_wconf 88' lang='lat' dir='ltr'>nou</span> <span class='ocrx_word' id='word_1_373' title='bbox 1000 3119 1093 3190; x_wconf 73' lang='lat' dir='ltr'>cnse.)</span> <span class='ocrx_word' id='word_1_374' title='bbox 1108 3122 1214 3190; x_wconf 86' lang='lat' dir='ltr'>Inopes,</span> <span class='ocrx_word' id='word_1_375' title='bbox 1231 3121 1362 3191; x_wconf 77' lang='lat' dir='ltr'>gentiles,</span> <span class='ocrx_word' id='word_1_376' title='bbox 1379 3123 1428 3193; x_wconf 82' lang='lat' dir='ltr'>qui</span> <span class='ocrx_word' id='word_1_377' title='bbox 1454 3138 1506 3176; x_wconf 92' lang='lat' dir='ltr'>nec</span> <span class='ocrx_word' id='word_1_378' title='bbox 1520 3122 1624 3192; x_wconf 79' lang='lat' dir='ltr'>legem,</span> <span class='ocrx_word' id='word_1_379' title='bbox 1642 3137 1693 3174; x_wconf 89' lang='lat' dir='ltr'>nec</span> <span class='ocrx_word' id='word_1_380' title='bbox 1722 3119 1847 3190; x_wconf 86' lang='lat' dir='ltr'>proptre-</span> 
     </span>
     <span class='ocr_line' id='line_1_34' title="bbox 90 3207 1848 3281; baseline -0.001 -19"><span class='ocrx_word' id='word_1_381' title='bbox 90 3211 181 3280; x_wconf 85' lang='lat' dir='ltr'>justo,</span> <span class='ocrx_word' id='word_1_382' title='bbox 200 3210 250 3281; x_wconf 93' lang='lat' dir='ltr'>qui</span> <span class='ocrx_word' id='word_1_383' title='bbox 267 3212 323 3265; x_wconf 78' lang='lat' dir='ltr'>lieo</span> <span class='ocrx_word' id='word_1_384' title='bbox 338 3211 436 3265; x_wconf 79' lang='lat' dir='ltr'>credit.</span> <span class='ocrx_word' id='word_1_385' title='bbox 999 3215 1043 3262; x_wconf 88' lang='lat' dir='ltr'>tes</span> <span class='ocrx_word' id='word_1_386' title='bbox 1058 3208 1220 3264; x_wconf 85' lang='lat' dir='ltr'>babuerunt</span> <span class='ocrx_word' id='word_1_387' title='bbox 1236 3226 1243 3272; x_wconf 90' lang='lat'>;</span> <span class='ocrx_word' id='word_1_388' title='bbox 1257 3225 1392 3280; x_wconf 85' lang='lat' dir='ltr'>pauperes</span> <span class='ocrx_word' id='word_1_389' title='bbox 1406 3209 1508 3266; x_wconf 84' lang='lat' dir='ltr'>Judaei.</span> <span class='ocrx_word' id='word_1_390' title='bbox 1530 3212 1622 3267; x_wconf 85' lang='lat' dir='ltr'>Nune.</span> <span class='ocrx_word' id='word_1_391' title='bbox 1647 3208 1729 3274; x_wconf 83' lang='lat' dir='ltr'>Quod</span> <span class='ocrx_word' id='word_1_392' title='bbox 1744 3224 1803 3262; x_wconf 87' lang='lat' dir='ltr'>non</span> <span class='ocrx_word' id='word_1_393' title='bbox 1816 3207 1848 3262; x_wconf 89' lang='lat' dir='ltr'>iu</span> 
     </span>
    </p>

    <p class='ocr_par' dir='ltr' id='par_1_8' title="bbox 95 3296 1848 3459">
     <span class='ocr_line' id='line_1_35' title="bbox 135 3296 1846 3370; baseline 0 -20"><span class='ocrx_word' id='word_1_394' title='bbox 135 3300 215 3353; x_wconf 80' lang='lat' dir='ltr'>Vens.</span> <span class='ocrx_word' id='word_1_395' title='bbox 239 3303 265 3365; x_wconf 86' lang='lat'>6,</span> <span class='ocrx_word' id='word_1_396' title='bbox 283 3329 313 3339; x_wconf 94' lang='lat'>-</span> <span class='ocrx_word' id='word_1_397' title='bbox 330 3303 460 3354; x_wconf 78' lang='lat' dir='ltr'>Dominus</span> <span class='ocrx_word' id='word_1_398' title='bbox 475 3302 636 3370; x_wconf 67' lang='lat' dir='ltr'>interrepere,</span> <span class='ocrx_word' id='word_1_399' title='bbox 663 3305 716 3356; x_wconf 80' lang='lat' dir='ltr'>etc.</span> <span class='ocrx_word' id='word_1_400' title='bbox 731 3303 830 3357; x_wconf 75' lang='lat' dir='ltr'>Jnstus</span> <span class='ocrx_word' id='word_1_401' title='bbox 845 3307 944 3357; x_wconf 61' lang='lat' dir='ltr'>antem.</span> <span class='ocrx_word' id='word_1_402' title='bbox 1001 3296 1088 3364; x_wconf 90' lang='lat' dir='ltr'>priori</span> <span class='ocrx_word' id='word_1_403' title='bbox 1105 3298 1225 3368; x_wconf 87' lang='lat' dir='ltr'>pupulo.</span> <span class='ocrx_word' id='word_1_404' title='bbox 1245 3300 1410 3367; x_wconf 81' lang='lat' dir='ltr'>Eesnrpnm.</span> <span class='ocrx_word' id='word_1_405' title='bbox 1428 3298 1578 3370; x_wconf 81' lang='lat' dir='ltr'>Apporeho</span> <span class='ocrx_word' id='word_1_406' title='bbox 1592 3298 1620 3351; x_wconf 90' lang='lat' dir='ltr'>in</span> <span class='ocrx_word' id='word_1_407' title='bbox 1637 3298 1716 3353; x_wconf 74' lang='lat' dir='ltr'>Filio.</span> <span class='ocrx_word' id='word_1_408' title='bbox 1729 3297 1846 3351; x_wconf 80' lang='lat' dir='ltr'>Parrum.</span> 
     </span>
     <span class='ocr_line' id='line_1_36' title="bbox 95 3383 1848 3459; baseline -0.002 -18"><span class='ocrx_word' id='word_1_409' title='bbox 95 3386 221 3441; x_wconf 76' lang='lat' dir='ltr'>Minatur</span> <span class='ocrx_word' id='word_1_410' title='bbox 234 3387 386 3457; x_wconf 86' lang='lat' dir='ltr'>judicium,</span> <span class='ocrx_word' id='word_1_411' title='bbox 410 3387 491 3458; x_wconf 84' lang='lat' dir='ltr'>eujus</span> <span class='ocrx_word' id='word_1_412' title='bbox 517 3387 618 3442; x_wconf 87' lang='lat' dir='ltr'>timore</span> <span class='ocrx_word' id='word_1_413' title='bbox 643 3390 776 3444; x_wconf 84' lang='lat' dir='ltr'>deserant</span> <span class='ocrx_word' id='word_1_414' title='bbox 797 3390 944 3447; x_wconf 74' lang='lat' dir='ltr'>falsitates.</span> <span class='ocrx_word' id='word_1_415' title='bbox 999 3385 1230 3441; x_wconf 85' lang='lat' dir='ltr'>Consolationcm</span> <span class='ocrx_word' id='word_1_416' title='bbox 1246 3403 1417 3459; x_wconf 88' lang='lat' dir='ltr'>pauperum.</span> <span class='ocrx_word' id='word_1_417' title='bbox 1435 3387 1618 3442; x_wconf 79' lang='lat' dir='ltr'>Fiduciuliter.</span> <span class='ocrx_word' id='word_1_418' title='bbox 1637 3387 1779 3455; x_wconf 76' lang='lat' dir='ltr'>Potentes,</span> <span class='ocrx_word' id='word_1_419' title='bbox 1803 3383 1848 3439; x_wconf 89' lang='lat' dir='ltr'>cui</span> 
     </span>
    </p>

    <p class='ocr_par' dir='ltr' id='par_1_9' title="bbox 94 3473 1849 3725">
     <span class='ocr_line' id='line_1_37' title="bbox 133 3473 1169 3549; baseline 0.005 -21"><span class='ocrx_word' id='word_1_420' title='bbox 133 3475 408 3546; x_wconf 67' lang='lat' dir='ltr'>interementes.)</span> <span class='ocrx_word' id='word_1_421' title='bbox 437 3477 464 3530; x_wconf 92' lang='lat' dir='ltr'>ld</span> <span class='ocrx_word' id='word_1_422' title='bbox 481 3477 818 3549; x_wconf 84' lang='lat' dir='ltr'>estprobal,quiaboui</span> <span class='ocrx_word' id='word_1_423' title='bbox 849 3479 946 3534; x_wconf 89' lang='lat' dir='ltr'>deob·</span> <span class='ocrx_word' id='word_1_424' title='bbox 999 3473 1039 3527; x_wconf 79' lang='lat' dir='ltr'>nil</span> <span class='ocrx_word' id='word_1_425' title='bbox 1055 3474 1169 3530; x_wconf 86' lang='lat' dir='ltr'>resistit.</span> 
     </span>
     <span class='ocr_line' id='line_1_38' title="bbox 97 3562 1849 3638; baseline 0.004 -22"><span class='ocrx_word' id='word_1_426' title='bbox 97 3565 732 3635; x_wconf 79' lang='lat' dir='ltr'>seurisnoulatigautur,sedexercenturde</span> <span class='ocrx_word' id='word_1_427' title='bbox 759 3567 945 3638; x_wconf 81' lang='lat' dir='ltr'>cognitione:</span> <span class='ocrx_word' id='word_1_428' title='bbox 1035 3562 1118 3618; x_wconf 82' lang='lat' dir='ltr'>Vens.</span> <span class='ocrx_word' id='word_1_429' title='bbox 1135 3568 1161 3618; x_wconf 86' lang='lat' dir='ltr'>&#39;l.</span> <span class='ocrx_word' id='word_1_430' title='bbox 1182 3566 1349 3634; x_wconf 78' lang='lat' dir='ltr'>—Elopuia</span> <span class='ocrx_word' id='word_1_431' title='bbox 1377 3568 1493 3622; x_wconf 84' lang='lat' dir='ltr'>Domini.</span> <span class='ocrx_word' id='word_1_432' title='bbox 1523 3565 1744 3634; x_wconf 68' lang='lat' dir='ltr'>(semiannus</span> <span class='ocrx_word' id='word_1_433' title='bbox 1773 3564 1849 3620; x_wconf 85' lang='lat' dir='ltr'>mala</span> 
     </span>
     <span class='ocr_line' id='line_1_39' title="bbox 94 3651 1849 3725; baseline 0.001 -18"><span class='ocrx_word' id='word_1_434' title='bbox 94 3669 155 3707; x_wconf 88' lang='lat' dir='ltr'>non</span> <span class='ocrx_word' id='word_1_435' title='bbox 174 3654 320 3717; x_wconf 85' lang='lat' dir='ltr'>iulloutnr,</span> <span class='ocrx_word' id='word_1_436' title='bbox 337 3654 612 3708; x_wconf 84' lang='lat' dir='ltr'>sedcoulimnantnr.</span> <span class='ocrx_word' id='word_1_437' title='bbox 998 3651 1095 3718; x_wconf 70' lang='lat' dir='ltr'>saeculi</span> <span class='ocrx_word' id='word_1_438' title='bbox 1120 3652 1247 3708; x_wconf 85' lang='lat' dir='ltr'>Christus</span> <span class='ocrx_word' id='word_1_439' title='bbox 1266 3655 1380 3708; x_wconf 84' lang='lat' dir='ltr'>aPaue</span> <span class='ocrx_word' id='word_1_440' title='bbox 1403 3654 1517 3716; x_wconf 87' lang='lat' dir='ltr'>missus,</span> <span class='ocrx_word' id='word_1_441' title='bbox 1539 3654 1621 3724; x_wconf 91' lang='lat' dir='ltr'>eujus</span> <span class='ocrx_word' id='word_1_442' title='bbox 1642 3653 1759 3725; x_wconf 88' lang='lat' dir='ltr'>eloquia</span> <span class='ocrx_word' id='word_1_443' title='bbox 1783 3670 1849 3708; x_wconf 83' lang='lat' dir='ltr'>vera</span> 
     </span>
    </p>

    <p class='ocr_par' dir='ltr' id='par_1_10' title="bbox 94 3741 1848 3901">
     <span class='ocr_line' id='line_1_40' title="bbox 133 3741 1846 3813; baseline 0 -18"><span class='ocrx_word' id='word_1_444' title='bbox 133 3741 199 3807; x_wconf 76' lang='lat' dir='ltr'>Qua</span> <span class='ocrx_word' id='word_1_445' title='bbox 213 3743 362 3811; x_wconf 75' lang='lat' dir='ltr'>perfecisti.</span> <span class='ocrx_word' id='word_1_446' title='bbox 392 3741 421 3794; x_wconf 84' lang='lat' dir='ltr'>ld</span> <span class='ocrx_word' id='word_1_447' title='bbox 443 3746 496 3807; x_wconf 85' lang='lat' dir='ltr'>est,</span> <span class='ocrx_word' id='word_1_448' title='bbox 521 3741 644 3811; x_wconf 83' lang='lat' dir='ltr'>perlecta</span> <span class='ocrx_word' id='word_1_449' title='bbox 670 3741 793 3809; x_wconf 89' lang='lat' dir='ltr'>edidisti,</span> <span class='ocrx_word' id='word_1_450' title='bbox 820 3743 864 3797; x_wconf 85' lang='lat' dir='ltr'>rel</span> <span class='ocrx_word' id='word_1_451' title='bbox 893 3743 946 3798; x_wconf 89' lang='lat' dir='ltr'>im·</span> <span class='ocrx_word' id='word_1_452' title='bbox 999 3744 1075 3794; x_wconf 86' lang='lat' dir='ltr'>sunt.</span> <span class='ocrx_word' id='word_1_453' title='bbox 1093 3741 1247 3811; x_wconf 88' lang='lat' dir='ltr'>impiorum</span> <span class='ocrx_word' id='word_1_454' title='bbox 1264 3742 1343 3796; x_wconf 86' lang='lat' dir='ltr'>laisa.</span> <span class='ocrx_word' id='word_1_455' title='bbox 1358 3743 1453 3799; x_wconf 81' lang='lat' dir='ltr'>Casta.</span> <span class='ocrx_word' id='word_1_456' title='bbox 1472 3743 1574 3796; x_wconf 85' lang='lat' dir='ltr'>Contra</span> <span class='ocrx_word' id='word_1_457' title='bbox 1590 3743 1642 3796; x_wconf 88' lang='lat' dir='ltr'>boo</span> <span class='ocrx_word' id='word_1_458' title='bbox 1657 3742 1734 3813; x_wconf 83' lang='lat' dir='ltr'>qnod</span> <span class='ocrx_word' id='word_1_459' title='bbox 1749 3758 1846 3812; x_wconf 83' lang='lat' dir='ltr'>snpra,</span> 
     </span>
     <span class='ocr_line' id='line_1_41' title="bbox 94 3828 1848 3901; baseline 0.001 -18"><span class='ocrx_word' id='word_1_460' title='bbox 94 3829 203 3900; x_wconf 91' lang='lat' dir='ltr'>plendo</span> <span class='ocrx_word' id='word_1_461' title='bbox 218 3830 362 3901; x_wconf 78' lang='lat' dir='ltr'>prediola.</span> <span class='ocrx_word' id='word_1_462' title='bbox 380 3831 597 3896; x_wconf 76' lang='lat' dir='ltr'>Dostruxerunt,</span> <span class='ocrx_word' id='word_1_463' title='bbox 615 3831 881 3900; x_wconf 82' lang='lat' dir='ltr'>maleexpouendo.</span> <span class='ocrx_word' id='word_1_464' title='bbox 997 3845 1070 3884; x_wconf 79' lang='lat' dir='ltr'>varra</span> <span class='ocrx_word' id='word_1_465' title='bbox 1089 3830 1256 3884; x_wconf 83' lang='lat' dir='ltr'>locutisunt.</span> <span class='ocrx_word' id='word_1_466' title='bbox 1275 3857 1309 3870; x_wconf 89' lang='lat'><em>-</em></span> <span class='ocrx_word' id='word_1_467' title='bbox 1336 3832 1545 3885; x_wconf 77' lang='lat' dir='ltr'>Eeaminauem.</span> <span class='ocrx_word' id='word_1_468' title='bbox 1577 3830 1691 3894; x_wconf 86' lang='lat' dir='ltr'>Contra,</span> <span class='ocrx_word' id='word_1_469' title='bbox 1708 3828 1848 3884; x_wconf 80' lang='lat' dir='ltr'>lubiade-</span> 
     </span>
    </p>

    <p class='ocr_par' dir='ltr' id='par_1_11' title="bbox 94 3917 1849 4166">
     <span class='ocr_line' id='line_1_42' title="bbox 132 3917 1491 3988; baseline -0.002 -15"><span class='ocrx_word' id='word_1_470' title='bbox 132 3918 227 3988; x_wconf 78' lang='lat' dir='ltr'>(lom.)</span> <span class='ocrx_word' id='word_1_471' title='bbox 251 3919 286 3973; x_wconf 88' lang='lat' dir='ltr'>ln</span> <span class='ocrx_word' id='word_1_472' title='bbox 313 3919 434 3973; x_wconf 80' lang='lat' dir='ltr'>obscuro.</span> <span class='ocrx_word' id='word_1_473' title='bbox 472 3919 517 3973; x_wconf 88' lang='lat' dir='ltr'>llel</span> <span class='ocrx_word' id='word_1_474' title='bbox 545 3919 660 3974; x_wconf 84' lang='lat' dir='ltr'>obscura</span> <span class='ocrx_word' id='word_1_475' title='bbox 686 3921 762 3975; x_wconf 77' lang='lat' dir='ltr'>lurra.</span> <span class='ocrx_word' id='word_1_476' title='bbox 789 3920 857 3973; x_wconf 82' lang='lat' dir='ltr'>ilum</span> <span class='ocrx_word' id='word_1_477' title='bbox 879 3924 946 3974; x_wconf 88' lang='lat' dir='ltr'>sunt</span> <span class='ocrx_word' id='word_1_478' title='bbox 999 3918 1056 3972; x_wconf 86' lang='lat' dir='ltr'>losa</span> <span class='ocrx_word' id='word_1_479' title='bbox 1067 3920 1095 3971; x_wconf 88' lang='lat' dir='ltr'>in</span> <span class='ocrx_word' id='word_1_480' title='bbox 1106 3918 1184 3972; x_wconf 84' lang='lat' dir='ltr'>corde</span> <span class='ocrx_word' id='word_1_481' title='bbox 1195 3924 1221 3972; x_wconf 88' lang='lat' dir='ltr'>et</span> <span class='ocrx_word' id='word_1_482' title='bbox 1234 3917 1313 3972; x_wconf 84' lang='lat' dir='ltr'>corde</span> <span class='ocrx_word' id='word_1_483' title='bbox 1323 3918 1405 3972; x_wconf 73' lang='lat' dir='ltr'>menti</span> <span class='ocrx_word' id='word_1_484' title='bbox 1418 3922 1491 3972; x_wconf 78' lang='lat' dir='ltr'>sarit.</span> 
     </span>
     <span class='ocr_line' id='line_1_43' title="bbox 94 4003 1849 4078; baseline -0.001 -18"><span class='ocrx_word' id='word_1_485' title='bbox 94 4006 247 4076; x_wconf 81' lang='lat' dir='ltr'>opiniones</span> <span class='ocrx_word' id='word_1_486' title='bbox 261 4007 348 4070; x_wconf 76' lang='lat' dir='ltr'>lune,</span> <span class='ocrx_word' id='word_1_487' title='bbox 365 4014 431 4072; x_wconf 81' lang='lat' dir='ltr'>etc,</span> <span class='ocrx_word' id='word_1_488' title='bbox 454 4023 539 4076; x_wconf 82' lang='lat' dir='ltr'>usqne</span> <span class='ocrx_word' id='word_1_489' title='bbox 560 4008 597 4062; x_wconf 86' lang='lat' dir='ltr'>ud</span> <span class='ocrx_word' id='word_1_490' title='bbox 619 4007 668 4078; x_wconf 89' lang='lat' dir='ltr'>qui</span> <span class='ocrx_word' id='word_1_491' title='bbox 685 4013 753 4062; x_wconf 88' lang='lat' dir='ltr'>tune</span> <span class='ocrx_word' id='word_1_492' title='bbox 767 4007 835 4061; x_wconf 88' lang='lat' dir='ltr'>dicit</span> <span class='ocrx_word' id='word_1_493' title='bbox 848 4012 946 4063; x_wconf 86' lang='lat' dir='ltr'>saneta</span> <span class='ocrx_word' id='word_1_494' title='bbox 1033 4007 1204 4076; x_wconf 79' lang='lat' dir='ltr'>septuplum.</span> <span class='ocrx_word' id='word_1_495' title='bbox 1226 4005 1322 4076; x_wconf 77' lang='lat' dir='ltr'>(Aua.)</span> <span class='ocrx_word' id='word_1_496' title='bbox 1356 4004 1494 4071; x_wconf 81' lang='lat' dir='ltr'>Perfecto,</span> <span class='ocrx_word' id='word_1_497' title='bbox 1538 4008 1603 4070; x_wconf 78' lang='lat' dir='ltr'>eto,</span> <span class='ocrx_word' id='word_1_498' title='bbox 1630 4019 1715 4074; x_wconf 73' lang='lat' dir='ltr'>usque</span> <span class='ocrx_word' id='word_1_499' title='bbox 1750 4003 1787 4059; x_wconf 87' lang='lat' dir='ltr'>ad</span> <span class='ocrx_word' id='word_1_500' title='bbox 1819 4008 1849 4059; x_wconf 91' lang='lat' dir='ltr'>et</span> 
     </span>
     <span class='ocr_line' id='line_1_44' title="bbox 94 4094 1511 4166; baseline 0.001 -17"><span class='ocrx_word' id='word_1_501' title='bbox 94 4102 284 4149; x_wconf 85' lang='lat' dir='ltr'>sacramenta.</span> <span class='ocrx_word' id='word_1_502' title='bbox 302 4112 367 4150; x_wconf 92' lang='lat' dir='ltr'>cum</span> <span class='ocrx_word' id='word_1_503' title='bbox 382 4113 433 4166; x_wconf 93' lang='lat' dir='ltr'>per</span> <span class='ocrx_word' id='word_1_504' title='bbox 453 4101 566 4151; x_wconf 87' lang='lat' dir='ltr'>sanctos</span> <span class='ocrx_word' id='word_1_505' title='bbox 581 4096 694 4151; x_wconf 90' lang='lat' dir='ltr'>dentur.</span> <span class='ocrx_word' id='word_1_506' title='bbox 999 4095 1078 4164; x_wconf 85' lang='lat' dir='ltr'>quud</span> <span class='ocrx_word' id='word_1_507' title='bbox 1093 4094 1248 4164; x_wconf 87' lang='lat' dir='ltr'>perlectum</span> <span class='ocrx_word' id='word_1_508' title='bbox 1262 4099 1304 4147; x_wconf 84' lang='lat' dir='ltr'>est</span> <span class='ocrx_word' id='word_1_509' title='bbox 1317 4094 1511 4150; x_wconf 83' lang='lat' dir='ltr'>demonstrat.</span> 
     </span>
    </p>

    <p class='ocr_par' dir='ltr' id='par_1_12' title="bbox 95 4180 1846 4788">
     <span class='ocr_line' id='line_1_45' title="bbox 133 4180 1845 4256; baseline 0.001 -21"><span class='ocrx_word' id='word_1_510' title='bbox 133 4184 490 4253; x_wconf 68' lang='lat' dir='ltr'>virsa—Pteetmper.</span> <span class='ocrx_word' id='word_1_511' title='bbox 511 4184 583 4248; x_wconf 85' lang='lat' dir='ltr'>Quid</span> <span class='ocrx_word' id='word_1_512' title='bbox 613 4184 696 4238; x_wconf 85' lang='lat' dir='ltr'>malis</span> <span class='ocrx_word' id='word_1_513' title='bbox 721 4184 820 4239; x_wconf 89' lang='lat' dir='ltr'>reddat</span> <span class='ocrx_word' id='word_1_514' title='bbox 844 4189 942 4239; x_wconf 72' lang='lat' dir='ltr'>osten·</span> <span class='ocrx_word' id='word_1_515' title='bbox 1035 4184 1119 4238; x_wconf 86' lang='lat' dir='ltr'>Vens.</span> <span class='ocrx_word' id='word_1_516' title='bbox 1135 4186 1161 4238; x_wconf 88' lang='lat'>8.</span> <span class='ocrx_word' id='word_1_517' title='bbox 1177 4213 1211 4223; x_wconf 90' lang='lat'>·-</span> <span class='ocrx_word' id='word_1_518' title='bbox 1228 4185 1277 4249; x_wconf 84' lang='lat' dir='ltr'>Tu,</span> <span class='ocrx_word' id='word_1_519' title='bbox 1298 4185 1416 4239; x_wconf 76' lang='lat' dir='ltr'>floruisse·</span> <span class='ocrx_word' id='word_1_520' title='bbox 1439 4183 1545 4255; x_wconf 74' lang='lat' dir='ltr'>(uass)</span> <span class='ocrx_word' id='word_1_521' title='bbox 1564 4183 1715 4239; x_wconf 88' lang='lat' dir='ltr'>Utilitatem</span> <span class='ocrx_word' id='word_1_522' title='bbox 1732 4180 1845 4256; x_wconf 79' lang='lat' dir='ltr'>divino·</span> 
     </span>
     <span class='ocr_line' id='line_1_46' title="bbox 95 4241 1845 4346; baseline -0.003 -18"><span class='ocrx_word' id='word_1_523' title='bbox 95 4273 148 4328; x_wconf 93' lang='lat' dir='ltr'>dit.</span> <span class='ocrx_word' id='word_1_524' title='bbox 167 4274 263 4344; x_wconf 73' lang='lat' dir='ltr'>(Aua.)</span> <span class='ocrx_word' id='word_1_525' title='bbox 281 4273 357 4327; x_wconf 85' lang='lat' dir='ltr'>Plnit</span> <span class='ocrx_word' id='word_1_526' title='bbox 382 4274 417 4329; x_wconf 91' lang='lat' dir='ltr'>de</span> <span class='ocrx_word' id='word_1_527' title='bbox 434 4273 566 4337; x_wconf 83' lang='lat' dir='ltr'>nubibus,</span> <span class='ocrx_word' id='word_1_528' title='bbox 597 4275 683 4329; x_wconf 85' lang='lat' dir='ltr'>idest</span> <span class='ocrx_word' id='word_1_529' title='bbox 710 4241 979 4346; x_wconf 73' lang='lat' dir='ltr'>pseudopropbe-⁰</span> <span class='ocrx_word' id='word_1_530' title='bbox 1001 4287 1065 4325; x_wconf 88' lang='lat' dir='ltr'>rum</span> <span class='ocrx_word' id='word_1_531' title='bbox 1103 4271 1294 4342; x_wconf 82' lang='lat' dir='ltr'>eloquiorum,</span> <span class='ocrx_word' id='word_1_532' title='bbox 1335 4272 1371 4326; x_wconf 89' lang='lat' dir='ltr'>ad</span> <span class='ocrx_word' id='word_1_533' title='bbox 1411 4271 1567 4326; x_wconf 86' lang='lat' dir='ltr'>[lominum</span> <span class='ocrx_word' id='word_1_534' title='bbox 1608 4257 1845 4336; x_wconf 73' lang='lat' dir='ltr'>commoriens,</span> 
     </span>
     <span class='ocr_line' id='line_1_47' title="bbox 95 4358 1137 4435; baseline -0.002 -19"><span class='ocrx_word' id='word_1_535' title='bbox 95 4363 143 4416; x_wconf 88' lang='lat' dir='ltr'>tis.</span> <span class='ocrx_word' id='word_1_536' title='bbox 168 4362 214 4416; x_wconf 86' lang='lat' dir='ltr'>Vel</span> <span class='ocrx_word' id='word_1_537' title='bbox 231 4362 361 4425; x_wconf 88' lang='lat' dir='ltr'>debonis</span> <span class='ocrx_word' id='word_1_538' title='bbox 387 4365 462 4419; x_wconf 90' lang='lat' dir='ltr'>unde</span> <span class='ocrx_word' id='word_1_539' title='bbox 491 4363 749 4435; x_wconf 82' lang='lat' dir='ltr'>emanantlaquei,</span> <span class='ocrx_word' id='word_1_540' title='bbox 777 4381 842 4418; x_wconf 91' lang='lat' dir='ltr'>cum</span> <span class='ocrx_word' id='word_1_541' title='bbox 872 4366 945 4420; x_wconf 84' lang='lat' dir='ltr'>male</span> <span class='ocrx_word' id='word_1_542' title='bbox 1000 4358 1137 4414; x_wconf 83' lang='lat' dir='ltr'>ostendit.</span> 
     </span>
     <span class='ocr_line' id='line_1_48' title="bbox 96 4447 1844 4524; baseline 0.001 -20"><span class='ocrx_word' id='word_1_543' title='bbox 96 4450 289 4520; x_wconf 74' lang='lat' dir='ltr'>intelligitur:</span> <span class='ocrx_word' id='word_1_544' title='bbox 304 4450 353 4506; x_wconf 86' lang='lat' dir='ltr'>sed</span> <span class='ocrx_word' id='word_1_545' title='bbox 377 4452 507 4506; x_wconf 87' lang='lat' dir='ltr'>nonnisi</span> <span class='ocrx_word' id='word_1_546' title='bbox 535 4452 580 4507; x_wconf 89' lang='lat' dir='ltr'>his</span> <span class='ocrx_word' id='word_1_547' title='bbox 605 4452 654 4524; x_wconf 87' lang='lat' dir='ltr'>qui</span> <span class='ocrx_word' id='word_1_548' title='bbox 683 4458 844 4524; x_wconf 85' lang='lat' dir='ltr'>peccatores</span> <span class='ocrx_word' id='word_1_549' title='bbox 868 4459 943 4510; x_wconf 82' lang='lat' dir='ltr'>sunt.</span> <span class='ocrx_word' id='word_1_550' title='bbox 1037 4449 1117 4502; x_wconf 79' lang='lat' dir='ltr'>Vsus·</span> <span class='ocrx_word' id='word_1_551' title='bbox 1134 4451 1160 4502; x_wconf 82' lang='grc'>9.</span> <span class='ocrx_word' id='word_1_552' title='bbox 1180 4450 1255 4503; x_wconf 81' lang='grc' dir='ltr'>-ιιι</span> <span class='ocrx_word' id='word_1_553' title='bbox 1268 4451 1393 4504; x_wconf 82' lang='lat' dir='ltr'>circuitu.</span> <span class='ocrx_word' id='word_1_554' title='bbox 1410 4447 1560 4504; x_wconf 84' lang='lat' dir='ltr'>Conclusio</span> <span class='ocrx_word' id='word_1_555' title='bbox 1573 4447 1609 4502; x_wconf 89' lang='lat' dir='ltr'>de</span> <span class='ocrx_word' id='word_1_556' title='bbox 1620 4452 1740 4518; x_wconf 80' lang='lat' dir='ltr'>utreque</span> <span class='ocrx_word' id='word_1_557' title='bbox 1753 4452 1844 4516; x_wconf 85' lang='lat' dir='ltr'>parte.</span> 
     </span>
     <span class='ocr_line' id='line_1_49' title="bbox 96 4534 1845 4612; baseline -0.003 -18"><span class='ocrx_word' id='word_1_558' title='bbox 96 4541 183 4606; x_wconf 75' lang='lat' dir='ltr'>laicis.</span> <span class='ocrx_word' id='word_1_559' title='bbox 201 4541 296 4593; x_wconf 86' lang='lat' dir='ltr'>Primo</span> <span class='ocrx_word' id='word_1_560' title='bbox 310 4541 377 4611; x_wconf 80' lang='lat' dir='ltr'>igne</span> <span class='ocrx_word' id='word_1_561' title='bbox 390 4540 579 4612; x_wconf 90' lang='lat' dir='ltr'>cupiditatum</span> <span class='ocrx_word' id='word_1_562' title='bbox 595 4546 758 4595; x_wconf 82' lang='lat' dir='ltr'>vastantur:</span> <span class='ocrx_word' id='word_1_563' title='bbox 786 4540 853 4595; x_wconf 91' lang='lat' dir='ltr'>inde</span> <span class='ocrx_word' id='word_1_564' title='bbox 880 4558 945 4595; x_wconf 86' lang='lat' dir='ltr'>rna-</span> <span class='ocrx_word' id='word_1_565' title='bbox 1000 4535 1290 4608; x_wconf 62' lang='lat' dir='ltr'>(Aueliercirceitu,</span> <span class='ocrx_word' id='word_1_566' title='bbox 1320 4536 1422 4603; x_wconf 90' lang='lat' dir='ltr'>idest,</span> <span class='ocrx_word' id='word_1_567' title='bbox 1447 4536 1604 4608; x_wconf 84' lang='lat' dir='ltr'>cupiditate</span> <span class='ocrx_word' id='word_1_568' title='bbox 1631 4534 1845 4606; x_wconf 82' lang='lat' dir='ltr'>temporalium,</span> 
     </span>
     <span class='ocr_line' id='line_1_50' title="bbox 96 4624 1846 4700; baseline -0.002 -19"><span class='ocrx_word' id='word_1_569' title='bbox 96 4628 193 4681; x_wconf 89' lang='lat' dir='ltr'>lorum</span> <span class='ocrx_word' id='word_1_570' title='bbox 222 4645 342 4699; x_wconf 87' lang='lat' dir='ltr'>operum</span> <span class='ocrx_word' id='word_1_571' title='bbox 373 4630 462 4683; x_wconf 82' lang='lat' dir='ltr'>fetore</span> <span class='ocrx_word' id='word_1_572' title='bbox 488 4629 663 4700; x_wconf 66' lang='lat' dir='ltr'>ablicinntur</span> <span class='ocrx_word' id='word_1_573' title='bbox 690 4645 707 4683; x_wconf 93' lang='lat' dir='ltr'>a</span> <span class='ocrx_word' id='word_1_574' title='bbox 736 4629 851 4696; x_wconf 86' lang='lat' dir='ltr'>sanctis,</span> <span class='ocrx_word' id='word_1_575' title='bbox 876 4630 944 4686; x_wconf 88' lang='lat' dir='ltr'>inde</span> <span class='ocrx_word' id='word_1_576' title='bbox 999 4643 1065 4698; x_wconf 80' lang='lat' dir='ltr'>qum</span> <span class='ocrx_word' id='word_1_577' title='bbox 1081 4632 1190 4696; x_wconf 87' lang='lat' dir='ltr'>septem</span> <span class='ocrx_word' id='word_1_578' title='bbox 1207 4626 1307 4680; x_wconf 84' lang='lat' dir='ltr'>dicbus</span> <span class='ocrx_word' id='word_1_579' title='bbox 1321 4627 1485 4693; x_wconf 81' lang='lat' dir='ltr'>volvuntur,</span> <span class='ocrx_word' id='word_1_580' title='bbox 1501 4630 1530 4680; x_wconf 89' lang='lat' dir='ltr'>et</span> <span class='ocrx_word' id='word_1_581' title='bbox 1544 4641 1603 4680; x_wconf 87' lang='lat' dir='ltr'>nou</span> <span class='ocrx_word' id='word_1_582' title='bbox 1616 4626 1737 4679; x_wconf 84' lang='lat' dir='ltr'>veniunt</span> <span class='ocrx_word' id='word_1_583' title='bbox 1750 4624 1780 4678; x_wconf 89' lang='lat' dir='ltr'>io</span> <span class='ocrx_word' id='word_1_584' title='bbox 1795 4639 1846 4678; x_wconf 90' lang='lat' dir='ltr'>oc·</span> 
     </span>
     <span class='ocr_line' id='line_1_51' title="bbox 97 4703 1845 4788; baseline -0.002 -18"><span class='ocrx_word' id='word_1_585' title='bbox 97 4703 270 4786; x_wconf 77' lang='lat' dir='ltr'>merguntur</span> <span class='ocrx_word' id='word_1_586' title='bbox 285 4719 400 4771; x_wconf 78' lang='lat' dir='ltr'>eternis</span> <span class='ocrx_word' id='word_1_587' title='bbox 416 4719 518 4788; x_wconf 84' lang='lat' dir='ltr'>poenis.</span> <span class='ocrx_word' id='word_1_588' title='bbox 998 4716 1106 4782; x_wconf 81' lang='lat' dir='ltr'>tarum,</span> <span class='ocrx_word' id='word_1_589' title='bbox 1133 4714 1162 4770; x_wconf 91' lang='lat' dir='ltr'>id</span> <span class='ocrx_word' id='word_1_590' title='bbox 1177 4720 1231 4781; x_wconf 86' lang='lat' dir='ltr'>est,</span> <span class='ocrx_word' id='word_1_591' title='bbox 1244 4720 1404 4769; x_wconf 76' lang='lat' dir='ltr'>eternum:</span> <span class='ocrx_word' id='word_1_592' title='bbox 1423 4715 1496 4769; x_wconf 91' lang='lat' dir='ltr'>unde</span> <span class='ocrx_word' id='word_1_593' title='bbox 1522 4714 1668 4770; x_wconf 84' lang='lat' dir='ltr'>oerrtitator</span> <span class='ocrx_word' id='word_1_594' title='bbox 1685 4718 1725 4769; x_wconf 84' lang='lat' dir='ltr'>cst</span> <span class='ocrx_word' id='word_1_595' title='bbox 1746 4711 1845 4782; x_wconf 86' lang='lat' dir='ltr'>impio·</span> 
     </span>
    </p>

    <p class='ocr_par' dir='ltr' id='par_1_13' title="bbox 94 4803 1846 4965">
     <span class='ocr_line' id='line_1_52' title="bbox 134 4803 1846 4877; baseline -0.002 -18"><span class='ocrx_word' id='word_1_596' title='bbox 134 4806 219 4860; x_wconf 78' lang='lat' dir='ltr'>Vens.</span> <span class='ocrx_word' id='word_1_597' title='bbox 235 4808 458 4861; x_wconf 84' lang='lat' dir='ltr'>8.-Justitins.</span> <span class='ocrx_word' id='word_1_598' title='bbox 487 4807 585 4877; x_wconf 77' lang='lat' dir='ltr'>(loia.)</span> <span class='ocrx_word' id='word_1_599' title='bbox 613 4806 773 4870; x_wconf 86' lang='lat' dir='ltr'>Pluraliter,</span> <span class='ocrx_word' id='word_1_600' title='bbox 798 4811 829 4861; x_wconf 90' lang='lat' dir='ltr'>ut</span> <span class='ocrx_word' id='word_1_601' title='bbox 852 4806 944 4877; x_wconf 83' lang='lat' dir='ltr'>justos</span> <span class='ocrx_word' id='word_1_602' title='bbox 998 4819 1058 4859; x_wconf 86' lang='lat' dir='ltr'>rem</span> <span class='ocrx_word' id='word_1_603' title='bbox 1091 4820 1141 4859; x_wconf 80' lang='lat' dir='ltr'>rea</span> <span class='ocrx_word' id='word_1_604' title='bbox 1165 4807 1284 4873; x_wconf 74' lang='lat' dir='ltr'>cupieris,</span> <span class='ocrx_word' id='word_1_605' title='bbox 1319 4807 1344 4857; x_wconf 83' lang='lat' dir='ltr'>et</span> <span class='ocrx_word' id='word_1_606' title='bbox 1366 4805 1490 4858; x_wconf 87' lang='lat' dir='ltr'>immittit</span> <span class='ocrx_word' id='word_1_607' title='bbox 1516 4803 1571 4857; x_wconf 87' lang='lat' dir='ltr'>illis</span> <span class='ocrx_word' id='word_1_608' title='bbox 1604 4808 1692 4858; x_wconf 87' lang='lat' dir='ltr'>retum</span> <span class='ocrx_word' id='word_1_609' title='bbox 1714 4803 1846 4857; x_wconf 85' lang='lat' dir='ltr'>maloram</span> 
     </span>
     <span class='ocr_line' id='line_1_53' title="bbox 94 4890 1602 4965; baseline -0.002 -17"><span class='ocrx_word' id='word_1_610' title='bbox 94 4893 230 4962; x_wconf 86' lang='lat' dir='ltr'>accipias,</span> <span class='ocrx_word' id='word_1_611' title='bbox 246 4894 397 4965; x_wconf 85' lang='lat' dir='ltr'>inquibus</span> <span class='ocrx_word' id='word_1_612' title='bbox 414 4895 510 4949; x_wconf 77' lang='lat' dir='ltr'>multae</span> <span class='ocrx_word' id='word_1_613' title='bbox 523 4894 653 4965; x_wconf 75' lang='lat' dir='ltr'>iustitiae,</span> <span class='ocrx_word' id='word_1_614' title='bbox 669 4910 735 4948; x_wconf 88' lang='lat' dir='ltr'>cum</span> <span class='ocrx_word' id='word_1_615' title='bbox 752 4911 809 4949; x_wconf 87' lang='lat' dir='ltr'>una</span> <span class='ocrx_word' id='word_1_616' title='bbox 823 4894 859 4948; x_wconf 91' lang='lat' dir='ltr'>sit</span> <span class='ocrx_word' id='word_1_617' title='bbox 884 4895 942 4950; x_wconf 84' lang='lat' dir='ltr'>liei.</span> <span class='ocrx_word' id='word_1_618' title='bbox 999 4893 1091 4963; x_wconf 83' lang='lat' dir='ltr'>(Pron.</span> <span class='ocrx_word' id='word_1_619' title='bbox 1111 4895 1153 4964; x_wconf 90' lang='lat' dir='ltr'>n),</span> <span class='ocrx_word' id='word_1_620' title='bbox 1163 4893 1192 4948; x_wconf 91' lang='lat' dir='ltr'>id</span> <span class='ocrx_word' id='word_1_621' title='bbox 1203 4896 1254 4960; x_wconf 88' lang='lat' dir='ltr'>est,</span> <span class='ocrx_word' id='word_1_622' title='bbox 1271 4891 1411 4948; x_wconf 84' lang='lat' dir='ltr'>ambitum</span> <span class='ocrx_word' id='word_1_623' title='bbox 1424 4890 1602 4960; x_wconf 76' lang='lat' dir='ltr'>solubilium.</span> 
     </span>
    </p>

    <p class='ocr_par' dir='ltr' id='par_1_14' title="bbox 93 4978 1892 5320">
     <span class='ocr_line' id='line_1_54' title="bbox 130 4978 1844 5055; baseline -0.003 -17"><span class='ocrx_word' id='word_1_624' title='bbox 130 4983 306 5050; x_wconf 59' lang='lat' dir='ltr'>minuitatem</span> <span class='ocrx_word' id='word_1_625' title='bbox 318 4983 399 5037; x_wconf 84' lang='lat' dir='ltr'>vidit.</span> <span class='ocrx_word' id='word_1_626' title='bbox 416 4983 544 5055; x_wconf 81' lang='lat' dir='ltr'>AEquitas</span> <span class='ocrx_word' id='word_1_627' title='bbox 556 4984 616 5037; x_wconf 81' lang='lat' dir='ltr'>visa</span> <span class='ocrx_word' id='word_1_628' title='bbox 638 4988 679 5037; x_wconf 89' lang='lat' dir='ltr'>est</span> <span class='ocrx_word' id='word_1_629' title='bbox 695 4982 724 5037; x_wconf 92' lang='lat' dir='ltr'>in</span> <span class='ocrx_word' id='word_1_630' title='bbox 748 4983 830 5048; x_wconf 87' lang='lat' dir='ltr'>iacie,</span> <span class='ocrx_word' id='word_1_631' title='bbox 846 4983 875 5038; x_wconf 90' lang='lat' dir='ltr'>id</span> <span class='ocrx_word' id='word_1_632' title='bbox 891 4989 942 5048; x_wconf 83' lang='lat' dir='ltr'>est,</span> <span class='ocrx_word' id='word_1_633' title='bbox 1034 4982 1225 5051; x_wconf 66' lang='lat' dir='ltr'>multiplicasti</span> <span class='ocrx_word' id='word_1_634' title='bbox 1237 4983 1307 5051; x_wconf 66' lang='lat' dir='ltr'>illios</span> <span class='ocrx_word' id='word_1_635' title='bbox 1323 4981 1468 5036; x_wconf 81' lang='lat' dir='ltr'>nominum.</span> <span class='ocrx_word' id='word_1_636' title='bbox 1497 4978 1593 5050; x_wconf 81' lang='lat' dir='ltr'>(ibid.)</span> <span class='ocrx_word' id='word_1_637' title='bbox 1619 4980 1667 5034; x_wconf 81' lang='lat' dir='ltr'>Est</span> <span class='ocrx_word' id='word_1_638' title='bbox 1693 4982 1722 5034; x_wconf 88' lang='lat' dir='ltr'>et</span> <span class='ocrx_word' id='word_1_639' title='bbox 1744 4978 1844 5034; x_wconf 89' lang='lat' dir='ltr'>multi·</span> 
     </span>
     <span class='ocr_line' id='line_1_55' title="bbox 95 5067 1892 5142; baseline -0.002 -17"><span class='ocrx_word' id='word_1_640' title='bbox 95 5069 199 5125; x_wconf 89' lang='lat' dir='ltr'>notitia</span> <span class='ocrx_word' id='word_1_641' title='bbox 213 5069 275 5140; x_wconf 85' lang='lat' dir='ltr'>ejus</span> <span class='ocrx_word' id='word_1_642' title='bbox 290 5085 297 5124; x_wconf 92' lang='lat'>:</span> <span class='ocrx_word' id='word_1_643' title='bbox 310 5069 394 5124; x_wconf 84' lang='lat' dir='ltr'>iacies</span> <span class='ocrx_word' id='word_1_644' title='bbox 406 5071 483 5124; x_wconf 89' lang='lat' dir='ltr'>enim</span> <span class='ocrx_word' id='word_1_645' title='bbox 507 5075 550 5125; x_wconf 85' lang='grc' dir='ltr'>εει</span> <span class='ocrx_word' id='word_1_646' title='bbox 573 5070 676 5125; x_wconf 89' lang='lat' dir='ltr'>notitia</span> <span class='ocrx_word' id='word_1_647' title='bbox 688 5071 760 5140; x_wconf 82' lang='lat' dir='ltr'>ejus,</span> <span class='ocrx_word' id='word_1_648' title='bbox 775 5071 804 5125; x_wconf 84' lang='lat' dir='ltr'>id</span> <span class='ocrx_word' id='word_1_649' title='bbox 820 5074 872 5138; x_wconf 87' lang='lat' dir='ltr'>est,</span> <span class='ocrx_word' id='word_1_650' title='bbox 888 5087 945 5142; x_wconf 92' lang='lat' dir='ltr'>po·</span> <span class='ocrx_word' id='word_1_651' title='bbox 998 5067 1114 5140; x_wconf 88' lang='lat' dir='ltr'>plicatio</span> <span class='ocrx_word' id='word_1_652' title='bbox 1137 5070 1167 5124; x_wconf 90' lang='lat' dir='ltr'>in</span> <span class='ocrx_word' id='word_1_653' title='bbox 1182 5070 1391 5140; x_wconf 83' lang='lat' dir='ltr'>temporalibus</span> <span class='ocrx_word' id='word_1_654' title='bbox 1404 5086 1470 5141; x_wconf 82' lang='lat' dir='ltr'>ques</span> <span class='ocrx_word' id='word_1_655' title='bbox 1483 5069 1585 5125; x_wconf 87' lang='lat' dir='ltr'>avertit</span> <span class='ocrx_word' id='word_1_656' title='bbox 1600 5068 1634 5123; x_wconf 88' lang='lat' dir='ltr'>ab</span> <span class='ocrx_word' id='word_1_657' title='bbox 1649 5068 1759 5124; x_wconf 88' lang='lat' dir='ltr'>unitate</span> <span class='ocrx_word' id='word_1_658' title='bbox 1775 5068 1842 5123; x_wconf 79' lang='lat' dir='ltr'>liei:</span> <span class='ocrx_word' id='word_1_659' title='bbox 1889 5108 1892 5115; x_wconf 80' lang='lat'><em>,</em></span> 
     </span>
     <span class='ocr_line' id='line_1_56' title="bbox 95 5156 1844 5230; baseline 0.001 -19"><span class='ocrx_word' id='word_1_660' title='bbox 95 5157 184 5212; x_wconf 88' lang='lat' dir='ltr'>tentia</span> <span class='ocrx_word' id='word_1_661' title='bbox 199 5173 256 5227; x_wconf 89' lang='lat' dir='ltr'>qua</span> <span class='ocrx_word' id='word_1_662' title='bbox 271 5156 366 5228; x_wconf 78' lang='lat' dir='ltr'>dignis</span> <span class='ocrx_word' id='word_1_663' title='bbox 384 5157 553 5212; x_wconf 85' lang='lat' dir='ltr'>innotescet.</span> <span class='ocrx_word' id='word_1_664' title='bbox 571 5158 618 5212; x_wconf 84' lang='lat' dir='ltr'>llel</span> <span class='ocrx_word' id='word_1_665' title='bbox 634 5158 713 5223; x_wconf 80' lang='lat' dir='ltr'>uidit,</span> <span class='ocrx_word' id='word_1_666' title='bbox 736 5157 804 5230; x_wconf 90' lang='lat' dir='ltr'>quia</span> <span class='ocrx_word' id='word_1_667' title='bbox 832 5174 888 5212; x_wconf 92' lang='lat' dir='ltr'>nou</span> <span class='ocrx_word' id='word_1_668' title='bbox 913 5175 944 5214; x_wconf 88' lang='lat' dir='ltr'>se</span> <span class='ocrx_word' id='word_1_669' title='bbox 999 5157 1048 5212; x_wconf 87' lang='lat' dir='ltr'>sed</span> <span class='ocrx_word' id='word_1_670' title='bbox 1084 5158 1156 5229; x_wconf 87' lang='lat' dir='ltr'>justi</span> <span class='ocrx_word' id='word_1_671' title='bbox 1191 5158 1418 5228; x_wconf 83' lang='lat' dir='ltr'>multiplicantur</span> <span class='ocrx_word' id='word_1_672' title='bbox 1458 5159 1614 5213; x_wconf 87' lang='lat' dir='ltr'>secundum</span> <span class='ocrx_word' id='word_1_673' title='bbox 1651 5157 1844 5226; x_wconf 82' lang='lat' dir='ltr'>altitudinem,</span> 
     </span>
     <span class='ocr_line' id='line_1_57' title="bbox 93 5245 1572 5320; baseline 0.001 -20"><span class='ocrx_word' id='word_1_674' title='bbox 93 5246 144 5301; x_wconf 86' lang='lat' dir='ltr'>dat</span> <span class='ocrx_word' id='word_1_675' title='bbox 159 5245 333 5300; x_wconf 87' lang='lat' dir='ltr'>noscendum</span> <span class='ocrx_word' id='word_1_676' title='bbox 366 5248 455 5312; x_wconf 86' lang='lat' dir='ltr'>malis,</span> <span class='ocrx_word' id='word_1_677' title='bbox 473 5249 521 5302; x_wconf 85' lang='lat' dir='ltr'>sad</span> <span class='ocrx_word' id='word_1_678' title='bbox 536 5247 631 5313; x_wconf 91' lang='lat' dir='ltr'>bonis,</span> <span class='ocrx_word' id='word_1_679' title='bbox 648 5247 725 5318; x_wconf 82' lang='lat' dir='ltr'>quod</span> <span class='ocrx_word' id='word_1_680' title='bbox 739 5253 783 5301; x_wconf 89' lang='lat' dir='ltr'>est</span> <span class='ocrx_word' id='word_1_681' title='bbox 809 5247 931 5318; x_wconf 80' lang='lat' dir='ltr'>aequitas</span> <span class='ocrx_word' id='word_1_682' title='bbox 999 5248 1115 5318; x_wconf 89' lang='lat' dir='ltr'>quando</span> <span class='ocrx_word' id='word_1_683' title='bbox 1130 5252 1200 5302; x_wconf 90' lang='lat' dir='ltr'>eunt</span> <span class='ocrx_word' id='word_1_684' title='bbox 1214 5247 1248 5302; x_wconf 91' lang='lat' dir='ltr'>de</span> <span class='ocrx_word' id='word_1_685' title='bbox 1265 5247 1367 5301; x_wconf 77' lang='lat' dir='ltr'>virtute</span> <span class='ocrx_word' id='word_1_686' title='bbox 1384 5246 1412 5302; x_wconf 92' lang='lat' dir='ltr'>in</span> <span class='ocrx_word' id='word_1_687' title='bbox 1429 5247 1572 5320; x_wconf 82' lang='lat' dir='ltr'>virtutem.</span> 
     </span>
    </p>
   </div>
   <div class='ocr_carea' id='block_1_5' title="bbox 359 5387 1534 5445">
    <p class='ocr_par' dir='ltr' id='par_1_15' title="bbox 359 5387 1534 5445">
     <span class='ocr_line' id='line_1_58' title="bbox 359 5387 1534 5445; baseline 0.002 -2"><span class='ocrx_word' id='word_1_688' title='bbox 359 5397 362 5403; x_wconf 83' lang='lat'>&#39;</span> <span class='ocrx_word' id='word_1_689' title='bbox 410 5387 566 5445; x_wconf 75' lang='lat' dir='ltr'>PSALMUS</span> <span class='ocrx_word' id='word_1_690' title='bbox 584 5389 628 5444; x_wconf 84' lang='lat' dir='ltr'>xl.</span> <span class='ocrx_word' id='word_1_691' title='bbox 811 5397 814 5400; x_wconf 74' lang='grc'>’</span> <span class='ocrx_word' id='word_1_692' title='bbox 1304 5388 1460 5445; x_wconf 76' lang='lat' dir='ltr'>esntuus</span> <span class='ocrx_word' id='word_1_693' title='bbox 1476 5390 1534 5445; x_wconf 86' lang='lat' dir='ltr'>llll.</span> 
     </span>
    </p>
   </div>
   <div class='ocr_carea' id='block_1_6' title="bbox 130 5511 1844 5586">
    <p class='ocr_par' dir='ltr' id='par_1_16' title="bbox 130 5511 1844 5586">
     <span class='ocr_line' id='line_1_59' title="bbox 130 5511 1844 5586; baseline 0.002 -21"><span class='ocrx_word' id='word_1_694' title='bbox 130 5512 300 5566; x_wconf 80' lang='lat' dir='ltr'>lr&#39;ens.l.-.</span> <span class='ocrx_word' id='word_1_695' title='bbox 317 5511 372 5583; x_wconf 84' lang='lat' dir='ltr'>Pro</span> <span class='ocrx_word' id='word_1_696' title='bbox 400 5517 506 5567; x_wconf 81' lang='lat' dir='ltr'>octana.</span> <span class='ocrx_word' id='word_1_697' title='bbox 528 5513 634 5582; x_wconf 81' lang='lat' dir='ltr'>(Cass.)</span> <span class='ocrx_word' id='word_1_698' title='bbox 662 5514 714 5568; x_wconf 84' lang='lat' dir='ltr'>Pro</span> <span class='ocrx_word' id='word_1_699' title='bbox 740 5518 844 5579; x_wconf 89' lang='lat' dir='ltr'>octaua,</span> <span class='ocrx_word' id='word_1_700' title='bbox 873 5512 942 5584; x_wconf 76' lang='lat' dir='ltr'>(pria</span> <span class='ocrx_word' id='word_1_701' title='bbox 1035 5514 1122 5568; x_wconf 72' lang='lat' dir='ltr'>tans.</span> <span class='ocrx_word' id='word_1_702' title='bbox 1141 5516 1169 5575; x_wconf 85' lang='grc' dir='ltr'>ι.</span> <span class='ocrx_word' id='word_1_703' title='bbox 1189 5515 1369 5583; x_wconf 69' lang='lat' dir='ltr'>-lninem</span> <span class='ocrx_word' id='word_1_704' title='bbox 1387 5513 1497 5586; x_wconf 78' lang='lat' dir='ltr'>(Cass.)</span> <span class='ocrx_word' id='word_1_705' title='bbox 1514 5515 1844 5572; x_wconf 70' lang='lat' dir='ltr'>psalmusdeelraritate</span> 
     </span>
    </p>
   </div>
   <div class='ocr_carea' id='block_1_7' title="bbox 0 0 1950 6100">
    <p class='ocr_par' dir='ltr' id='par_1_17' title="bbox 0 0 1950 6100">
     <span class='ocr_line' id='line_1_60' title="bbox 0 0 1950 6100; baseline 0 0"><span class='ocrx_word' id='word_1_706' title='bbox 0 0 1950 6100; x_wconf 95' lang='lat' dir='ltr'> </span> 
     </span>
    </p>
   </div>
  </div>
 </body>
</html>
