3892 6106
95 286 144 340 170
399 290 597 347 lttutarltlhl
616 291 738 348 Slulltl
759 292 856 349 ruat).
881 293 959 348 lton.
981 292 1056 352 Ol’l'.
1077 292 1169 351 Palis
1187 294 1208 351 l.
1230 325 1263 334 -
1282 294 1511 351 'lllhuloulca
1795 298 1844 350 180

93 431 154 470 urae
166 415 313 471 mundavit
336 415 451 488 quando
474 416 547 471 sicut
569 416 668 471 botrus
693 417 723 471 in
742 417 821 489 liguo
844 416 936 473 crucis
954 421 976 476 l
991 422 1019 474 et
1033 417 1196 490 snperbiam
1211 420 1385 473 excelsorum
1397 417 1568 486 humiliavit,
1586 423 1615 473 ot
1637 418 1664 473 ci
1688 418 1773 473 datus
1799 424 1844 475 est

91 503 237 574 pcpendil,
263 507 344 559 etex
365 505 453 559 latere
474 490 536 575 ejus
555 519 629 575 aqua
650 503 680 558 iu
704 503 889 568 ablutionem,
909 510 937 561 et
991 507 1178 579 principatus,
1192 512 1221 561 at
1235 506 1335 569 honor,
1353 510 1381 561 et
1395 521 1526 572 reguum.

91 590 207 661 sanguis
221 589 307 645 exirit
320 590 349 644 iu
368 590 607 661 redemptionem.
1026 593 1107 648 Vsus.
1138 594 1182 648 tl.
1211 623 1245 633 -
1268 593 1461 664 allepbthali.
1480 612 1494 646 s
1515 592 1657 663 illistron.)
1677 592 1839 662 Allcgorica.

127 681 209 734 Vsus.
228 682 269 734 lh.
287 709 318 719 -
335 701 346 728 ι
364 678 655 748 Pulchiorcsoculi,u
674 683 726 734 alc.
753 679 843 752 (lero.)
865 680 937 746 Quia
992 682 1153 754 llirgultum
1188 681 1369 749 dissolutum,
1404 680 1475 736 daus
1505 681 1616 736 nationi
1646 679 1839 752 pulchritudi-

91 766 218 822 doctrinu
233 782 332 821 eorum
348 767 543 822 austeritatem
558 766 659 822 veteris
682 766 753 839 legis
775 773 935 840 exsuperat,
991 786 1068 835 ueru,
1085 773 1150 838 otc,
1165 783 1251 840 usque
1264 769 1301 824 od
1320 768 1387 842 quia
1399 767 1439 824 ibi
1462 769 1505 825 vel
1527 767 1651 824 maxime
1675 767 1784 837 docuit,
1807 775 1839 826 ut

92 859 121 907 et
148 854 310 925 evangelica
340 858 482 925 praecepta
507 852 627 908 clariora
656 859 723 910 sunl
745 870 832 926 quam
866 854 938 927 legis
991 856 1021 911 in
1037 855 1187 928 Evangelio
1202 870 1317 929 qnoque
1332 854 1470 926 scripturn
1483 860 1535 911 ast.

92 943 235 998 mandata.
1026 963 1039 995 r
1056 943 1208 1016 Nepblhali
1223 959 1321 1000 carrus
1337 944 1466 1007 emissus,
1484 966 1498 995 u
1527 945 1580 1000 etc.
1599 941 1689 1015 (lsrn.)
1705 943 1840 1014 {Apostoli

129 1052 142 1082 u
158 1032 247 1096 Lacte,
267 1030 324 1084 oid
340 1034 382 1085 ast
396 1029 622 1103 doctrinalegis‚
638 1045 705 1102 quae
721 1032 864 1086 carnalem
887 1047 937 1104 po·
991 1031 1067 1087 cuim
1097 1035 1126 1087 ct
1149 1031 1361 1103 praedicatores,
1390 1031 1525 1088 velociter
1561 1031 1735 1098 exsilientes,
1767 1031 1841 1087 aient

93 1119 192 1190 pulum
209 1117 251 1172 vel
260 1119 409 1190 parvulum
421 1118 492 1172 lactc
507 1118 602 1175 alebat
618 1119 710 1174 :seda
726 1118 936 1175 candidiores.»
991 1119 1076 1188 carri,
1090 1120 1292 1177 transcendunt
1317 1118 1522 1193 impedimenta
1545 1121 1653 1190 saeculi,
1678 1124 1708 1177 et
1730 1121 1840 1176 excelsa

94 1206 223 1263 Ecclesia
237 1206 376 1276 doctores,
394 1205 444 1278 qui
459 1205 562 1262 lorlem
577 1212 605 1263 ct
618 1207 743 1262 validum
755 1207 832 1262 verbi
843 1208 937 1263 cibum
991 1208 1170 1277 meditantes,
1186 1208 1255 1264 daut
1269 1207 1385 1281 eloquia
1398 1208 1630 1280 pulchritudinis,
1645 1208 1675 1265 id
1698 1213 1742 1264 ast
1767 1223 1841 1281 praa·

21 1299 27 1309 '
92 1294 277 1362 manducant,
295 1297 324 1349 ct
344 1293 528 1350 distribuunt.
554 1294 633 1350 Unda
662 1294 745 1350 llebr.
775 1311 814 1350 v:
840 1296 938 1350 «Per-
991 1297 1087 1354 dicant
1101 1296 1258 1354 doctrinam
1272 1297 1433 1353 Salvatoris.

93 1385 231 1439 lectorum
257 1387 300 1437 ast
318 1382 425 1437 solidus
447 1381 563 1450 cibus»
590 1382 639 1454 qui
664 1382 737 1439 bene
763 1382 937 1439 scandidio·
1026 1386 1111 1441 Vnus.
1139 1386 1231 1439 rt-rc.
1260 1406 1274 1435 ο
1292 1383 1377 1439 Filius
1409 1399 1571 1439 accrescens
1603 1383 1719 1456 loseph,
1734 1404 1748 1433 u
1785 1389 1838 1439 etc.

93 1472 224 1527 reslacte
241 1470 411 1539 edicuntur,
429 1469 497 1542 quia
511 1470 634 1539 candidi,
651 1470 716 1543 puri
744 1476 771 1527 et
797 1473 833 1528 ab
858 1470 937 1529 omni
991 1475 1131 1543 (titanoru,
1147 1473 1194 1528 ult
1205 1472 1313 1544 supro.)
1328 1475 1348 1523 'v
1366 1472 1453 1529 Filius
1478 1488 1639 1528 accrescens
1665 1488 1752 1545 super
1775 1471 1840 1528 lon·

93 1561 204 1616 macula
216 1560 308 1615 liberi.
991 1566 1061 1632 tem,
1077 1567 1142 1630 etc,
1157 1575 1242 1632 usque
1256 1561 1293 1617 od
1306 1560 1452 1634 imperans
1464 1577 1580 1634 qnoque
1591 1562 1690 1618 decem
1708 1561 1842 1618 tribubus

128 1650 209 1704 l'nus.
235 1650 277 1705 ld.
291 1678 325 1689 -
351 1648 503 1704 vuabulon
526 1648 557 1704 in
579 1649 684 1720 littora,
700 1672 714 1701 u
738 1654 791 1704 etc.
819 1651 855 1705 Ut
876 1664 938 1704 cra·
993 1651 1088 1708 lsrael.

94 1737 226 1792 dentibus
262 1736 405 1807 refugium
442 1743 471 1791 et
505 1735 733 1807 periclitantibus
761 1706 977 1794 demonstretB
1028 1737 1578 1810 tiarati·Baujaminlupusrapax,
1598 1741 1675 1794 setc.
1695 1738 1842 1808 (urceos,

94 1825 159 1881 lidei
171 1828 296 1897 portum.
313 1825 419 1881 Contra
433 1842 532 1882 omnes
546 1826 685 1882 terminos
699 1825 796 1882 saecnli
818 1825 937 1883 solidata
990 1828 1070 1899 ibid.)
1085 1848 1098 1880 a
1115 1829 1195 1884 ldane
1217 1829 1347 1884 comedet
1369 1827 1496 1901 prradam
1518 1832 1548 1883 at
1562 1826 1598 1882 ad
1620 1842 1768 1900 vesperam
1799 1827 1842 1883 di·

94 1919 237 1985 exspectat
250 1913 430 1985 naufragium
450 1915 614 1970 ludaeorum
629 1914 667 1988 {at
688 1916 825 1987 procellas
843 1915 936 1971 beare·
991 1918 1069 1974 videt
1083 1933 1214 1973 escam.»
1243 1918 1412 1989 Quanquam
1439 1917 1475 1972 de
1497 1917 1585 1972 Paulo
1606 1915 1841 1972 manifestissima

94 2003 215 2058 ticornm
233 2018 239 2057 ε
258 2002 308 2074 qui
319 2002 560 2058 circumferuntur
572 2002 653 2058 omni
677 2009 760 2060 rento
786 2003 935 2073 doctrinm,
991 2004 1144 2079 prophetia
1158 2005 1204 2070 sit,
1230 2006 1307 2078 quod
1327 2005 1357 2060 iu
1383 2004 1572 2061 adolescentia
1595 2020 1646 2059 sua
1668 2010 1838 2078 persecutus

94 2090 262 2147 induetiam
277 2090 396 2162 apostoli
422 2089 512 2162 aliqui
534 2090 698 2162 assumpti:
724 2091 764 2147 ibi
790 2108 865 2163 sepe
886 2092 938 2146 llo·
994 2093 1157 2161 Ecclesiam,
1185 2093 1215 2149 in
1242 2097 1385 2149 senectute
1411 2093 1584 2166 praedicator
1612 2092 1756 2164 Evangelii
1778 2091 1841 2148 lue·
1886 2114 1896 2137 ·

95 2179 191 2237 minus
205 2178 312 2235 docuit.
328 2178 469 2251 Pertiugil
496 2182 591 2235 antem
614 2194 705 2251 usquc
729 2180 764 2235 ad
789 2180 935 2245 Sidonem.
992 2183 1040 2251 rit,
1060 2186 1124 2249 etc,
1143 2181 1279 2251 usquead
1301 2197 1386 2253 super
1410 2179 1604 2236 sacerdotibus
1628 2180 1689 2253 qui,
1713 2179 1842 2236 servien-

95 2267 124 2324 id
141 2273 192 2331 ast,
219 2283 310 2340 usqua
336 2266 372 2323 ad
400 2271 499 2339 gaules
525 2268 664 2340 parvenit
695 2268 775 2324 Unde
804 2270 858 2324 lsa.
887 2283 937 2323 vx:
992 2268 1574 2342 tesaltari‚vivauldealtari(ldor.rx).

96 2376 109 2408 a
125 2357 210 2413 Terra
223 2355 359 2426 Zabulon,
373 2361 402 2410 et
415 2360 490 2410 terra
516 2355 677 2427 Nepblhali,
693 2355 738 2411 ria
758 2357 845 2412 maris
861 2361 940 2412 trans
1030 2380 1045 2410 ο
1063 2357 1213 2432 benjamin
1227 2358 1313 2430 lupas
1326 2374 1425 2430 rapax,
1443 2363 1523 2414 aete.
1540 2358 1630 2429 rlsrn.)
1646 2357 1767 2423 Quidam
1790 2357 1842 2413 do·

95 2444 258 2515 lordauom,
275 2465 289 2494 u
319 2448 372 2500 etc.
401 2443 500 2512 Sidon,
526 2447 655 2499 vertolio:
683 2449 712 2500 ct
736 2461 771 2500 cx
796 2445 837 2500 eis
872 2444 940 2499 locis
994 2452 1104 2503 clerum
1128 2447 1181 2503 hoc
1204 2445 1239 2502 ad
1261 2446 1439 2503 llicrusaleni
1470 2446 1577 2514 retulit,
1604 2450 1669 2515 ete,
1698 2461 1783 2515 aeque
1805 2445 1844 2501 ud

96 2534 203 2605 sumpti
218 2536 451 2603 snutranatores,
469 2531 503 2587 de
532 2533 636 2604 quihus
662 2532 767 2588 dicitur
792 2534 847 2588 lar.
873 2549 938 2589 ru:
984 2542 1062 2607 ,lunc
1090 2536 1199 2593 dividet
1226 2551 1329 2604 escam,
1356 2535 1519 2607 intelligens
1547 2552 1564 2590 a
1590 2534 1692 2607 spiritu
1721 2535 1843 2590 litteram

98 2644 111 2674 u
128 2623 235 2677 ldittam
259 2625 407 2676 venatores
432 2622 547 2689 ruultus,
575 2626 604 2676 ct
628 2621 808 2677 venabuntur
836 2639 884 2678 ros
911 2623 941 2679 iu
996 2624 1264 2692 essedividendam,
1280 2623 1348 2696 quia
1369 2624 1492 2679 «littera
1517 2622 1628 2690 occidit,
1653 2622 1769 2695 spiritus
1789 2637 1843 2679 au·

98 2712 178 2766 oruni
193 2713 299 2766 urnula.
996 2720 1055 2770 tam
1069 2713 1194 2769 viviticat
1206 2711 1243 2783 (ll
1264 2714 1315 2771 Gor
1330 2712 1381 2784 tu).
1399 2733 1413 2763 a

132 2801 215 2855 Vnus.
248 2800 288 2865 ll,
319 2804 360 2856 15.
388 2830 422 2840 -
451 2799 646 2854 dissuebam
679 2799 807 2871 (llraaou.
839 2802 940 2866 Queat.
1032 2804 1114 2858 Vsus.
1140 2805 1231 2860 thil.
1257 2830 1293 2844 -
1322 2802 1457 2859 «ornnes
1482 2800 1512 2856 hi
1538 2799 1567 2856 in
1588 2799 1759 2868 tribubus·
1789 2804 1843 2855 ele.

100 2888 192 2958 llehr.)
214 2889 324 2942 bonurn
339 2887 509 2944 desiderarit
532 2889 713 2960 requiescens
736 2888 810 2943 iuter
834 2888 943 2943 medios
998 2891 1140 2958 Quoeritur
1153 2890 1299 2946 curlacob
1315 2905 1416 2946 omnes
1434 2906 1508 2962 quos
1522 2889 1558 2945 de
1575 2889 1671 2945 liberis
1689 2894 1718 2944 at
1732 2887 1845 2945 ancillis

98 2976 225 3044 clericos,
241 2982 283 3032 elc
299 3019 305 3043 ,
321 2992 405 3046 usquc
419 2977 456 3031 ud
471 2981 498 3031 et
510 2976 574 3031 ideo
589 2976 615 3030 ai
643 2992 742 3032 omnes
767 2976 858 3032 tribus
884 2993 943 3033 ser·
963 2979 1106 3052 cganuit
1123 2980 1227 3052 aequali
1237 2979 1347 3035 honore
1361 2979 1435 3035 lilios
1453 2981 1481 3035 ct
1496 2979 1623 3034 haeredes
1642 2977 1845 3034 constituerit?

98 3064 186 3132 siant,
202 3065 281 3137 quasi
299 3065 435 3136 magistro
449 3066 524 3121 dona
538 3070 696 3136 portantes.
1000 3069 1067 3141 quia
1081 3068 1153 3125 sicut
1174 3067 1300 3124 Christus
1323 3067 1457 3124 omnibus
1478 3067 1529 3138 qni
1551 3083 1605 3138 par
1628 3066 1715 3122 fldem
1734 3067 1845 3138 corpori

136 3175 149 3204 u
166 3154 313 3209 accubans
341 3153 415 3208 iuter
444 3153 618 3222 terminos,-
642 3157 695 3207 cte.
724 3152 878 3220 decubare,
903 3158 946 3209 est
1000 3160 1061 3230 ejus
1089 3157 1285 3226 conciliantur,
1310 3157 1374 3228 pari
1400 3158 1505 3212 honora
1537 3161 1567 3210 ct
1598 3154 1690 3227 gloria
1721 3155 1846 3211 coelastia

101 3246 260 3313 exspectato
274 3241 443 3297 mundiliue
467 3240 623 3312 quiescere,
644 3241 774 3313 nihilque
798 3241 833 3297 de
856 3257 944 3297 mnu·
998 3239 1119 3314 praemia
1142 3239 1271 3312 largitur.
1302 3240 1395 3294 «Nou
1419 3243 1460 3294 ast
1485 3239 1562 3295 euim
1586 3239 1628 3296 ibi
1653 3238 1786 3295 discretio
1810 3255 1845 3294 an

101 3330 182 3385 danis
196 3345 335 3402 quaerere,
353 3328 401 3384 sad
416 3329 517 3385 ultima
541 3328 714 3385 desiderare.
739 3330 830 3385 Fortis
848 3330 945 3386 asinus
999 3329 1114 3386 ludaeus
1129 3327 1166 3383 sit
1180 3343 1216 3383 an
1237 3329 1358 3395 Graecus,
1384 3328 1523 3384 Barbarus
1545 3344 1583 3383 an
1608 3327 1723 3399 Scytha,
1750 3341 1847 3381 servus

102 3418 323 3491 requicurvidil,
352 3421 380 3472 ot
406 3423 512 3472 terram
539 3417 702 3490 optimam:
732 3434 794 3474 curu
824 3418 945 3489 simplex
1001 3435 1037 3473 an
1051 3416 1146 3473 liber:
1165 3415 1233 3489 quia
1246 3432 1298 3488 par
1313 3416 1410 3471 omnia
1424 3420 1453 3472 ct
1465 3416 1495 3472 in
1519 3415 1679 3471 omnibus·
1708 3415 1845 3480 Christus,

102 3507 245 3579 gentilitas
264 3506 298 3562 ad
317 3507 405 3562 robur
427 3506 521 3579 operis
544 3523 573 3561 sa
603 3506 702 3576 erexit,
730 3507 858 3579 quiajad
883 3509 947 3564 vitre
1002 3508 1052 3579 qui
1065 3506 1158 3561 forma
1172 3505 1245 3560 servi
1268 3505 1372 3572 induit,
1394 3509 1422 3560 et
1444 3521 1496 3578 pro
1520 3505 1612 3561 libero
1636 3509 1665 3560 ct
1688 3520 1741 3576 pro
1766 3521 1847 3560 servo

102 3595 224 3667 patriam
239 3595 340 3652 tendit.
1001 3594 1125 3658 servivit,
1141 3598 1173 3649 nt
1187 3593 1322 3650 omnibns
1336 3593 1447 3666 equale
1470 3592 1579 3648 donum
1603 3592 1752 3664 largiatur.
1775 3593 1848 3659 Qui·

136 3689 216 3742 vaus.
231 3690 318 3743 lll-ltt.
329 3716 364 3729 -
375 3689 449 3742 «han
463 3685 602 3758 judicabit
611 3686 751 3758 populum
762 3701 874 3753 auum,u
891 3691 945 3742 etc.
1002 3699 1114 3756 cunque
1129 3682 1206 3738 enim
1221 3683 1306 3738 lldam
1327 3681 1440 3737 Domini
1462 3686 1652 3752 promeretur,
1675 3681 1763 3737 nullis
1786 3697 1847 3736 ma-

101 3775 175 3844 (lsro.
193 3778 222 3830 iu
247 3777 323 3842 (tera,
348 3781 418 3829 tom.
441 3775 484 3844 l'.)
510 3773 565 3828 ulii
586 3789 640 3845 per
659 3773 820 3829 haecverba
844 3777 947 3845 putant
1002 3772 1209 3829 culiscarnalis
1234 3771 1566 3827 nativitatisolluacatur.
1595 3771 1674 3825 Unde
1703 3771 1763 3825 lael
1806 3787 1847 3826 u:

100 3863 216 3932 praedici
231 3862 436 3917 antichristum
465 3862 600 3917 detribu
628 3861 850 3931 hautmarum,
880 3866 945 3930 ete,
1003 3860 1343 3934 «Effundamdaspiritn
1360 3876 1424 3915 meo
1449 3875 1535 3932 super
1563 3875 1679 3915 omnem
1709 3860 1848 3929 caruem.)

100 3951 237 4022 usquead
256 3957 285 4007 et
312 3956 377 4025 post
398 3951 535 4008 banclicia
560 3952 632 4007 lieloe
658 3950 816 4007 dulcedinis
837 3957 949 4007 exarcat
1038 3951 1121 4007 Vnus.
1141 3953 1185 4008 32.
1211 3981 1245 3991 -
1269 3948 1520 4022 appositusque»
1544 3952 1596 4003 atc.
1622 3946 1741 4020 (Srnaa.)
1764 3948 1848 4014 Quas·

99 4056 206 4095 cornua
221 4041 383 4111 potestatis.
1002 4039 1123 4095 randum
1139 4040 1173 4095 de
1197 4055 1254 4112 qno
1278 4039 1386 4111 populo
1415 4037 1548 4093 dicatur?
1574 4038 1646 4093 Nam
1668 4037 1704 4093 da
1718 4036 1849 4108 patribus

136 4131 227 4185 ellan
253 4129 392 4199 judicabit
419 4129 560 4200 populum
586 4144 672 4185 suum
700 4129 773 4185 sicut
799 4144 889 4185 unum
912 4129 948 4186 da
1002 4130 1081 4186 nulla
1099 4127 1220 4202 queastio
1235 4132 1286 4184 est.
1304 4129 1409 4184 Notum
1423 4130 1466 4183 est
1479 4125 1643 4198 enimquod
1658 4124 1847 4181 adllbraham

99 4217 217 4288 sceptris
233 4218 327 4274 lsrael.
346 4216 407 4271 Fiat
421 4217 480 4271 [lau
494 4216 612 4272 coluber
639 4217 670 4272 in
698 4218 752 4286 via,
779 4219 896 4290 regulus
915 4218 946 4275 in
1002 4225 1031 4274 et
1044 4219 1124 4274 lsaae
1148 4217 1294 4290 appositus
1316 4221 1368 4284 est,
1390 4214 1440 4270 sad
1462 4215 1587 4288 populus
1611 4214 1766 4270 multitudo
1793 4218 1846 4269 ast.

99 4307 210 4372 semila,
228 4307 360 4361 mordens
375 4306 497 4378 ungulas
509 4306 586 4377 aqui,
602 4310 631 4361 et
645 4305 727 4362 cadat
739 4322 871 4362 ascensor
884 4307 944 4379 ejus
961 4285 983 4341 ⁰
1003 4307 1046 4365 llli
1062 4312 1157 4363 auteur
1172 4312 1231 4361 tam
1245 4305 1329 4377 pauci
1343 4320 1402 4360 nou
1416 4307 1550 4376 poterant
1563 4304 1689 4377 populus
1703 4303 1770 4360 dici.
1796 4305 1847 4360 ln-

99 4399 263 4448 relrorsum.
279 4393 452 4448 Salvatorem
466 4396 549 4447 tuum
577 4392 761 4464 exspectabo,
782 4393 910 4450 Domina.
928 4413 942 4446 u
999 4395 1186 4467 talligendum
1201 4409 1269 4466 argo
1284 4393 1338 4448 boc
1353 4393 1438 4448 etiam
1453 4392 1488 4448 de
1505 4392 1614 4464 angelis
1626 4391 1693 4460 dici,
1718 4392 1753 4448 ad
1772 4408 1847 4464 qno·

99 4484 239 4548 (Hlarus,
255 4482 303 4535 uhi
316 4480 420 4551 supro.)
446 4469 562 4536 Samson
588 4481 674 4553 judex
699 4481 784 4536 lsrael
810 4482 845 4538 de
868 4482 943 4537 trihu
998 4499 1063 4541 rum
1078 4482 1251 4546 societatem,
1267 4481 1303 4537 da
1317 4481 1425 4537 mundo
1448 4485 1637 4549 transeuntes,
1662 4486 1848 4553 apponuntur

101 4571 237 4639 hartnit,
253 4580 316 4638 etc,
332 4569 581 4641 usqucodotipse
604 4569 657 4624 erit
679 4570 851 4641 exspectatio
873 4587 942 4643 gan·
998 4571 1098 4628 saneti.
1129 4569 1209 4627 Unde
1235 4569 1321 4626 Hchr.
1351 4587 1416 4625 xu:
1441 4568 1635 4625 «accessistis
1658 4569 1693 4624 ad
1716 4573 1847 4626 montem

99 4661 180 4716 tium.
997 4661 1076 4730 Sion,
1087 4664 1115 4717 at
1128 4659 1162 4716 ad
1177 4658 1354 4715 Hierusalem
1368 4658 1522 4725 coelestem,
1542 4662 1570 4713 at
1594 4657 1628 4713 ad
1653 4657 1846 4728 trequenliam

133 4752 214 4809 Vnus.
243 4755 286 4819 ru,
314 4751 359 4805 20.
384 4779 417 4789 -
441 4748 564 4803 adad.»
596 4748 732 4816 (Hieros.)
758 4747 944 4802 hatrnuculus
998 4749 1277 4821 angelorumsetc.

97 4839 314 4895 latrocinabitur
328 4842 394 4895 ante
410 4854 486 4903 eum,
503 4842 568 4904 etc,
584 4853 669 4907 usque
682 4836 720 4892 ud
733 4843 761 4892 et
790 4835 870 4891 victis
893 4836 942 4892 bo.
1344 4818 1456 4874 CAPUT
1473 4817 1501 4872 ¹⁴·

98 4926 187 4983 stibus
200 4928 312 4983 fortiter
326 4927 481 4985 dimicavit.
1033 4925 1117 4979 Vnus.
1132 4926 1182 4980 1-3.
1200 4953 1233 4964 -
1259 4944 1273 4973 «
1288 4921 1369 4988 Quod
1395 4937 1514 4977 carneus
1540 4921 1657 4992 loseph,
1688 4921 1757 4977 ruit.
1780 4965 1787 4977 .
1810 4963 1845 4977 ..

134 5015 221 5071 uGad
245 5018 387 5072 accinctus
412 5015 589 5089 praeliabitur
614 5019 680 5071 anta
712 5028 819 5069 aum·
856 5012 942 5084 (lero.)
998 5011 1203 5069 «transierunt
1214 5011 1403 5084 quadraginta
1420 5010 1489 5066 dies.
1513 5009 1641 5083 (Senia.)
1666 5010 1721 5076 Qui
1746 5026 1848 5066 nnme-

97 5104 224 5160 Christus
248 5111 312 5160 anta
334 5110 361 5160 et
383 5111 459 5161 retro
482 5103 659 5177 praeliabitur
677 5107 778 5159 contra
804 5101 944 5157 Antichri·
997 5117 1046 5156 rus
1058 5099 1235 5174 poeniteutiae
1249 5105 1279 5171 at
1291 5099 1448 5157 humilitati
1462 5099 1603 5155 coercuit.
1625 5099 1704 5154 Unda
1730 5100 1761 5154 in
1785 5100 1847 5172 lege

97 5199 172 5248 stum
190 5212 196 5247 ε
212 5199 287 5260 ante,
305 5197 414 5249 occulto
429 5196 552 5250 ailrcutu
567 5191 736 5249 humilitatis
748 5208 755 5260 ;
767 5194 840 5263 post,
853 5190 943 5246 mani·
998 5194 1026 5245 at
1041 5190 1071 5245 in
1089 5189 1239 5263 Evangelio
1253 5206 1269 5245 a
1282 5189 1432 5263 prophetis
1455 5193 1484 5245 ct
1508 5188 1544 5244 ab
1561 5187 1624 5260 ipso
1652 5188 1774 5244 llomiuo
1800 5189 1847 5244 ob

96 5284 196 5338 testata
210 5282 301 5355 gloria
316 5283 479 5353 majestatis.
498 5282 575 5338 lluda
594 5283 701 5355 Moyses
727 5282 808 5337 licut.
833 5295 940 5335 xxxru:
997 5284 1127 5335 servatus
1142 5283 1194 5336 cst.

97 5370 295 5426 «Benedictus
309 5371 338 5424 iu
353 5370 511 5426 latitudine.
530 5370 599 5435 Gad,
615 5370 698 5442 quasi
717 5370 761 5425 leo
783 5367 923 5440 requierit
933 5363 953 5423 ε’
1032 5367 1125 5439 (Aua)
1143 5366 1336 5439 Quadraginta
1350 5365 1410 5423 dies
1426 5365 1592 5437 sepultura,
1613 5380 1685 5438 quos
1704 5370 1848 5422 memorat

96 5458 228 5532 cepitque
244 5459 391 5515 brachium
408 5462 436 5514 et
451 5459 596 5525 verticem,
611 5464 639 5514 et
661 5459 732 5515 ridit
749 5457 942 5530 principatum
996 5455 1150 5528 Scriptura,
1167 5455 1239 5512 forta
1252 5456 1459 5528 {paenitentiam
1487 5455 1659 5528 significant,
1685 5470 1742 5526 qua
1765 5471 1845 5528 sepa-

97 5564 190 5605 suum.
208 5567 222 5601 r
243 5548 370 5605 Christus
386 5547 461 5603 euim
478 5547 507 5603 iu
522 5549 654 5619 sepulcro
670 5547 785 5620 qulcrit
807 5544 941 5601 verticem
996 5544 1108 5600 liuntur
1122 5549 1245 5617 peccata.
1262 5546 1324 5602 Non
1344 5545 1422 5602 enim
1443 5546 1549 5602 frustra
1570 5544 1761 5618 quadraginta
1786 5545 1846 5600 dies
