3892 6106
141 210 206 263 1031
446 199 642 258 wstsrntut
661 199 785 258 STRABI
804 200 904 255 ratu.
926 198 1006 254 ΜΟΝ.
1026 198 1106 256 ΟΡΡ.
1131 199 1219 256 PARS
1237 200 1259 255 l.
1279 228 1314 239 -
1333 197 1561 256 taeniotica.
1833 200 1893 255 {032

139 331 202 385 lam
215 327 391 393 dominatur,
411 327 471 397 jam
485 326 589 391 virtus;
619 325 711 379 sedin
730 325 775 378 die
789 322 917 395 specialis
932 321 987 376 vir·
1002 324 1026 377 Α
1044 322 1084 376 ita
1094 322 1254 378 dehomine
1274 338 1389 393 semper
1403 323 1479 377 Deus
1492 321 1597 393 implet
1611 335 1696 376 suem
1711 320 1893 390 voluntatem,

141 418 220 484 tutis,
237 422 302 483 ete,
324 431 409 487 usque
427 415 464 469 od
486 413 608 485 qualiter
621 414 705 466 Pater
732 428 796 466 oum
824 429 858 466 eo
886 410 991 482 prinei·
1044 411 1113 482 quia
1134 412 1206 465 nihil
1227 411 1294 466 lacit
1320 412 1420 479 homo,
1440 411 1476 465 de
1499 426 1556 483 quo
1578 426 1636 466 non
1652 414 1795 482 operetur
1818 409 1892 473 Deus,

140 507 232 577 pium.
249 507 306 559 Hoe
329 509 405 569 tune,
429 502 477 556 sed
502 517 587 555 nune.
614 503 658 555 ltu
677 504 763 565 utero,
785 498 814 553 id
848 503 901 564 est,
919 502 990 552 utex
1044 500 1206 572 quodvult.

142 599 249 650 secreta
274 597 303 647 et
327 590 436 646 occulta
465 589 625 644 substantia
649 605 724 652 mea,
751 593 814 649 eie..
842 602 926 656 usque
953 586 991 640 od
1079 589 1159 643 Vens.
1177 590 1203 643 3.
1232 616 1267 628 -
1293 588 1430 655 consessio
1458 593 1484 644 et
1504 589 1711 657 mopnitteentio
1735 601 1806 656 opus
1830 587 1891 655 ejus.

143 683 236 755 quise
262 680 373 745 ollerat,
402 677 635 749 undesequitur,
662 678 780 741 Jurouit,
808 680 861 729 ete.
892 673 989 744 (cies.)
1044 676 1151 747 (Cass.)
1181 676 1266 740 Quasi
1293 675 1461 746 confitebor,
1489 676 1557 748 quia
1579 668 1687 748 magna
1718 680 1792 730 sunt
1814 692 1893 747 opera

140 769 189 823 Vel
207 771 300 822 Tecum
323 765 581 836 principiumzhoe
607 765 710 829 Pater,·
741 762 834 834 quasi,
864 761 917 815 hoe
938 762 989 814 tun
1047 764 1167 818 nomini.
1179 763 1320 828 Quaelibet
1333 764 1419 819 etiam
1431 781 1518 837 opera
1539 770 1607 821 sont
1630 780 1752 836 magna,
1767 763 1791 817 si
1818 762 1892 818 ineis

141 856 236 911 tribuo
266 855 331 926 plus
359 869 444 925 quam
467 853 525 918 alii,
557 852 625 923 quia
651 851 737 906 Filius
764 866 816 922 per
845 855 989 915 usturam,
1043 852 1586 925 videaturintentioetrolumas,quae
1610 856 1655 907 est
1679 853 1817 920 omsfessio
1837 867 1892 923 pee

152 945 244 1014 (huo.)
255 943 305 997 Vel
326 958 358 996 ex
370 941 648 1012 personaprophetae
659 943 753 1011 potest
770 938 989 1009 aecipiloquen·
1042 947 1183 1010 catorum,
1198 946 1227 995 et
1239 944 1442 1010 moontpeenuo
1460 942 1603 996 bonorum
1624 956 1753 1012 operum
1771 957 1779 995 ι
1804 944 1832 996 et
1851 940 1892 1010 ju

141 1033 187 1100 tis,
205 1037 270 1098 eto,
287 1046 372 1100 usque
396 1031 434 1085 od
459 1045 524 1084 eum
549 1029 655 1100 Spiritu
672 1033 778 1094 sancto,
805 1026 855 1100 qui
878 1031 990 1081 sanctos
1042 1032 1132 1098 stitia,
1148 1030 1177 1084 id
1193 1036 1244 1097 est,
1260 1046 1379 1090 meroes.
1394 1031 1545 1103 queejuste
1562 1031 1658 1086 datur.

143 1121 332 1194 splendificat.
1081 1121 1162 1173 Vsus.
1179 1121 1205 1174 4.
1226 1148 1261 1158 -
1292 1121 1451 1174 Memoriam
1478 1121 1554 1186 lecit.
1571 1117 1638 1190 (lo.)
1670 1117 1807 1174 &eundo
1831 1117 1892 1172 dicit

177 1211 257 1264 Vens.
272 1210 299 1265 l.
323 1237 358 1250 -
377 1210 486 1263 iurauit
511 1208 648 1262 Dominus.
674 1204 773 1277 (Cass.)
803 1202 898 1258 Tertio
931 1201 990 1273 egit
1044 1207 1143 1263 fideles
1160 1207 1275 1279 copioso
1298 1223 1418 1264 munere
1440 1208 1565 1276 satiatos,
1590 1207 1769 1280 promittens
1793 1206 1891 1262 adven·

140 1300 281 1370 propheta
296 1298 330 1352 de
352 1296 531 1352 humanitate
551 1296 666 1363 Christi,
690 1301 762 1361 ete,
773 1309 857 1363 usque
873 1292 990 1347 adhinc
1044 1301 1107 1350 tum
1122 1296 1246 1363 Domini,
1257 1302 1290 1351 ut
1301 1295 1454 1351 hereditas
1467 1295 1550 1351 avide
1565 1299 1726 1368 quaeratur.
1737 1295 1891 1366 (hunthe-

140 1392 251 1442 constat
262 1386 385 1441 transire
400 1385 529 1439 victimas
552 1385 708 1439 seeundum
725 1384 855 1438 ordinem
881 1385 989 1437 Aaron.
1044 1387 1158 1439 moriam
1183 1387 1249 1452 feeit
1276 1385 1445 1440 mirabilium
1476 1399 1598 1440 suorum.
1640 1385 1724 1439 llune
1737 1382 1889 1438 humilians

141 1478 202 1533 Non
231 1475 370 1545 poanitetit
404 1490 484 1528 eum:
517 1479 546 1528 tu
583 1488 609 1528 es
634 1472 758 1528 sacerdos
785 1473 815 1525 in
849 1475 988 1525 eternum.
1044 1479 1074 1528 et
1092 1474 1395 1543 huneexultans,ete.,
1419 1488 1504 1542 usque
1524 1472 1648 1545 adquid
1671 1471 1820 1528 infulare
1841 1473 1893 1543 gie

142 1562 283 1634 (Asello
300 1566 389 1618 ileum
408 1562 486 1616 nulla
507 1561 583 1616 eadit
610 1560 799 1632 paenitentia:
829 1558 881 1613 seit
912 1558 1026 1653 tanimB
1047 1562 1173 1618 rifieatur
1186 1562 1327 1633 accipiet?

142 1649 654 1724 quidagatneemutateonsilium,
672 1649 718 1703 sed
738 1648 823 1702 verbo
847 1648 988 1719 poeniten·
1079 1653 1160 1706 Vens.
1192 1652 1217 1705 5.
1238 1678 1274 1691 —
1297 1653 1393 1706 Eseam
1420 1650 1507 1706 dedit.
1523 1649 1624 1720 (Cass.)
1647 1649 1727 1704 Facit
1749 1647 1894 1704 confessio

142 1741 189 1796 tiae
210 1741 331 1795 mutatio
357 1755 455 1794 rerum
484 1738 568 1792 aliter
591 1753 678 1808 quam
698 1736 831 1806 sperabat
855 1735 989 1790 evenien·
1045 1756 1111 1794 nem
1125 1744 1152 1792 et
1167 1738 1420 1808 magnificentiam,
1435 1743 1501 1804 ete,
1517 1753 1602 1807 usque
1618 1737 1657 1792 od
1679 1743 1715 1792 ut
1730 1737 1831 1792 omnia
1848 1737 1893 1791 im·

141 1829 415 1899 tiumsignitioatnr.
433 1826 581 1891 Quomodo
602 1826 679 1879 enim
704 1840 771 1879 eum
796 1824 905 1895 aliquid
929 1839 988 1894 poe-
1045 1830 1186 1900 pleautur.
1213 1829 1319 1882 Memor
1338 1829 1399 1894 erit,
1429 1833 1483 1881 ete.
1504 1826 1668 1897 (Aualites
1691 1830 1790 1882 totum
1808 1825 1892 1892 dedit,

142 1919 214 1973 nitet
224 1923 250 1972 te
261 1915 370 1982 iecisse,
385 1916 464 1970 doles
478 1914 584 1969 laetum
600 1914 677 1985 quod
692 1913 795 1967 fecisti.
1046 1916 1096 1987 qui
1108 1916 1213 1987 pignus
1238 1915 1325 1982 dedit,
1353 1920 1417 1983 ete,
1443 1930 1527 1984 usque
1546 1915 1584 1969 ed
1595 1931 1649 1987 per
1665 1920 1891 1986 compungentes

178 2007 259 2059 Vens.
276 2006 352 2057 5.-
369 2002 558 2073 Repesthoo.)
581 2002 635 2066 Qui
664 2002 833 2068 volunt,rel
859 2000 992 2056 volebant
1045 2002 1474 2075 passionisangustiasintrant.
1740 2038 1744 2047 ·

144 2094 238 2151 delere
252 2107 357 2145 nomen
373 2090 486 2145 Christi.
1080 2093 1197 2146 Veneti.
1214 2122 1247 2131 —
1277 2092 1411 2146 Virtutem
1437 2105 1557 2160 operum.
1583 2090 1685 2163 (Cass.)
1713 2090 1813 2146 Virtus
1835 2105 1892 2162 ope·

20 2228 24 2236 .
102 2201 104 2205 ¹
180 2183 260 2236 Vens.
282 2183 308 2234 6.
324 2210 358 2219 -
387 2179 594 2248 conquassabit,
619 2178 646 2233 id
673 2183 716 2232 est
739 2178 870 2232 infirmos
899 2177 993 2231 reddi·
1045 2196 1109 2234 rum
1127 2185 1177 2243 ost,
1193 2180 1469 2250 quodeaeeivideut,
1485 2185 1539 2234 ete.
1557 2180 1800 2246 Quaeleeitnota
1817 2179 1889 2236 Chri·

145 2272 195 2337 dit,
210 2274 275 2336 ete,
299 2283 385 2336 usque
409 2267 446 2321 od
473 2273 502 2321 et
527 2283 603 2320 nune
624 2267 764 2335 judicabit
789 2268 819 2320 in
847 2266 990 2337 gentibus,
1046 2269 1270 2340 stianopopulo.
1287 2271 1320 2324 Ut
1344 2269 1388 2324 det
1407 2270 1463 2324 iltis
1480 2269 1674 2332 lsereditatem
1705 2268 1888 2324 heefuitin·

144 2360 294 2423 utruinos,
323 2371 382 2409 non
406 2360 514 2410 erectos
542 2356 668 2425 impleat.
691 2355 831 2409 iudicabit
859 2357 991 2409 innotis·
1045 2358 1135 2414 teutio
1150 2358 1409 2420 miraculorum,ut
1422 2357 1580 2412 crederent.
1902 2360 1907 2370 '

143 2449 233 2504 nitus.
255 2444 356 2516 (diss.)
372 2443 458 2508 Quasi
473 2459 555 2514 reges
574 2443 680 2513 frangit
695 2460 746 2513 pro
770 2443 904 2512 superbia
920 2459 927 2496 ε
943 2458 993 2512 po·
1082 2447 1162 2501 Vsus.
1180 2451 1209 2502 7.
1222 2448 1303 2501 —Ut
1317 2445 1362 2500 det
1381 2447 1438 2501 illis
1464 2445 1650 2501 humilitatem
1672 2448 1808 2514 nentium.
1826 2446 1883 2515 (lo.)

145 2534 478 2608 pulosjudieotpropter
504 2531 823 2602 communiapeceota:
856 2535 992 2602 utrosque
1046 2535 1143 2601 Quasi,
1155 2533 1288 2589 lieetillis
1305 2534 1352 2589 det
1378 2534 1589 2602 hereditatem,
1607 2539 1707 2589 tamen
1736 2538 1830 2590 multa
1853 2551 1892 2606 pa·

146 2618 735 2684 uthumilienturadconversionemvel,
1046 2624 1164 2678 tientur.
1191 2624 1279 2692 Opera
1306 2638 1436 2678 munuum
1466 2625 1534 2692 ejus.
1562 2623 1626 2694 (lu.)
1659 2624 1693 2679 ld
1728 2628 1784 2691 est,
1814 2623 1894 2678 virtu·

181 2711 261 2765 Vens.
285 2714 312 2764 t.
343 2712 436 2764 -lle
470 2712 596 2763 torrente.
624 2706 721 2777 (Cass.)
751 2706 790 2760 lle
827 2705 994 2761 transitoria
1047 2713 1093 2768 tis.
1139 2715 1257 2778 Veritus,
1300 2710 1369 2767 dum
1397 2712 1542 2767 conversis
1568 2712 1713 2782 promissa
1746 2712 1894 2768 restituit:

146 2801 278 2872 passione
298 2802 327 2852 et
344 2796 522 2852 turbulenta.
544 2797 576 2851 ln
603 2795 658 2862 via,
684 2812 740 2867 qua
767 2796 824 2850 itur
850 2795 885 2850 ad
907 2794 992 2850 aliam
1047 2802 1194 2868 tudinium,
1224 2800 1300 2872 quod
1333 2800 1431 2871 impiis
1458 2802 1594 2857 minatur.
1636 2801 1735 2872 (Auo.)
1780 2801 1895 2870 Veritus,

147 2887 336 2945 mansionem·
1007 2879 1029 2936 C
1048 2906 1135 2963 quam
1145 2889 1234 2944 sancti
1249 2894 1387 2961 martyres
1407 2893 1515 2959 tenent,
1531 2905 1582 2961 pro
1598 2893 1700 2960 quaet
1726 2888 1897 2960 judicentur

182 2975 325 3032 anttobit
339 2978 429 3043 caput.
458 2972 555 3028 Unde:
582 2974 698 3042 Propter
718 2973 766 3026 ime
805 2974 937 3027 exultauit
960 2973 993 3027 it·
1046 2980 1107 3046 hie;
1130 2983 1155 3033 et
1178 2977 1324 3047 judicium,
1348 2992 1406 3049 quo
1432 2977 1463 3031 in
1490 2977 1587 3032 futuro
1606 2976 1786 3048 judicabunt
1809 2993 1857 3033 eos
1882 2993 1897 3033 a

148 3067 213 3132 tum,
237 3069 263 3119 et
286 3063 361 3117 dedit
375 3066 444 3118 lleus
471 3064 514 3116 itti
534 3078 638 3128 nomen,
667 3061 739 3131 quod
757 3064 796 3116 est
822 3077 903 3131 super
917 3076 993 3116 omne
1047 3066 1151 3136 quibus
1178 3064 1224 3118 hie
1235 3064 1411 3135 judicantur.
1439 3064 1506 3136 (lo.)
1523 3066 1613 3135 Opera
1626 3081 1763 3120 manuum
1778 3067 1839 3136 ejus
1852 3082 1897 3121 oe-

146 3169 251 3220 nomen,
276 3158 306 3206 ut
331 3154 361 3205 in
384 3154 488 3205 nomine
509 3154 574 3207 Jesu
595 3165 670 3205 omne
686 3165 756 3216 penu
781 3153 913 3218 flectetur,
939 3164 992 3205 cru-
1046 3156 1116 3208 ritus
1131 3159 1156 3208 et
1179 3153 1326 3223 judicium.
1343 3153 1485 3208 Tenentur
1502 3156 1605 3209 ueritas
1627 3141 1664 3208 ah
1692 3154 1738 3209 his
1760 3154 1898 3226 quijudi·

147 3243 263 3307 testium,
294 3242 461 3294 terrestrium
491 3244 517 3293 et
540 3241 719 3307 infernorum,
735 3243 760 3293 et
787 3242 873 3294 omnis
896 3240 993 3306 tinpuo
1046 3247 1157 3310 eantur,
1174 3247 1239 3307 ete,
1255 3241 1452 3310 usqueodhio
1470 3241 1681 3297 esthaereditas
1709 3243 1784 3298 Nori
1808 3244 1898 3299 Testa·

148 3334 307 3399 confiteatur
332 3329 397 3396 quio
411 3331 540 3382 Dominus
564 3330 639 3383 lesus
666 3328 787 3383 Christus
800 3333 840 3382 est
859 3329 886 3381 in
903 3328 993 3394 pierio
1048 3330 1147 3385 menti.

150 3419 202 3473 Dei
214 3415 319 3471 Petris.
1084 3419 1164 3473 Vens.
1181 3421 1207 3474 8.
1224 3450 1257 3458 -
1286 3418 1391 3473 Fidelio
1418 3420 1508 3472 omnia
1530 3417 1674 3473 mandato.
1699 3418 1806 3491 (Ceus.)
1830 3419 1898 3485 Quia

456 3485 611 3540 PSALMUS
630 3485 687 3540 cx·
1047 3511 1161 3562 servant
1187 3510 1331 3561 servantes
1365 3522 1405 3573 se,
1436 3522 1494 3560 non
1529 3510 1596 3561 sunt
1609 3506 1770 3563 mendacia.
1802 3509 1897 3578 conpr·

186 3593 314 3650 Alleluia.
331 3591 432 3663 (Cass)
462 3591 575 3647 Primus
601 3593 727 3663 psalmus
747 3607 799 3663 par
825 3608 927 3647 omues
951 3593 995 3648 lit·
1047 3600 1131 3650 moto.
1159 3596 1221 3650 Non
1250 3595 1278 3649 in
1306 3610 1417 3648 cassum
1446 3595 1542 3661 missa,
1572 3598 1605 3648 ut
1632 3595 1720 3650 verba
1746 3596 1895 3651 humana:

151 3680 390 3751 terasalphabeti,
410 3685 580 3749 ete.,usque
598 3680 729 3735 adtertio
753 3681 869 3736 eosdem
884 3682 993 3736 redam-
1048 3686 1130 3739 Facto
1158 3699 1217 3737 non
1245 3688 1357 3738 tantum
1380 3683 1465 3750 diota,
1495 3686 1524 3737 in
1555 3685 1680 3751 amate,
1705 3684 1780 3754 quia
1806 3683 1897 3740 omnia

150 3776 217 3843 ptos
227 3769 339 3837 asserit,
350 3773 378 3823 et
395 3771 505 3823 Novum
521 3771 736 3824 Testamentum
761 3771 994 3840 mansurum,ihi
1048 3772 1237 3843 complentur.

150 3858 375 3928 Redemptionem.
1084 3861 1115 3914 ln
1126 3862 1262 3928 equitate.
1279 3860 1375 3927 (duo.)
1391 3859 1463 3924 Quia
1475 3858 1573 3914 omnia
1583 3875 1648 3913 cum
1664 3860 1743 3915 lihra
1772 3862 1894 3934 justitie.

185 3947 264 4000 Vsus.
287 3950 311 4000 l.
329 3945 540 4014 -Confiteton
570 3946 662 4018 (Auo.)
680 3947 741 4001 Nou
765 3954 806 4000 est
821 3945 867 4001 hie
885 3947 994 4001 eonl'es—
1084 3949 1165 4003 vass.
1194 3950 1221 4017 o,
1237 3949 1278 4003 l0.
1294 3978 1329 3988 -
1356 3948 1572 4017 Redemptionem
1593 3950 1681 4003 misit.
1710 3949 1819 4023 (Cass.)
1839 3952 1895 4006 Ter·

150 4035 192 4090 sio
203 4039 393 4106 peecatorum,
407 4035 455 4088 sed
468 4035 581 4089 laudis:
608 4034 657 4089 ille
671 4036 759 4107 luget,
789 4036 850 4090 haee
868 4036 993 4107 gaudet:
1049 4037 1098 4102 tio,
1133 4037 1297 4107 redemptos
1324 4036 1435 4103 asserit,
1466 4042 1496 4090 at
1535 4037 1756 4093 Testamentum
1795 4039 1893 4094 tiorum
1934 4056 1936 4087 :

150 4121 317 4176 illarnlnus
345 4121 454 4174 medico
479 4120 612 4187 ostendit,
628 4121 690 4175 haee
705 4122 739 4176 de
755 4121 876 4175 sanitate
889 4121 1030 4219 gratiasD
1049 4131 1157 4179 aeterna
1171 4126 1263 4195 gratia
1277 4130 1485 4191 consecratum,
1501 4124 1555 4178 vel.
1572 4125 1675 4181 Nomen
1687 4125 1768 4194 eius:
1793 4126 1892 4182 men
1934 4138 1936 4147 '

152 4208 220 4280 agit.
237 4210 270 4263 ln
284 4208 405 4263 coneilio.
424 4208 485 4262 Non
496 4212 614 4274 temere,
631 4208 678 4262 sed
699 4208 866 4272 erratione,
890 4208 996 4262 scilieet
1049 4215 1198 4282 sapientie,
1217 4211 1278 4283 tto.)
1299 4212 1329 4266 ld
1344 4218 1386 4268 est
1403 4213 1497 4272 Filius,
1513 4212 1563 4283 qui
1579 4212 1610 4267 in
1635 4213 1823 4271 humanitate
1841 4230 1892 4270 san

151 4313 205 4368 pro
231 4296 355 4362 aeternis,
383 4296 456 4351 sieut
482 4312 581 4350 omnes
601 4296 681 4366 justi.
712 4296 811 4366 (Cnss.)
839 4299 997 4351 lneoneitio
1051 4307 1120 4370 etus,
1143 4301 1271 4371 potentia
1291 4301 1405 4355 deitatis
1430 4301 1570 4356 tenibilis.
1585 4303 1707 4356 Amatur
1725 4319 1799 4375 ergo
1820 4304 1890 4360 adm

148 4387 296 4457 justorum.
315 4385 364 4439 llic
378 4400 526 4455 nunquam
542 4383 617 4438 inter
639 4401 737 4439 omnes
748 4387 841 4455 justos
860 4385 909 4439 ubi
930 4389 997 4438 suut
1050 4396 1141 4456 catus,
1156 4390 1294 4443 timeatur
1307 4390 1407 4460 judex,
1423 4405 1459 4442 ne
1475 4388 1513 4443 sis
1526 4389 1689 4460 negligens,
1710 4407 1748 4447 ne
1759 4394 1888 4464 desperes

38 4514 41 4518 .
153 4473 232 4527 misti
260 4471 339 4539 niati,
368 4472 416 4526 sed
439 4473 500 4542 jam
526 4471 661 4525 videntur
685 4472 716 4527 in
744 4472 839 4527 lutura
862 4472 996 4528 societate
1085 4478 1184 4533 Timor
1198 4477 1324 4531 Domini.
1350 4477 1414 4548 (lo.)
1441 4477 1530 4532 ldetus
1556 4476 1889 4548 judieiijauuaesteou·

153 4561 338 4634 psalleraspe
364 4561 486 4631 raptiad
503 4576 637 4632 superna.
666 4562 697 4615 ln
711 4563 830 4628 corintio,
854 4563 995 4634 quodest,
1051 4567 1201 4631 versionis,
1226 4565 1249 4620 si
1266 4564 1389 4620 addatur
1412 4565 1543 4619 diseretio
1562 4565 1738 4624 dilectionis.
1768 4569 1890 4626 laudati

152 4649 267 4721 quando
296 4665 361 4702 cum
389 4648 511 4702 Domino
549 4649 690 4720 judicant.
719 4653 750 4705 ln
780 4654 996 4721 oonprepotione,
1052 4656 1110 4724 ejus
1124 4659 1222 4708 monet.
1255 4653 1376 4708 intentio
1400 4654 1504 4724 psalmi
1531 4653 1608 4708 unde
1633 4655 1756 4711 alleluia
1774 4653 1891 4728 praeseri·

154 4738 270 4810 quando
284 4738 319 4792 de
331 4743 390 4792 toto
405 4737 524 4793 collecti.
1054 4743 1139 4807 bitur,
1154 4742 1264 4796 alaude
1278 4741 1404 4813 ineoepit,
1429 4742 1458 4796 in
1472 4741 1555 4797 laude
1569 4741 1644 4808 linit,
1658 4744 1789 4814 populos
1811 4741 1890 4800 fidelis

190 4828 269 4882 Vens.
285 4831 357 4882 2.-
373 4829 474 4894 napae
492 4843 581 4897 opero.
606 4827 1001 4884 ilaeeestmateriaeteausa
1054 4830 1348 4886 adiahololiheratus
1364 4830 1470 4902 gratias
1488 4846 1588 4902 agens,
1604 4833 1756 4903 expressit,
1785 4832 1892 4906 quidet

65 4908 66 4911 ’
153 4916 349 4971 confessionis.
365 4917 466 4987 lingna
481 4920 646 4987 suntopera
661 4914 873 4987 [tumidiquod
900 4918 934 4972 de
950 4917 1001 4971 im·
1054 4918 1276 4973 hieiaeieudum
1306 4919 1340 4972 sit
1356 4919 1472 4985 devotis,
1489 4924 1518 4974 et
1541 4919 1572 4974 iu
1594 4921 1667 4975 ooelo
1694 4922 1890 4994 peragendum.

154 5005 202 5075 pio
214 5005 282 5059 lacit
305 5005 395 5076 pium.
415 5007 574 5073 Exquisite.
605 5003 696 5074 (Aue,
726 5004 814 5075 Cass.)
847 5005 899 5060 Cui
928 5006 1000 5060 nihil
1054 5006 1178 5078 hirquis
1193 5005 1304 5075 liberet,
1320 5006 1360 5060 ihi
1371 5006 1439 5078 quia
1453 5011 1582 5062 coronat.

154 5093 258 5158 simile,
274 5094 343 5148 dum
372 5093 441 5148 sinit
468 5092 613 5147 diabolum
636 5093 745 5160 saevire,
771 5097 834 5159 ete,
852 5109 936 5164 nsque
964 5095 1002 5149 od

154 5197 212 5237 non
233 5200 240 5237 z
260 5184 372 5237 iustitio
399 5184 471 5236 enim
491 5182 550 5250 ejus
565 5186 655 5236 munet
672 5184 701 5235 in
716 5183 843 5236 seculum
857 5184 957 5237 secuti.
970 5184 1002 5237 ln
1357 5148 1513 5204 PSM‘MUS
1533 5149 1600 5206 CXI·

155 5285 242 5326 omnes
252 5273 413 5327 voluntates.
425 5275 517 5340 (Auo.)
532 5271 733 5341 Nihilsuperat
749 5271 923 5325 volontatem
940 5271 1001 5338 Dei,
1090 5275 1211 5330 Alleluia
1239 5275 1410 5328 reversionis.
1435 5272 1530 5344 (huo.)
1554 5275 1680 5345 Aggasus
1705 5278 1736 5330 et
1761 5272 1889 5332 Zacharia

156 5358 205 5428 qui
221 5363 249 5412 et
262 5359 285 5412 si
300 5361 370 5426 vult,
386 5364 487 5413 utnon
502 5375 611 5429 pecces,
628 5375 685 5413 non
701 5363 798 5414 tamen
814 5360 955 5431 prohibet.
973 5361 1002 5417 Si
1056 5363 1141 5433 longo
1156 5367 1219 5434 post
1236 5361 1322 5419 David
1342 5361 1469 5428 fuerunt,
1485 5367 1551 5431 ete,
1566 5362 1706 5431 usquead
1734 5361 1888 5420 eternaliter

156 5445 637 5518 vultpareerepoeniteuti,vultet
653 5447 881 5518 imperitantem
898 5449 1002 5520 punire
1058 5450 1205 5506 solidetur.
1222 5450 1318 5522 (Cass.)
1330 5450 1469 5507 Perleetio
1480 5450 1566 5522 hujus
1582 5450 1709 5520 edificii,
1732 5457 1798 5521 eto,
1822 5460 1887 5521 usqu
1934 5508 1936 5527 2
