3892 6106
111 252 180 306 ¹295
225 225 228 230 ”
422 246 617 302 wutetutut
635 246 759 302 snuuut
778 244 877 302 nutu.
898 242 981 301 ΜΘΝ.
1002 229 1079 300 ΟΡΡ.Ι
1099 243 1187 300 PARS
1210 244 1233 300 l.
1253 271 1288 284 -·
1306 243 1538 303 THEOLOGICA.
1803 252 1860 306 {illd

108 375 222 439 verunt,
232 375 299 441 etc.',
315 369 449 441 usquead
465 371 493 422 et
506 368 536 422 in
557 367 664 438 judicio
680 367 798 423 omnino
822 366 995 423 humilia-d
1014 367 1128 434 labitur,
1144 371 1197 422 etc.
1212 366 1376 436 Respondet
1399 383 1467 438 ergo
1490 370 1701 441 prophetarum
1721 371 1824 428 chorus
1835 392 1858 430 ss

109 462 226 518 buntur.
1012 456 1139 511 olticium
1155 455 1288 527 implesse
1315 460 1344 511 et
1366 456 1515 512 brachium
1538 458 1654 515 Domini
1669 461 1855 518 annuntiasse.

436 527 549 582 CAPUT
565 527 620 582 ffl·
1043 544 1123 600 Vens.
1143 548 1169 599 i.
1198 573 1232 584 -
1262 544 1428 611 Virpultum.
1458 545 1657 615 Symmachus,
1687 552 1854 617 ramus;ho

95 660 101 669 ·
143 638 224 692 Vens.
242 640 266 692 l.
290 637 483 703 -Gousurpe,
509 648 647 702 oomurpe.
669 633 724 686 Eos
746 632 959 704 horteturpro·
1012 633 1119 688 minem
1136 632 1309 703 significans,
1340 633 1389 703 qni
1413 635 1552 704 processit
1576 635 1611 690 de
1634 641 1719 692 utero
1736 638 1850 709 virginis.

106 725 204 796 pheta.
220 725 270 796 qui
285 729 349 794 post
375 721 570 778 ascensionem
585 721 806 793 predicantibus
821 721 958 794 apostolis
1046 722 1165 778 sitienti.
1181 720 1296 792 Aquila,
1323 723 1410 788 inuia,
1421 721 1472 776 ubi
1490 722 1665 794 virginitatis
1679 724 1850 799 priuilegium

107 812 300 869 crediderunt.
1011 811 1233 878 demonstretur,
1249 807 1316 879 qnia
1329 808 1390 863 sine
1416 809 1524 864 semiue
1543 810 1579 865 dc
1603 817 1682 866 terra
1694 814 1773 884 prius
1787 816 1848 870 incia

142 901 213 967 Quia
239 915 292 956 nou
314 899 437 969 adjiciet.
466 899 531 953 llaec
562 897 597 953 nd
635 898 778 954 coelestem
799 899 958 954 ierusalem
1010 907 1188 958 creatusest.

106 1005 193 1060 quam
206 989 301 1043 nullus
314 988 481 1043 immundus
495 986 668 1058 ingreditur.
683 1059 686 1062 Ι
1050 992 1127 1047 t'nus.
1146 993 1172 1045 s.
1183 1020 1218 1031 —
1232 991 1337 1046 bioore.
1355 990 1419 1061 (ln.)
1436 992 1624 1062 Perspicuum
1636 999 1687 1062 est,
1709 995 1777 1066 quia
1790 997 1848 1052 sient

141 1078 222 1133 Vens.
238 1077 268 1133 i.
286 1107 320 1118 -
336 1079 478 1132 Hrculem.
495 1075 718 1147 dnimapolluta
741 1075 874 1131 sordibus
891 1092 957 1131 can·
1010 1096 1113 1151 corpus
1136 1081 1292 1134 laceratum
1310 1083 1339 1133 et
1358 1078 1544 1149 flagellatum,
1566 1081 1605 1134 ita
1618 1081 1717 1137 anima
1730 1098 1793 1138 rere
1805 1085 1845 1138 do-

106 1167 205 1223 donem
216 1165 369 1238 pristinum
385 1164 500 1234 emittit,
515 1169 583 1234 etc,
594 1163 722 1235 usquead
737 1180 793 1219 non
807 1166 954 1236 corrupti·
1010 1168 1065 1223 luit
1078 1184 1130 1239 pro
1146 1166 1240 1231 nobis,
1257 1181 1292 1220 ne
1308 1181 1341 1220 ex
1359 1171 1442 1236 perte
1456 1167 1572 1238 veritas,
1587 1184 1622 1223 ex
1644 1174 1726 1240 parte
1742 1172 1845 1226 mendc-

105 1255 211 1311 bilibus
225 1256 379 1325 argentost
388 1269 468 1319 auro,
482 1252 531 1306 sed
540 1252 678 1323 sauguine
688 1252 755 1322 agni
767 1252 954 1308 immaculati.
1010 1257 1086 1312 cium
1099 1256 1128 1311 in
1144 1254 1256 1312 Christo
1271 1255 1416 1312 credatur.

141 1344 221 1398 Vens.
239 1345 265 1399 3.
285 1344 441 1397 -Gratin
459 1343 516 1396 Nec
530 1341 713 1396 commodum
729 1340 879 1402 habuistis,
903 1356 955 1395 nec
1047 1346 1127 1400 Vens.
1157 1348 1184 1398 7.
1217 1371 1254 1384 —
1283 1345 1342 1400 Nou
1369 1345 1488 1412 aperuit,
1517 1348 1571 1399 etc.
1614 1344 1705 1399 Pilato
1735 1347 1777 1401 vel
1804 1348 1846 1402 lle

106 1431 320 1486 incommodum
337 1429 484 1501 effugistis,
511 1445 575 1484 cum
593 1428 696 1483 Filium
721 1428 772 1483 [lei
787 1428 954 1484 tradidistis.
1010 1432 1082 1488 rodi.
1100 1433 1192 1487 Pauca
1206 1431 1283 1486 enim
1299 1430 1448 1504 respoudit
1473 1448 1510 1487 ne
1534 1431 1701 1488 differretur
1721 1435 1793 1499 setus
1805 1436 1846 1490 hu·

144 1521 222 1574 Vens.
238 1520 264 1574 4.
287 1521 370 1574 -ln
390 1521 547 1588 AEpuptum.
578 1518 680 1588 (Hira.)
709 1517 810 1587 deguit
831 1516 953 1585 ludaeos,
1010 1523 1089 1578 mani
1108 1520 1231 1593 generis.
1606 1574 1613 1581 ‚

106 1614 134 1663 et
147 1614 267 1663 venture
284 1607 425 1678 praedicit,
447 1614 512 1673 etc,
528 1621 613 1676 usquc
631 1605 669 1660 ad
687 1610 720 1660 ut
733 1606 819 1660 etiam
834 1605 864 1659 iu
879 1610 955 1661 terra
971 1642 990 1696 B
1044 1614 1080 1667 Et
1095 1613 1176 1681 qnasi
1197 1625 1294 1678 agrius.
1307 1610 1380 1681 Ι(Ιιι.)
1401 1611 1433 1664 ln
1452 1611 1533 1681 cujus
1557 1610 1651 1683 ligure
1676 1613 1794 1682 populus
1814 1615 1846 1667 ιι.

105 1712 156 1751 sua
176 1695 320 1766 opprimat
334 1694 427 1760 illum,
441 1699 470 1748 et
479 1694 670 1748 calumnietur
684 1692 737 1747 eil
1009 1699 1067 1753 rael
1085 1714 1192 1769 agnum
1208 1699 1239 1752 in
1262 1699 1382 1769 AEgypto
1406 1699 1533 1753 comedit
1557 1699 1661 1769 (daed.
1680 1701 1741 1771 ιιι).
1757 1701 1802 1756 llic
1813 1706 1846 1754 cst

141 1783 224 1839 Vens.
240 1786 265 1838 5.
296 1782 368 1851 Quid
401 1784 470 1837 milti
496 1786 535 1836 cst
559 1783 627 1836 liic?
655 1780 719 1851 (ln.)
744 1780 818 1836 Nihil
843 1780 899 1848 hic,
915 1780 956 1834 ait
1009 1788 1164 1855 agnoscat
1190 1787 1261 1842 tollit
1279 1790 1391 1856 peccata
1408 1785 1605 1858 mundt(doan.
1636 1790 1667 1858 ι),
1693 1792 1742 1858 qui
1760 1793 1846 1844 omnus

104 1872 181 1945 apud
197 1888 245 1927 eos
261 1870 384 1942 reperio,
400 1876 465 1938 etc,
483 1885 567 1940 usque
581 1870 618 1924 ad
632 1870 708 1942 quod
722 1868 954 1942 ,Redemptorem
1008 1882 1048 1930 est
1061 1875 1096 1930 rrh
1106 1874 1418 1944 oripirzemurrdtidpoe.
1437 1875 1510 1946 xm),
1520 1875 1570 1948 qui
1580 1892 1667 1931 carue
1677 1881 1706 1931 et
1720 1879 1845 1949 sauguine

104 1978 188 2017 suum
203 1960 280 2016 cruci
292 1959 447 2015 affixerint.
1008 1978 1060 2016 suo
1075 1978 1127 2016 nos
1142 1962 1243 2032 pascit,
1260 1968 1289 2017 et
1303 1963 1407 2018 uellere
1420 1965 1609 2034 protectionis
1631 1982 1684 2021 nos
1698 1967 1788 2021 vestit.

140 2050 220 2104 Vane.
236 2053 267 2106 7.
287 2076 320 2088 —
332 2054 417 2119 Quum
426 2047 664 2117 pulchri.(lo.)l)e
677 2046 769 2118 ecqui
780 2047 953 2118 supradixe-
1045 2052 1124 2106 Vens.
1141 2054 1167 2106 Β.
1182 2079 1216 2092 -
1231 2053 1268 2106 lte
1290 2051 1406 2121 judicio.
1427 2053 1515 2107 ludex
1542 2053 1675 2109 omnium
1689 2054 1790 2126 judicii
1800 2071 1849 2109 non

103 2143 170 2193 rat:
187 2139 243 2206 Epo
255 2139 314 2206 ipse
329 2139 377 2205 qui
391 2135 520 2205 loquebar
532 2151 587 2190 cccc
609 2135 716 2196 adsum
745 2139 953 2208 testaturpro·
1007 2139 1114 2210 reperit
1127 2139 1286 2208 veritatem,
1304 2141 1353 2196 scd
1383 2141 1444 2195 siue
1460 2143 1543 2214 culpe
1558 2142 1716 2199 damnatus
1728 2150 1781 2199 est.
1802 2145 1849 2199 Un-

103 2226 191 2298 pheta
204 2225 279 2297 qnod
287 2225 347 2296 ipse
363 2240 450 2295 supra
461 2229 573 2278 montes
584 2224 770 2294 Evangelium
778 2225 951 2296 praedicarit.
1008 2227 1042 2282 de
1058 2226 1218 2282 admiratur
1232 2229 1371 2299 propheta
1392 2229 1616 2301 quodomnium
1634 2232 1710 2287 Deus
1735 2233 1850 2304 passioni

138 2315 348 2383 denuntiantis,
362 2312 475 2380 Christi,
493 2313 755 2384 persemetipsum,
773 2329 825 2384 per
835 2317 953 2385 aposto·
1007 2333 1037 2371 se
1051 2317 1210 2371 tradiderit.

103 2403 156 2467 los,
186 2401 367 2473 quibuseit:
395 2401 725 2470 Pacemretiaquocotis,
748 2418 843 2471 pacem
867 2419 953 2458 mam
1042 2405 1127 2460 Vens.
1144 2405 1322 2459 a-uaou
1348 2407 1457 2476 impios.
1474 2407 1541 2478 (lu)
1558 2408 1644 2463 ldest
1671 2414 1851 2482 gentesque,

102 2492 137 2547 do
163 2491 238 2545 uobis
257 2489 352 2561 (doun.
381 2490 446 2557 xiv).
473 2489 564 2559 Super
586 2506 658 2561 quos
689 2490 827 2545 Dominus
852 2492 953 2547 sedens
1006 2493 1067 2548 sine
1083 2495 1199 2564 pietate,
1217 2495 1273 2547 [leo
1289 2494 1464 2565 Patris,quia
1475 2499 1605 2551 mortuus
1626 2501 1657 2550 et
1670 2498 1851 2568 sepultuseos

67 2572 73 2579 ’
102 2580 294 2652 predicabat:
312 2577 369 2650 Ipsi
383 2578 470 2633 etiam
484 2578 570 2647 pedes
591 2578 705 2640 Christi,
720 2579 952 2651 praedicationem
1007 2580 1167 2651 acquisivit,
1184 2587 1212 2635 et
1224 2580 1458 2648 divites,ludaeos
1481 2582 1589 2639 scilicet
1612 2583 1724 2639 divitiis
1748 2584 1816 2656 legis
1828 2593 1853 2640 et

103 2666 320 2738 ejusportnndo.
1006 2669 1215 2741 prophetarum
1228 2668 1392 2740 gloriantes.

137 2756 216 2811 Vens.
233 2757 258 2810 8.
288 2785 321 2795 -
348 2756 408 2812 Von
429 2754 651 2825 speculatorum:
680 2754 741 2825 (ln.)
758 2756 952 2826 apostolorum
1042 2760 1153 2812 Diuites.
1170 2757 1281 2813 Scribas
1306 2764 1334 2813 et
1354 2759 1511 2813 Pherisaeos
1540 2757 1680 2815 doctrinae
1703 2761 1852 2834 legisdiri-

101 2851 130 2902 et
149 2847 272 2901 aliorum
287 2845 338 2916 qui
351 2845 380 2900 in
392 2844 507 2917 specula
520 2848 704 2916 suntsemper
720 2848 751 2899 ut
765 2845 863 2901 ornnia
880 2862 951 2918 pree·
1006 2845 1054 2901 tiis
1070 2845 1236 2916 gloriantes.

101 2935 217 2990 videant
231 2937 259 2987 et
273 2932 417 3004 subjectos
432 2937 632 3002 promoveant.
969 2925 989 2980 C
1043 2933 1125 2989 Vens.
1140 2935 1182 2988 lo.
1198 2964 1233 2975 -
1265 2934 1358 2990 &mm
1382 2936 1541 3003 moneam.
1569 2935 1695 2992 Verbum
1715 2939 1854 3012 Evangelii

136 3024 221 3082 Vnus.
248 3026 273 3078 9.
301 3053 333 3064 -
355 3022 484 3079 Gaudete.
511 3021 688 3076 Primitiram
709 3023 860 3079 Ecclesiam
888 3039 953 3078 con·
1007 3021 1205 3093 scilicetquod
1221 3037 1280 3077 non
1295 3028 1460 3091 veterescet,
1480 3024 1555 3080 sicut
1581 3025 1668 3080 Vetus
1690 3027 1854 3084 Testamen-

102 3113 218 3173 solatnr,
236 3116 302 3178 etc,
321 3126 407 3179 usque
427 3110 464 3164 ad
480 3110 664 3165 multitudiue
683 3111 813 3182 gentium
827 3118 856 3167 et
869 3128 951 3183 repe·
1007 3114 1080 3176 tum,
1096 3110 1171 3164 unde
1183 3126 1190 3165 :
1202 3111 1593 3184 Eciitquiscminauitleemen
1610 3117 1782 3187 saumana.
1793 3130 1854 3185 rum

101 3203 163 3255 rata
176 3205 220 3254 est
233 3204 262 3254 et
275 3198 464 3270 multiplicata
479 3203 531 3254 est.
1043 3199 1122 3253 Vens.
1142 3203 1184 3253 lt.
1201 3199 1437 3256 -Sulurabitun
1449 3200 1517 3255 Pide
1537 3202 1682 3273 gentium,
1702 3205 1781 3260 uude
1795 3220 1853 3260 esn-

135 3290 277 3345 Vnnsxto.
294 3318 329 3330 -
363 3289 552 3343 Brachiumin
581 3288 760 3344 brachiomeo
785 3295 875 3358 pentes
892 3305 952 3360 spe·
1006 3285 1083 3339 riens
1097 3289 1125 3339 et
1143 3285 1241 3340 sitiens
1264 3301 1351 3357 supra
1368 3291 1489 3358 puteum
1509 3287 1595 3344 Jacob
1611 3290 1721 3360 emptis
1736 3290 1807 3345 cibis
1818 3291 1855 3344 uti

100 3380 201 3434 rabum
222 3376 304 3447 (Psat.
334 3380 430 3441 xcvii).
456 3377 488 3430 Et
512 3375 600 3431 alibi:
630 3377 775 3432 Brachium
801 3383 952 3434 tuumeum
1005 3374 1194 3444 noluitque
1213 3374 1273 3445 jem
1289 3374 1474 3430 Samaritana
1490 3380 1517 3430 at
1541 3391 1644 3431 eorum
1662 3377 1717 3448 qui
1737 3377 1773 3433 de
1791 3378 1852 3432 ciri·

98 3467 222 3537 potentia
236 3463 320 3534 (Ptol.
336 3466 480 3531 nrxxvur).
1004 3465 1062 3515 tate
1078 3461 1113 3516 ad
1129 3477 1195 3516 enm
1207 3463 1332 3530 eribant,
1349 3463 1405 3518 hue
1419 3464 1536 3518 satiatus
1550 3467 1621 3519 crat.

90 3604 93 3610 .
137 3553 221 3608 Vane.
243 3551 485 3607 ll.—Rcceditc.
502 3549 563 3622 (ln.)
589 3550 804 3606 lloctudaeiad
831 3554 950 3609 sereie·
1040 3550 1118 3605 t'eus.
1150 3553 1192 3604 tn.
1220 3579 1256 3593 -
1281 3554 1316 3606 Et
1341 3567 1401 3607 cum
1429 3552 1576 3607 accuratis.
1608 3554 1646 3608 Ut
1663 3554 1851 3611 sceleratoss

99 3647 177 3708 runt,
192 3647 257 3708 eta,
272 3640 404 3709 usquead
424 3639 562 3709 eSpiritu
585 3643 683 3694 sancto
698 3639 847 3695 admoniti.
1002 3642 1119 3708 peccato
1143 3637 1306 3707 redimeret,
1332 3639 1428 3695 omuie
1454 3640 1588 3694 omnibus
1613 3640 1709 3697 fectus
1726 3660 1734 3698 :
1753 3645 1850 3700 Peccata

135 3732 227 3799 Erite,
242 3729 272 3784 in
292 3734 351 3784 toto
374 3726 443 3783 orbe
468 3726 652 3798 Evangelium
681 3728 878 3798 predicantes,
898 3732 947 3800 lte,
1002 3728 1078 3783 mim
1099 3730 1327 3797 nostraportaoit
1350 3730 1380 3783 in
1404 3743 1513 3798 corpore
1533 3729 1716 3799 suo(1Prtr.
1744 3732 1788 3802 ιι).
1806 3731 1849 3785 du·

98 3817 187 3874 docete
201 3832 289 3873 omnes
303 3821 393 3885 pentes
407 3817 517 3884 (ttulit.
531 3817 619 3884 xvm).
998 3815 1047 3886 jus
1061 3814 1191 3871 imitator
1218 3817 1320 3870 Paulus
1345 3817 1402 3872 eit:
1419 3817 1549 3873 Omnibus
1570 3821 1666 3873 omniu
1680 3820 1776 3886 sactus
1790 3835 1848 3879 suu.

136 3910 210 3963 Vasa
225 3907 341 3962 Domini.
363 3904 425 3976 (to.)
439 3904 588 3974 Templum
609 3903 723 3957 Domini
745 3910 874 3959 sanctum
893 3910 946 3971 est,
1002 3909 1032 3959 ut
1044 3919 1133 3959 omues
1146 3905 1325 3973 lucrificarem
1339 3904 1362 3975 (l
1376 3907 1436 3962 Gor.
1451 3904 1501 3974 rx).

97 3996 174 4070 quod
201 3995 269 4051 estis
303 4010 360 4060 vos,
392 4008 458 4046 rasa
481 3992 588 4045 scilicet
628 4007 715 4046 aurea
742 3996 772 4046 ct
798 3998 945 4063 argentea,
1036 3991 1165 4061 Rogavit.
1181 3994 1274 4063 Pater,
1293 3993 1409 4065 ignosce
1437 3993 1504 4048 illis.
1521 3993 1562 4049 ud
1591 3993 1669 4049 benc
1701 4010 1847 4050 rocemse·

96 4085 173 4140 unde
188 4083 293 4139 Paulus
307 4098 355 4137 ves
369 4080 515 4136 electionis
536 4080 658 4145 dicitnr;
680 4080 722 4134 vel
736 4095 803 4135 resa
819 4080 945 4148 Domini,
1000 4080 1125 4135 cundum
1141 4080 1327 4152 Evangelium
1345 4082 1536 4136 Nazareorum
1544 4081 1849 4142 multamilliatudaeo

97 4177 242 4227 armatura
257 4171 319 4238 Dei,
346 4169 433 4224 lorica
453 4167 584 4240 justitiae,
617 4166 733 4238 clypeus
755 4168 834 4234 fidei,
864 4169 982 4259 galea„
1003 4185 1066 4222 rum
1082 4169 1236 4224 astantium
1251 4169 1327 4225 circa
1340 4185 1452 4225 crucem
1466 4170 1663 4227 crediderunt.

96 4260 205 4327 salutis,
221 4265 249 4314 et
263 4258 375 4330 gladius
390 4257 517 4328 spiritus,
533 4256 611 4327 qrrnd
627 4261 670 4311 est
684 4257 803 4311 verbnm
819 4257 879 4312 Dei.

30 4365 35 4375 ’
131 4350 211 4403 Vsus.
234 4350 277 4402 ta.
288 4376 323 4386 —
340 4348 403 4401 Ecce
426 4343 577 4411 intelliget:
598 4359 635 4398 ne
652 4343 798 4398 dubitetur
823 4345 887 4415 quis
902 4346 944 4401 di·
1326 4311 1440 4368 CAPUT
1455 4312 1521 4366 LIV·

94 4434 448 4504 serit,quttoqeetcrecce
466 4432 584 4486 adsrrm:
602 4431 721 4503 etquod
746 4431 941 4489 sitbracbium
1032 4434 1114 4487 Vens.
1141 4437 1165 4488 l.
1195 4462 1229 4473 -
1254 4433 1361 4503 baudo,
1383 4435 1497 4490 sterilis.
1529 4435 1634 4506 (lirun.)
1647 4437 1798 4494 Hactenus
1822 4439 1847 4493 de

95 4525 221 4594 Domini,
238 4520 592 4593 Paterperspicuedocet.
997 4520 1154 4588 nativitate,
1182 4521 1327 4592 passione,
1358 4522 1579 4590 resurrectione,
1606 4529 1677 4593 etc,
1707 4527 1849 4598 respuent

130 4615 210 4668 t'ens.
234 4613 276 4667 tt.
311 4611 447 4665 -Sicut
479 4609 683 4677 obstupuerunt.
725 4608 785 4663 Non
815 4613 944 4664 servatur
996 4610 1101 4665 mmde
1115 4609 1220 4664 ludaeis
1234 4626 1320 4681 quam
1334 4610 1539 4682 degentilibus
1559 4620 1788 4684 congregatam.

92 4703 164 4758 ordo
179 4701 316 4757 historice.
330 4700 467 4773 Superius
479 4699 555 4754 euim
572 4699 743 4770 loquebatur
757 4698 897 4770 propheta
912 4699 942 4754 in
1031 4697 1138 4767 Lauda,
1166 4700 1278 4754 sterilis.
1318 4698 1481 4770 Apostolus,
1505 4699 1587 4771 juxta
1620 4700 1710 4758 Lxx:
1743 4706 1848 4767 Latum

92 4805 214 4862 persona
229 4788 321 4845 Putris
335 4789 369 4845 de
385 4789 548 4845 ascensione
563 4788 637 4856 Filii,
653 4792 682 4842 et
708 4787 802 4843 subito
823 4788 858 4843 ad
875 4805 943 4860 pes·
995 4787 1106 4853 sterilis,
1127 4801 1186 4855 qua
1197 4802 1251 4841 nou
1258 4790 1348 4858 paris,
1359 4791 1500 4857 erumpect
1514 4788 1673 4858 emmaque
1690 4807 1753 4846 nou
1766 4800 1850 4864 portu-

92 4878 202 4934 siouem
217 4877 308 4932 rediit.
995 4877 1045 4942 ris,
1058 4877 1124 4943 quia
1137 4875 1218 4929 multi
1232 4875 1286 4944 pter
1309 4875 1421 4931 elesmtae
1448 4875 1519 4946 (Gal.
1542 4874 1592 4945 tv),
1609 4883 1667 4932 etc.
1687 4879 1750 4935 Nos
1764 4887 1849 4936 auten

431 4947 544 5002 CAPUT
567 4948 639 5002 UH·
995 4962 1097 5018 iratres
1111 4962 1269 5018 secundum
1296 4963 1384 5031 lseec,
1409 4961 1645 5036 repromissionis
1672 4965 1731 5021 tilii
1749 4984 1848 5023 sumus.

126 5057 207 5110 Vens.
235 5057 258 5110 t.
286 5081 320 5094 -
344 5054 411 5119 Quis
436 5051 584 5107 credidit?
614 5054 718 5121 (itinn.)
745 5052 887 5123 Propheta
910 5052 940 5107 iu
1031 5053 1111 5107 Vnus.
1138 5054 1162 5107 3.
1188 5082 1224 5092 -
1242 5051 1290 5107 Ad
1315 5052 1455 5107 deuterum
1482 5053 1554 5107 enim
1571 5051 1632 5119 ;ad
1665 5057 1776 5112 omnia
1801 5059 1850 5112 tou

90 5140 721 5214 personaprophetaramconqueriturquod
747 5140 939 5210 pauciextu-
995 5140 1106 5196 mundi.
1123 5140 1182 5207 Vel,
1209 5139 1348 5195 neoelata
1370 5139 1526 5212 prosperis,
1556 5154 1609 5194 nec
1641 5140 1743 5200 fracta
1758 5145 1849 5202 adru-

91 5229 159 5286 deeis
173 5228 377 5300 creduntquod
393 5228 428 5283 de
447 5227 572 5283 adventu
587 5228 650 5283 Filii
674 5227 709 5282 ab
736 5228 794 5282 illis
809 5228 938 5284 audiunt.
994 5229 1042 5285 sis.
1058 5228 1119 5297 Vel,
1139 5228 1174 5283 ed
1190 5228 1267 5283 bona
1281 5227 1384 5283 lutura
1396 5233 1425 5283 et
1437 5227 1599 5301 praesentis.

127 5319 162 5371 nr
185 5317 324 5371 brachium
355 5317 479 5372 Domini.
511 5315 572 5386 (ln.)
606 5317 689 5370 Pater
718 5316 821 5370 Filium
855 5332 939 5371 sunm
1024 5317 1103 5372 Vens.
1125 5317 1151 5370 t.
1176 5345 1211 5356 -
1239 5317 1303 5373 Noli
1332 5317 1434 5370 timere.
1459 5315 1522 5385 (ln.)
1551 5315 1625 5370 Cum
1653 5320 1751 5376 turris
1777 5320 1848 5377 babel

90 5404 199 5457 mundo
213 5404 356 5460 nuntiarit
368 5408 521 5461 venturum
537 5418 545 5472 ;
561 5407 591 5459 et
602 5409 667 5458 ente
689 5405 856 5460 scandalum
872 5421 940 5458 cru·
993 5405 1193 5472 aedificaretur,
1209 5409 1276 5469 etc,
1290 5403 1427 5475 usquead
1440 5402 1491 5477 qui
1505 5403 1666 5460 funiculus.

91 5490 423 5561 eis,prtemisitgloriaut
442 5492 630 5562 resurgentis.
649 5493 807 5548 Etccatttur
830 5493 940 5548 eleuat·
1028 5494 1109 5548 Vens.
1126 5496 1152 5547 6.
1185 5522 1220 5534 -
1238 5492 1309 5560 Quia
1339 5497 1369 5550 ut
1386 5493 1536 5550 mutierem.
1567 5493 1846 5574 (indoctissimus
