<?xml version="1.0" encoding="UTF-8"?>
<!DOCTYPE html PUBLIC "-//W3C//DTD XHTML 1.0 Transitional//EN"
    "http://www.w3.org/TR/xhtml1/DTD/xhtml1-transitional.dtd">
<html xmlns="http://www.w3.org/1999/xhtml" xml:lang="en" lang="en">
 <head>
  <title>
</title>
<meta http-equiv="Content-Type" content="text/html;charset=utf-8" />
  <meta name='ocr-system' content='tesseract 3.04.00' />
  <meta name='ocr-capabilities' content='ocr_page ocr_carea ocr_par ocr_line ocrx_word'/>
</head>
<body>
  <div class='ocr_page' id='page_1' title='image "./patrologiaecurs04migngoog/patrologiaecurs04migngoog_0608.png"; bbox 0 0 3892 6104; ppageno 0'>
   <div class='ocr_carea' id='block_1_1' title="bbox 71 307 1819 370">
    <p class='ocr_par' dir='ltr' id='par_1_1' title="bbox 71 307 1819 370">
     <span class='ocr_line' id='line_1_1' title="bbox 71 307 1819 370; baseline 0.006 -10"><span class='ocrx_word' id='word_1_1' title='bbox 71 307 138 361; x_wconf 78' lang='lat' dir='ltr'><strong>teos</strong></span> <span class='ocrx_word' id='word_1_2' title='bbox 626 308 755 368; x_wconf 72' lang='lat' dir='ltr'><strong>classe</strong></span> <span class='ocrx_word' id='word_1_3' title='bbox 776 307 982 367; x_wconf 79' lang='lat' dir='ltr'><strong>ottotrteltlt.</strong></span> <span class='ocrx_word' id='word_1_4' title='bbox 1005 336 1040 350; x_wconf 94' lang='lat'>-</span> <span class='ocrx_word' id='word_1_5' title='bbox 1062 307 1127 365; x_wconf 81' lang='lat' dir='ltr'><strong>ult.</strong></span> <span class='ocrx_word' id='word_1_6' title='bbox 1142 309 1254 368; x_wconf 75' lang='lat' dir='ltr'><strong>eccll.</strong></span> <span class='ocrx_word' id='word_1_7' title='bbox 1751 317 1819 370; x_wconf 78' lang='lat' dir='ltr'><strong>troo</strong></span> 
     </span>
    </p>
   </div>
   <div class='ocr_carea' id='block_1_2' title="bbox 19 428 1819 5605">
    <p class='ocr_par' dir='ltr' id='par_1_2' title="bbox 61 428 1819 678">
     <span class='ocr_line' id='line_1_2' title="bbox 64 428 1818 506; baseline 0.006 -23"><span class='ocrx_word' id='word_1_8' title='bbox 64 432 125 484; x_wconf 85' lang='lat' dir='ltr'><strong>tete</strong></span> <span class='ocrx_word' id='word_1_9' title='bbox 141 428 355 497; x_wconf 82' lang='lat' dir='ltr'><strong>baereticorum,</strong></span> <span class='ocrx_word' id='word_1_10' title='bbox 380 429 572 485; x_wconf 86' lang='lat' dir='ltr'><strong>intentionem</strong></span> <span class='ocrx_word' id='word_1_11' title='bbox 587 431 848 501; x_wconf 75' lang='lat' dir='ltr'><strong>praroevoluntatis</strong></span> <span class='ocrx_word' id='word_1_12' title='bbox 874 431 954 485; x_wconf 82' lang='lat' dir='ltr'><strong>vt-lt</strong></span> <span class='ocrx_word' id='word_1_13' title='bbox 1009 431 1090 486; x_wconf 76' lang='lat' dir='ltr'><strong>Vnus.</strong></span> <span class='ocrx_word' id='word_1_14' title='bbox 1109 432 1200 488; x_wconf 77' lang='lat' dir='ltr'><strong>ls-</strong></span> <span class='ocrx_word' id='word_1_15' title='bbox 1222 433 1353 503; x_wconf 79' lang='lat' dir='ltr'><strong>Displicet</strong></span> <span class='ocrx_word' id='word_1_16' title='bbox 1376 433 1421 487; x_wconf 86' lang='lat' dir='ltr'><strong>itti</strong></span> <span class='ocrx_word' id='word_1_17' title='bbox 1445 436 1500 490; x_wconf 87' lang='lat' dir='ltr'><strong>etc.</strong></span> <span class='ocrx_word' id='word_1_18' title='bbox 1529 434 1609 490; x_wconf 82' lang='lat' dir='ltr'>Unde</span> <span class='ocrx_word' id='word_1_19' title='bbox 1625 436 1708 491; x_wconf 78' lang='lat' dir='ltr'><strong>:Falli</strong></span> <span class='ocrx_word' id='word_1_20' title='bbox 1737 436 1818 506; x_wconf 73' lang='lat' dir='ltr'><strong>tuias</strong></span> 
     </span>
     <span class='ocr_line' id='line_1_3' title="bbox 64 517 1819 592; baseline 0.006 -20"><span class='ocrx_word' id='word_1_21' title='bbox 64 521 188 590; x_wconf 86' lang='lat' dir='ltr'><strong>teperet.</strong></span> <span class='ocrx_word' id='word_1_22' title='bbox 206 517 280 573; x_wconf 89' lang='lat' dir='ltr'><strong>Sunt</strong></span> <span class='ocrx_word' id='word_1_23' title='bbox 294 517 384 583; x_wconf 87' lang='lat' dir='ltr'><strong>enim,</strong></span> <span class='ocrx_word' id='word_1_24' title='bbox 399 519 449 590; x_wconf 86' lang='lat' dir='ltr'><strong>qui</strong></span> <span class='ocrx_word' id='word_1_25' title='bbox 464 533 529 573; x_wconf 90' lang='lat' dir='ltr'><strong>cum</strong></span> <span class='ocrx_word' id='word_1_26' title='bbox 547 535 604 573; x_wconf 92' lang='lat' dir='ltr'><strong>non</strong></span> <span class='ocrx_word' id='word_1_27' title='bbox 620 526 740 592; x_wconf 79' lang='lat' dir='ltr'><strong>possunt</strong></span> <span class='ocrx_word' id='word_1_28' title='bbox 758 524 821 576; x_wconf 90' lang='lat' dir='ltr'><strong>actu</strong></span> <span class='ocrx_word' id='word_1_29' title='bbox 846 536 911 591; x_wconf 88' lang='lat' dir='ltr'><strong>pec·</strong></span> <span class='ocrx_word' id='word_1_30' title='bbox 966 519 1059 573; x_wconf 78' lang='lat' dir='ltr'><strong>saculi</strong></span> <span class='ocrx_word' id='word_1_31' title='bbox 1072 519 1261 589; x_wconf 79' lang='lat' dir='ltr'><strong>prudentiores</strong></span> <span class='ocrx_word' id='word_1_32' title='bbox 1271 521 1339 588; x_wconf 70' lang='lat' dir='ltr'><strong>&#39;tiliis</strong></span> <span class='ocrx_word' id='word_1_33' title='bbox 1355 522 1422 576; x_wconf 87' lang='lat' dir='ltr'><strong>tucis</strong></span> <span class='ocrx_word' id='word_1_34' title='bbox 1436 523 1466 576; x_wconf 84' lang='lat' dir='ltr'><strong>ira</strong></span> <span class='ocrx_word' id='word_1_35' title='bbox 1480 525 1651 587; x_wconf 76' lang='lat' dir='ltr'><strong>ueneratione</strong></span> <span class='ocrx_word' id='word_1_36' title='bbox 1676 538 1728 580; x_wconf 84' lang='lat' dir='ltr'><strong>aua</strong></span> <span class='ocrx_word' id='word_1_37' title='bbox 1755 531 1819 582; x_wconf 80' lang='lat' dir='ltr'><strong>suot</strong></span> 
     </span>
     <span class='ocr_line' id='line_1_4' title="bbox 61 604 1127 678; baseline 0.004 -20"><span class='ocrx_word' id='word_1_38' title='bbox 61 620 137 664; x_wconf 88' lang='lat' dir='ltr'><strong>care.</strong></span> <span class='ocrx_word' id='word_1_39' title='bbox 152 604 457 660; x_wconf 82' lang='lat' dir='ltr'><strong>noluntinvcluntate</strong></span> <span class='ocrx_word' id='word_1_40' title='bbox 468 605 624 677; x_wconf 89' lang='lat' dir='ltr'><strong>quiescere.</strong></span> <span class='ocrx_word' id='word_1_41' title='bbox 966 605 1044 677; x_wconf 81' lang='lat' dir='ltr'><strong>(luc.</strong></span> <span class='ocrx_word' id='word_1_42' title='bbox 1058 607 1127 678; x_wconf 81' lang='lat' dir='ltr'><strong>xri).</strong></span> 
     </span>
    </p>

    <p class='ocr_par' dir='ltr' id='par_1_3' title="bbox 59 692 1816 1033">
     <span class='ocr_line' id='line_1_5' title="bbox 99 692 1816 769; baseline 0.007 -26"><span class='ocrx_word' id='word_1_43' title='bbox 99 692 180 748; x_wconf 78' lang='lat' dir='ltr'><strong>Vnae.</strong></span> <span class='ocrx_word' id='word_1_44' title='bbox 196 693 240 747; x_wconf 82' lang='lat' dir='ltr'><strong>et.</strong></span> <span class='ocrx_word' id='word_1_45' title='bbox 257 695 354 749; x_wconf 82' lang='lat' dir='ltr'><strong>-list</strong></span> <span class='ocrx_word' id='word_1_46' title='bbox 366 696 414 763; x_wconf 81' lang='lat' dir='ltr'><strong>qui</strong></span> <span class='ocrx_word' id='word_1_47' title='bbox 426 693 522 764; x_wconf 86' lang='lat' dir='ltr'><strong>perdet</strong></span> <span class='ocrx_word' id='word_1_48' title='bbox 535 697 656 750; x_wconf 81' lang='lat' dir='ltr'><strong>animam</strong></span> <span class='ocrx_word' id='word_1_49' title='bbox 670 711 757 752; x_wconf 86' lang='lat' dir='ltr'><strong>suam.</strong></span> <span class='ocrx_word' id='word_1_50' title='bbox 772 695 844 761; x_wconf 81' lang='lat' dir='ltr'><strong>Ouia</strong></span> <span class='ocrx_word' id='word_1_51' title='bbox 873 696 911 750; x_wconf 92' lang='lat' dir='ltr'><strong>ti·</strong></span> <span class='ocrx_word' id='word_1_52' title='bbox 1001 693 1082 750; x_wconf 82' lang='lat' dir='ltr'><strong>Vnus.</strong></span> <span class='ocrx_word' id='word_1_53' title='bbox 1100 697 1146 751; x_wconf 72' lang='lat'><strong>22.</strong></span> <span class='ocrx_word' id='word_1_54' title='bbox 1160 725 1195 738; x_wconf 94' lang='lat'>-</span> <span class='ocrx_word' id='word_1_55' title='bbox 1209 695 1353 767; x_wconf 73' lang='lat' dir='ltr'><strong><em>Compedes</em></strong></span> <span class='ocrx_word' id='word_1_56' title='bbox 1372 699 1402 751; x_wconf 85' lang='lat' dir='ltr'><strong>ia</strong></span> <span class='ocrx_word' id='word_1_57' title='bbox 1414 695 1543 766; x_wconf 84' lang='lat' dir='ltr'><strong>pedibus,</strong></span> <span class='ocrx_word' id='word_1_58' title='bbox 1569 699 1622 752; x_wconf 85' lang='lat' dir='ltr'><strong>etc.</strong></span> <span class='ocrx_word' id='word_1_59' title='bbox 1650 697 1714 769; x_wconf 86' lang='lat' dir='ltr'><strong>(lo.)</strong></span> <span class='ocrx_word' id='word_1_60' title='bbox 1743 698 1816 764; x_wconf 84' lang='lat' dir='ltr'><strong>Quia</strong></span> 
     </span>
     <span class='ocr_line' id='line_1_6' title="bbox 60 779 1813 857; baseline 0.006 -24"><span class='ocrx_word' id='word_1_61' title='bbox 60 794 144 834; x_wconf 89' lang='lat' dir='ltr'><strong>mens</strong></span> <span class='ocrx_word' id='word_1_62' title='bbox 157 779 245 851; x_wconf 89' lang='lat' dir='ltr'><strong>hujus</strong></span> <span class='ocrx_word' id='word_1_63' title='bbox 262 780 363 835; x_wconf 91' lang='lat' dir='ltr'><strong>mundi</strong></span> <span class='ocrx_word' id='word_1_64' title='bbox 391 786 572 853; x_wconf 82' lang='lat' dir='ltr'><strong>potestatem,</strong></span> <span class='ocrx_word' id='word_1_65' title='bbox 589 799 647 839; x_wconf 88' lang='lat' dir='ltr'><strong>uon</strong></span> <span class='ocrx_word' id='word_1_66' title='bbox 674 784 761 840; x_wconf 84' lang='lat' dir='ltr'><strong>audet</strong></span> <span class='ocrx_word' id='word_1_67' title='bbox 783 782 912 856; x_wconf 81' lang='lat' dir='ltr'><strong>profiteri</strong></span> <span class='ocrx_word' id='word_1_68' title='bbox 963 781 1108 852; x_wconf 76' lang='lat' dir='ltr'>gressibus</span> <span class='ocrx_word' id='word_1_69' title='bbox 1122 799 1236 852; x_wconf 87' lang='lat' dir='ltr'><strong>eorum,</strong></span> <span class='ocrx_word' id='word_1_70' title='bbox 1252 783 1357 855; x_wconf 82' lang='lat' dir='ltr'><strong>quibus</strong></span> <span class='ocrx_word' id='word_1_71' title='bbox 1373 783 1519 852; x_wconf 90' lang='lat' dir='ltr'><strong>incedunt,</strong></span> <span class='ocrx_word' id='word_1_72' title='bbox 1541 783 1627 839; x_wconf 88' lang='lat' dir='ltr'><strong>ruina</strong></span> <span class='ocrx_word' id='word_1_73' title='bbox 1652 784 1813 857; x_wconf 84' lang='lat' dir='ltr'><strong>iniquilatis</strong></span> 
     </span>
     <span class='ocr_line' id='line_1_7' title="bbox 60 867 1808 942; baseline 0.003 -20"><span class='ocrx_word' id='word_1_74' title='bbox 60 867 209 939; x_wconf 70' lang='lat' dir='ltr'>Evangelii</span> <span class='ocrx_word' id='word_1_75' title='bbox 219 868 373 923; x_wconf 85' lang='lat' dir='ltr'><strong>veritatem</strong></span> <span class='ocrx_word' id='word_1_76' title='bbox 388 885 394 923; x_wconf 93' lang='lat'><strong>:</strong></span> <span class='ocrx_word' id='word_1_77' title='bbox 411 870 499 933; x_wconf 89' lang='lat' dir='ltr'><strong>unde,</strong></span> <span class='ocrx_word' id='word_1_78' title='bbox 517 871 573 937; x_wconf 79' lang='lat' dir='ltr'><strong>Qui</strong></span> <span class='ocrx_word' id='word_1_79' title='bbox 587 872 727 927; x_wconf 71' lang='lat' dir='ltr'><strong>mutueris</strong></span> <span class='ocrx_word' id='word_1_80' title='bbox 739 888 781 928; x_wconf 80' lang='lat' dir='ltr'><strong>me</strong></span> <span class='ocrx_word' id='word_1_81' title='bbox 802 878 828 928; x_wconf 83' lang='lat' dir='ltr'><strong>et</strong></span> <span class='ocrx_word' id='word_1_82' title='bbox 842 888 911 929; x_wconf 79' lang='lat' dir='ltr'><strong>meos</strong></span> <span class='ocrx_word' id='word_1_83' title='bbox 964 869 1144 937; x_wconf 78' lang='lat' dir='ltr'>contradicit,</span> <span class='ocrx_word' id='word_1_84' title='bbox 1157 873 1284 928; x_wconf 87' lang='lat' dir='ltr'><strong>actiones</strong></span> <span class='ocrx_word' id='word_1_85' title='bbox 1299 887 1400 926; x_wconf 90' lang='lat' dir='ltr'><strong>eorum</strong></span> <span class='ocrx_word' id='word_1_86' title='bbox 1420 871 1583 926; x_wconf 88' lang='lat' dir='ltr'><strong>damnando</strong></span> <span class='ocrx_word' id='word_1_87' title='bbox 1611 872 1808 942; x_wconf 77' lang='lat' dir='ltr'><strong>reprehendit.</strong></span> 
     </span>
     <span class='ocr_line' id='line_1_8' title="bbox 59 957 1812 1033; baseline 0.003 -24"><span class='ocrx_word' id='word_1_88' title='bbox 59 970 203 1019; x_wconf 78' lang='lat' dir='ltr'><strong>sermones,</strong></span> <span class='ocrx_word' id='word_1_89' title='bbox 220 957 291 1011; x_wconf 77' lang='lat' dir='ltr'><strong>huuc</strong></span> <span class='ocrx_word' id='word_1_90' title='bbox 302 957 438 1013; x_wconf 81' lang='lat' dir='ltr'><strong>erubescet</strong></span> <span class='ocrx_word' id='word_1_91' title='bbox 453 958 543 1014; x_wconf 78' lang='lat' dir='ltr'><strong>Filius</strong></span> <span class='ocrx_word' id='word_1_92' title='bbox 559 960 835 1033; x_wconf 73' lang='lat' dir='ltr'><strong>tommis(Lae.1x.)</strong></span> <span class='ocrx_word' id='word_1_93' title='bbox 1001 957 1080 1012; x_wconf 77' lang='lat' dir='ltr'><strong>Vsus.</strong></span> <span class='ocrx_word' id='word_1_94' title='bbox 1096 961 1144 1018; x_wconf 74' lang='grc'><strong>13.</strong></span> <span class='ocrx_word' id='word_1_95' title='bbox 1159 990 1195 1002; x_wconf 96' lang='grc'>-</span> <span class='ocrx_word' id='word_1_96' title='bbox 1209 963 1311 1017; x_wconf 83' lang='lat' dir='ltr'><strong>Fatuus</strong></span> <span class='ocrx_word' id='word_1_97' title='bbox 1326 961 1356 1014; x_wconf 86' lang='lat' dir='ltr'><strong>iu</strong></span> <span class='ocrx_word' id='word_1_98' title='bbox 1376 961 1446 1022; x_wconf 72' lang='lat' dir='ltr'><strong>risu</strong></span> <span class='ocrx_word' id='word_1_99' title='bbox 1462 963 1514 1013; x_wconf 90' lang='lat' dir='ltr'><strong>etc.</strong></span> <span class='ocrx_word' id='word_1_100' title='bbox 1546 959 1640 1014; x_wconf 84' lang='lat' dir='ltr'><strong>Coetus</strong></span> <span class='ocrx_word' id='word_1_101' title='bbox 1662 958 1812 1014; x_wconf 76' lang='lat' dir='ltr'><strong>hoeretico-</strong></span> 
     </span>
    </p>

    <p class='ocr_par' dir='ltr' id='par_1_4' title="bbox 62 1044 1813 1306">
     <span class='ocr_line' id='line_1_9' title="bbox 101 1044 1813 1122; baseline 0.004 -26"><span class='ocrx_word' id='word_1_102' title='bbox 101 1045 288 1100; x_wconf 56' lang='grc'><strong>1111115.-</strong></span> <span class='ocrx_word' id='word_1_103' title='bbox 303 1048 482 1116; x_wconf 78' lang='lat' dir='ltr'><strong>bstpuipra</strong></span> <span class='ocrx_word' id='word_1_104' title='bbox 495 1050 661 1114; x_wconf 67' lang='lat' dir='ltr'><strong>commestore,</strong></span> <span class='ocrx_word' id='word_1_105' title='bbox 677 1053 730 1104; x_wconf 92' lang='lat' dir='ltr'><strong>etc.</strong></span> <span class='ocrx_word' id='word_1_106' title='bbox 760 1048 834 1105; x_wconf 84' lang='lat' dir='ltr'><strong>Sunt</strong></span> <span class='ocrx_word' id='word_1_107' title='bbox 860 1050 912 1122; x_wconf 89' lang='lat' dir='ltr'><strong>qui</strong></span> <span class='ocrx_word' id='word_1_108' title='bbox 964 1070 1029 1115; x_wconf 74' lang='lat' dir='ltr'><strong>rum</strong></span> <span class='ocrx_word' id='word_1_109' title='bbox 1045 1048 1191 1120; x_wconf 90' lang='lat' dir='ltr'><strong>plausibili</strong></span> <span class='ocrx_word' id='word_1_110' title='bbox 1202 1047 1369 1120; x_wconf 87' lang='lat' dir='ltr'><strong>operatione</strong></span> <span class='ocrx_word' id='word_1_111' title='bbox 1382 1061 1436 1117; x_wconf 89' lang='lat' dir='ltr'><strong>per</strong></span> <span class='ocrx_word' id='word_1_112' title='bbox 1450 1044 1621 1101; x_wconf 88' lang='lat' dir='ltr'><strong>rhetoricam</strong></span> <span class='ocrx_word' id='word_1_113' title='bbox 1645 1051 1737 1101; x_wconf 88' lang='lat' dir='ltr'><strong>artem</strong></span> <span class='ocrx_word' id='word_1_114' title='bbox 1760 1047 1813 1102; x_wconf 92' lang='lat' dir='ltr'><strong>do-</strong></span> 
     </span>
     <span class='ocr_line' id='line_1_10' title="bbox 63 1132 1813 1214; baseline 0.002 -28"><span class='ocrx_word' id='word_1_115' title='bbox 63 1132 149 1203; x_wconf 86' lang='lat' dir='ltr'><strong>plura</strong></span> <span class='ocrx_word' id='word_1_116' title='bbox 162 1132 344 1204; x_wconf 81' lang='lat' dir='ltr'><strong>promittunt,</strong></span> <span class='ocrx_word' id='word_1_117' title='bbox 365 1138 393 1188; x_wconf 93' lang='lat' dir='ltr'><strong>et</strong></span> <span class='ocrx_word' id='word_1_118' title='bbox 406 1149 497 1204; x_wconf 88' lang='lat' dir='ltr'><strong>pauca</strong></span> <span class='ocrx_word' id='word_1_119' title='bbox 515 1133 650 1202; x_wconf 84' lang='lat' dir='ltr'><strong>reddunt,</strong></span> <span class='ocrx_word' id='word_1_120' title='bbox 678 1140 704 1191; x_wconf 90' lang='lat' dir='ltr'><strong>el</strong></span> <span class='ocrx_word' id='word_1_121' title='bbox 729 1153 778 1192; x_wconf 89' lang='lat' dir='ltr'><strong>eos</strong></span> <span class='ocrx_word' id='word_1_122' title='bbox 805 1137 911 1209; x_wconf 85' lang='lat' dir='ltr'><strong>quibos</strong></span> <span class='ocrx_word' id='word_1_123' title='bbox 964 1147 1053 1203; x_wconf 80' lang='lat' dir='ltr'><strong>condo</strong></span> <span class='ocrx_word' id='word_1_124' title='bbox 1068 1139 1175 1214; x_wconf 74' lang='lat' dir='ltr'><strong>quierit</strong></span> <span class='ocrx_word' id='word_1_125' title='bbox 1190 1135 1354 1191; x_wconf 89' lang='lat' dir='ltr'><strong>auditorum</strong></span> <span class='ocrx_word' id='word_1_126' title='bbox 1371 1134 1506 1188; x_wconf 82' lang='lat' dir='ltr'><strong>levorem.</strong></span> <span class='ocrx_word' id='word_1_127' title='bbox 1530 1133 1626 1189; x_wconf 80' lang='lat' dir='ltr'><strong>Sancti</strong></span> <span class='ocrx_word' id='word_1_128' title='bbox 1636 1150 1702 1188; x_wconf 85' lang='lat' dir='ltr'><strong>vcro</strong></span> <span class='ocrx_word' id='word_1_129' title='bbox 1716 1134 1813 1190; x_wconf 92' lang='lat' dir='ltr'><strong>docto·</strong></span> 
     </span>
     <span class='ocr_line' id='line_1_11' title="bbox 62 1220 1812 1306; baseline -0.009 -13"><span class='ocrx_word' id='word_1_130' title='bbox 62 1220 231 1276; x_wconf 62' lang='lat' dir='ltr'><strong>¹1¹⁰¹¹¹i⁰¹¹d⁰</strong></span> <span class='ocrx_word' id='word_1_131' title='bbox 246 1221 428 1293; x_wconf 63' lang='lat' dir='ltr'><strong>Pfflffliilutll·</strong></span> <span class='ocrx_word' id='word_1_132' title='bbox 439 1221 573 1277; x_wconf 65' lang='lat' dir='ltr'><strong>inimicos</strong></span> <span class='ocrx_word' id='word_1_133' title='bbox 587 1222 641 1279; x_wconf 67' lang='lat' dir='ltr'><strong>sibi</strong></span> <span class='ocrx_word' id='word_1_134' title='bbox 659 1224 777 1280; x_wconf 61' lang='lat' dir='ltr'><strong>faciunt·</strong></span> <span class='ocrx_word' id='word_1_135' title='bbox 963 1252 1009 1290; x_wconf 88' lang='lat' dir='ltr'><strong>res</strong></span> <span class='ocrx_word' id='word_1_136' title='bbox 1019 1230 1229 1306; x_wconf 89' lang='lat' dir='ltr'><strong>jucunditatem</strong></span> <span class='ocrx_word' id='word_1_137' title='bbox 1254 1222 1399 1279; x_wconf 89' lang='lat' dir='ltr'><strong>locutione</strong></span> <span class='ocrx_word' id='word_1_138' title='bbox 1421 1221 1461 1276; x_wconf 91' lang='lat' dir='ltr'><strong>sic</strong></span> <span class='ocrx_word' id='word_1_139' title='bbox 1488 1221 1685 1276; x_wconf 78' lang='lat' dir='ltr'><strong>intermiscent</strong></span> <span class='ocrx_word' id='word_1_140' title='bbox 1707 1222 1812 1293; x_wconf 74' lang='lat' dir='ltr'><strong>praedi·</strong></span> 
     </span>
    </p>

    <p class='ocr_par' dir='ltr' id='par_1_5' title="bbox 60 1308 1809 1909">
     <span class='ocr_line' id='line_1_12' title="bbox 102 1308 1658 1388; baseline -0.01 -11"><span class='ocrx_word' id='word_1_141' title='bbox 102 1309 194 1364; x_wconf 67' lang='lat' dir='ltr'><strong>Vm·</strong></span> <span class='ocrx_word' id='word_1_142' title='bbox 212 1310 257 1363; x_wconf 65' lang='grc' dir='ltr'><strong>Ἢ·</strong></span> <span class='ocrx_word' id='word_1_143' title='bbox 271 1339 306 1349; x_wconf 88' lang='grc'><strong>-</strong></span> <span class='ocrx_word' id='word_1_144' title='bbox 320 1311 412 1365; x_wconf 58' lang='grc' dir='ltr'><strong>Ρθῐῑθΐ</strong></span> <span class='ocrx_word' id='word_1_145' title='bbox 425 1311 483 1377; x_wconf 62' lang='grc' dir='ltr'><strong>Μ·</strong></span> <span class='ocrx_word' id='word_1_146' title='bbox 501 1311 564 1365; x_wconf 75' lang='lat' dir='ltr'>N⁰¹¹</span> <span class='ocrx_word' id='word_1_147' title='bbox 587 1317 703 1366; x_wconf 64' lang='lat' dir='ltr'><strong>0¹⁰¹¹⁸⁸t</strong></span> <span class='ocrx_word' id='word_1_148' title='bbox 725 1312 831 1381; x_wconf 63' lang='lat' dir='ltr'><strong>furem,</strong></span> <span class='ocrx_word' id='word_1_149' title='bbox 859 1312 910 1369; x_wconf 68' lang='grc' dir='ltr'><strong>8θᾶ</strong></span> <span class='ocrx_word' id='word_1_150' title='bbox 964 1320 1081 1388; x_wconf 85' lang='lat' dir='ltr'><strong>cationi,</strong></span> <span class='ocrx_word' id='word_1_151' title='bbox 1097 1322 1199 1373; x_wconf 85' lang='lat' dir='ltr'><strong>rrtnon</strong></span> <span class='ocrx_word' id='word_1_152' title='bbox 1214 1311 1348 1367; x_wconf 88' lang='lat' dir='ltr'><strong>recedant</strong></span> <span class='ocrx_word' id='word_1_153' title='bbox 1362 1326 1378 1364; x_wconf 89' lang='lat' dir='ltr'><strong>a</strong></span> <span class='ocrx_word' id='word_1_154' title='bbox 1392 1309 1507 1364; x_wconf 77' lang='lat' dir='ltr'><strong>tramite</strong></span> <span class='ocrx_word' id='word_1_155' title='bbox 1522 1308 1658 1363; x_wconf 82' lang='lat' dir='ltr'><strong>veritatis.</strong></span> 
     </span>
     <span class='ocr_line' id='line_1_13' title="bbox 63 1395 1809 1469; baseline -0.001 -16"><span class='ocrx_word' id='word_1_156' title='bbox 63 1398 126 1469; x_wconf 83' lang='lat' dir='ltr'><strong>ejus</strong></span> <span class='ocrx_word' id='word_1_157' title='bbox 136 1396 351 1468; x_wconf 87' lang='lat' dir='ltr'><strong>comparatione</strong></span> <span class='ocrx_word' id='word_1_158' title='bbox 366 1396 498 1468; x_wconf 76' lang='lat' dir='ltr'><strong>ingravat</strong></span> <span class='ocrx_word' id='word_1_159' title='bbox 515 1398 673 1454; x_wconf 89' lang='lat' dir='ltr'><strong>mentiendi</strong></span> <span class='ocrx_word' id='word_1_160' title='bbox 701 1400 907 1456; x_wconf 75' lang='lat' dir='ltr'><strong>assiduitatem.</strong></span> <span class='ocrx_word' id='word_1_161' title='bbox 999 1408 1140 1463; x_wconf 59' lang='lat' dir='ltr'><strong>vissae.</strong></span> <span class='ocrx_word' id='word_1_162' title='bbox 1156 1430 1192 1444; x_wconf 96' lang='lat'><em>-</em></span> <span class='ocrx_word' id='word_1_163' title='bbox 1208 1401 1258 1455; x_wconf 85' lang='lat' dir='ltr'><strong>Pes</strong></span> <span class='ocrx_word' id='word_1_164' title='bbox 1275 1399 1361 1465; x_wconf 74' lang='lat' dir='ltr'><strong>fatui,</strong></span> <span class='ocrx_word' id='word_1_165' title='bbox 1384 1401 1437 1451; x_wconf 90' lang='lat' dir='ltr'><strong>etc.</strong></span> <span class='ocrx_word' id='word_1_166' title='bbox 1466 1395 1539 1461; x_wconf 83' lang='lat' dir='ltr'><strong>Quia</strong></span> <span class='ocrx_word' id='word_1_167' title='bbox 1562 1396 1689 1452; x_wconf 75' lang='lat' dir='ltr'><strong>heretici</strong></span> <span class='ocrx_word' id='word_1_168' title='bbox 1708 1401 1809 1452; x_wconf 89' lang='lat' dir='ltr'><strong>auclo-</strong></span> 
     </span>
     <span class='ocr_line' id='line_1_14' title="bbox 63 1483 1808 1560; baseline 0.001 -20"><span class='ocrx_word' id='word_1_169' title='bbox 63 1485 178 1558; x_wconf 75' lang='lat' dir='ltr'><strong>llysttce</strong></span> <span class='ocrx_word' id='word_1_170' title='bbox 193 1489 292 1542; x_wconf 87' lang='lat' dir='ltr'><strong>autem</strong></span> <span class='ocrx_word' id='word_1_171' title='bbox 306 1485 393 1554; x_wconf 84' lang='lat' dir='ltr'><strong>iures,</strong></span> <span class='ocrx_word' id='word_1_172' title='bbox 410 1489 478 1541; x_wconf 89' lang='lat' dir='ltr'><strong>sunt</strong></span> <span class='ocrx_word' id='word_1_173' title='bbox 491 1485 593 1552; x_wconf 77' lang='lat' dir='ltr'><strong>ludaei,</strong></span> <span class='ocrx_word' id='word_1_174' title='bbox 609 1486 714 1559; x_wconf 91' lang='lat' dir='ltr'><strong>quibus</strong></span> <span class='ocrx_word' id='word_1_175' title='bbox 726 1488 840 1555; x_wconf 90' lang='lat' dir='ltr'><strong>dicitur,</strong></span> <span class='ocrx_word' id='word_1_176' title='bbox 856 1490 910 1560; x_wconf 76' lang='lat' dir='ltr'><strong>(lui</strong></span> <span class='ocrx_word' id='word_1_177' title='bbox 964 1513 1029 1553; x_wconf 79' lang='lat' dir='ltr'><strong>rum</strong></span> <span class='ocrx_word' id='word_1_178' title='bbox 1043 1508 1159 1549; x_wconf 91' lang='lat' dir='ltr'><strong>suorum</strong></span> <span class='ocrx_word' id='word_1_179' title='bbox 1174 1494 1281 1544; x_wconf 88' lang='lat' dir='ltr'><strong>sectam</strong></span> <span class='ocrx_word' id='word_1_180' title='bbox 1294 1486 1324 1541; x_wconf 92' lang='lat' dir='ltr'><strong>in</strong></span> <span class='ocrx_word' id='word_1_181' title='bbox 1339 1485 1483 1541; x_wconf 89' lang='lat' dir='ltr'><strong>domicilio</strong></span> <span class='ocrx_word' id='word_1_182' title='bbox 1496 1483 1668 1556; x_wconf 89' lang='lat' dir='ltr'><strong>scriptorum</strong></span> <span class='ocrx_word' id='word_1_183' title='bbox 1690 1502 1808 1541; x_wconf 91' lang='lat' dir='ltr'><strong>suorum</strong></span> 
     </span>
     <span class='ocr_line' id='line_1_15' title="bbox 62 1572 1383 1647; baseline -0.008 -7"><span class='ocrx_word' id='word_1_184' title='bbox 62 1572 439 1642; x_wconf 57' lang='grc' dir='ltr'><strong>ΜΜΜΜΜΜ,</strong></span> <span class='ocrx_word' id='word_1_185' title='bbox 460 1575 567 1640; x_wconf 59' lang='lat' dir='ltr'><strong>imm</strong></span> <span class='ocrx_word' id='word_1_186' title='bbox 592 1575 680 1646; x_wconf 64' lang='lat' dir='ltr'><strong>(ssmil-</strong></span> <span class='ocrx_word' id='word_1_187' title='bbox 704 1576 749 1647; x_wconf 85' lang='lat'><strong>¹¹)·</strong></span> <span class='ocrx_word' id='word_1_188' title='bbox 779 1575 909 1632; x_wconf 61' lang='lat' dir='ltr'><strong>flerefici</strong></span> <span class='ocrx_word' id='word_1_189' title='bbox 962 1585 1123 1641; x_wconf 79' lang='lat' dir='ltr'><strong>latitantem</strong></span> <span class='ocrx_word' id='word_1_190' title='bbox 1138 1577 1254 1634; x_wconf 87' lang='lat' dir='ltr'><strong>student</strong></span> <span class='ocrx_word' id='word_1_191' title='bbox 1264 1574 1383 1630; x_wconf 89' lang='lat' dir='ltr'><strong>imitari.</strong></span> 
     </span>
     <span class='ocr_line' id='line_1_16' title="bbox 60 1659 1809 1764; baseline 0.002 -50"><span class='ocrx_word' id='word_1_192' title='bbox 60 1677 130 1717; x_wconf 79' lang='lat' dir='ltr'><strong>vero</strong></span> <span class='ocrx_word' id='word_1_193' title='bbox 144 1661 297 1717; x_wconf 90' lang='lat' dir='ltr'><strong>mendaces</strong></span> <span class='ocrx_word' id='word_1_194' title='bbox 314 1661 364 1734; x_wconf 91' lang='lat' dir='ltr'><strong>qui</strong></span> <span class='ocrx_word' id='word_1_195' title='bbox 388 1663 502 1733; x_wconf 88' lang='lat' dir='ltr'><strong>pejores</strong></span> <span class='ocrx_word' id='word_1_196' title='bbox 523 1667 600 1731; x_wconf 88' lang='lat' dir='ltr'><strong>sunt,</strong></span> <span class='ocrx_word' id='word_1_197' title='bbox 625 1663 692 1735; x_wconf 85' lang='lat' dir='ltr'><strong>quia</strong></span> <span class='ocrx_word' id='word_1_198' title='bbox 717 1668 781 1736; x_wconf 91' lang='lat' dir='ltr'><strong>post</strong></span> <span class='ocrx_word' id='word_1_199' title='bbox 809 1681 944 1764; x_wconf 76' lang='lat' dir='ltr'><strong>parco·¹3</strong></span> <span class='ocrx_word' id='word_1_200' title='bbox 996 1671 1139 1728; x_wconf 55' lang='lat' dir='ltr'><strong>versuo.</strong></span> <span class='ocrx_word' id='word_1_201' title='bbox 1155 1695 1190 1706; x_wconf 92' lang='lat'>-</span> <span class='ocrx_word' id='word_1_202' title='bbox 1212 1664 1350 1722; x_wconf 86' lang='lat' dir='ltr'><strong>Stultusa</strong></span> <span class='ocrx_word' id='word_1_203' title='bbox 1373 1663 1503 1729; x_wconf 74' lang='lat' dir='ltr'><strong>{mostra</strong></span> <span class='ocrx_word' id='word_1_204' title='bbox 1519 1659 1583 1730; x_wconf 90' lang='lat' dir='ltr'><strong>(lo.)</strong></span> <span class='ocrx_word' id='word_1_205' title='bbox 1610 1661 1696 1716; x_wconf 84' lang='lat' dir='ltr'><strong>Notat</strong></span> <span class='ocrx_word' id='word_1_206' title='bbox 1713 1660 1809 1717; x_wconf 76' lang='lat' dir='ltr'><strong>heere·</strong></span> 
     </span>
     <span class='ocr_line' id='line_1_17' title="bbox 61 1748 1807 1821; baseline 0.001 -17"><span class='ocrx_word' id='word_1_207' title='bbox 61 1756 142 1821; x_wconf 89' lang='lat' dir='ltr'><strong>ptam</strong></span> <span class='ocrx_word' id='word_1_208' title='bbox 165 1749 303 1820; x_wconf 79' lang='lat' dir='ltr'><strong>baptismi</strong></span> <span class='ocrx_word' id='word_1_209' title='bbox 321 1749 444 1821; x_wconf 77' lang='lat' dir='ltr'><strong>gratiam</strong></span> <span class='ocrx_word' id='word_1_210' title='bbox 473 1750 508 1806; x_wconf 91' lang='lat' dir='ltr'><strong>ad</strong></span> <span class='ocrx_word' id='word_1_211' title='bbox 530 1751 671 1807; x_wconf 82' lang='lat' dir='ltr'><strong>vomitum</strong></span> <span class='ocrx_word' id='word_1_212' title='bbox 694 1752 851 1821; x_wconf 85' lang='lat' dir='ltr'><strong>redierunt,</strong></span> <span class='ocrx_word' id='word_1_213' title='bbox 880 1757 909 1809; x_wconf 87' lang='lat' dir='ltr'><strong>et</strong></span> <span class='ocrx_word' id='word_1_214' title='bbox 962 1761 1086 1817; x_wconf 88' lang='lat' dir='ltr'><strong>ticorum</strong></span> <span class='ocrx_word' id='word_1_215' title='bbox 1108 1752 1305 1817; x_wconf 82' lang='lat' dir='ltr'><strong>calliditatem,</strong></span> <span class='ocrx_word' id='word_1_216' title='bbox 1322 1755 1350 1805; x_wconf 86' lang='lat' dir='ltr'><strong>et</strong></span> <span class='ocrx_word' id='word_1_217' title='bbox 1364 1748 1568 1805; x_wconf 83' lang='lat' dir='ltr'><strong>catholicorum</strong></span> <span class='ocrx_word' id='word_1_218' title='bbox 1583 1748 1807 1820; x_wconf 88' lang='lat' dir='ltr'><strong>simplicitatem.</strong></span> 
     </span>
     <span class='ocr_line' id='line_1_18' title="bbox 61 1835 1807 1909; baseline -0.001 -15"><span class='ocrx_word' id='word_1_219' title='bbox 61 1837 180 1909; x_wconf 88' lang='lat' dir='ltr'><strong>Spiritui</strong></span> <span class='ocrx_word' id='word_1_220' title='bbox 193 1838 293 1909; x_wconf 75' lang='lat' dir='ltr'><strong>gratiae</strong></span> <span class='ocrx_word' id='word_1_221' title='bbox 309 1837 514 1893; x_wconf 90' lang='lat' dir='ltr'><strong>contumeliam</strong></span> <span class='ocrx_word' id='word_1_222' title='bbox 530 1838 666 1896; x_wconf 84' lang='lat' dir='ltr'><strong>iecerunt.</strong></span> <span class='ocrx_word' id='word_1_223' title='bbox 997 1849 1079 1903; x_wconf 57' lang='lat' dir='ltr'><strong>vaus.</strong></span> <span class='ocrx_word' id='word_1_224' title='bbox 1098 1847 1142 1901; x_wconf 79' lang='grc' dir='ltr'><strong>3ο.</strong></span> <span class='ocrx_word' id='word_1_225' title='bbox 1167 1871 1203 1884; x_wconf 88' lang='lat'><em>-</em></span> <span class='ocrx_word' id='word_1_226' title='bbox 1232 1842 1307 1895; x_wconf 85' lang='lat' dir='ltr'><strong>Dum</strong></span> <span class='ocrx_word' id='word_1_227' title='bbox 1326 1837 1474 1894; x_wconf 84' lang='lat' dir='ltr'><strong>maledicit.</strong></span> <span class='ocrx_word' id='word_1_228' title='bbox 1507 1835 1660 1907; x_wconf 84' lang='lat' dir='ltr'><strong>Nonquia</strong></span> <span class='ocrx_word' id='word_1_229' title='bbox 1688 1836 1807 1892; x_wconf 87' lang='lat' dir='ltr'><strong>maledi-</strong></span> 
     </span>
    </p>

    <p class='ocr_par' dir='ltr' id='par_1_6' title="bbox 57 1923 1809 2259">
     <span class='ocr_line' id='line_1_19' title="bbox 94 1923 1808 2003; baseline -0.001 -23"><span class='ocrx_word' id='word_1_230' title='bbox 94 1927 182 1983; x_wconf 75' lang='lat' dir='ltr'><strong>vrrs.</strong></span> <span class='ocrx_word' id='word_1_231' title='bbox 198 1926 463 1999; x_wconf 79' lang='lat' dir='ltr'><strong>aa-sopteam</strong></span> <span class='ocrx_word' id='word_1_232' title='bbox 488 1928 587 1994; x_wconf 60' lang='lat' dir='ltr'><strong>verbm</strong></span> <span class='ocrx_word' id='word_1_233' title='bbox 611 1936 664 1985; x_wconf 88' lang='lat' dir='ltr'><strong>etc.</strong></span> <span class='ocrx_word' id='word_1_234' title='bbox 693 1929 766 1995; x_wconf 87' lang='lat' dir='ltr'><strong>Quia</strong></span> <span class='ocrx_word' id='word_1_235' title='bbox 795 1930 908 2003; x_wconf 89' lang='lat' dir='ltr'><strong>sapien·</strong></span> <span class='ocrx_word' id='word_1_236' title='bbox 963 1940 1041 1991; x_wconf 91' lang='lat' dir='ltr'><strong>ctum</strong></span> <span class='ocrx_word' id='word_1_237' title='bbox 1060 1932 1130 1990; x_wconf 90' lang='lat' dir='ltr'><strong>dicit</strong></span> <span class='ocrx_word' id='word_1_238' title='bbox 1156 1927 1314 1993; x_wconf 88' lang='lat' dir='ltr'><strong>diabolum,</strong></span> <span class='ocrx_word' id='word_1_239' title='bbox 1343 1925 1394 1981; x_wconf 90' lang='lat' dir='ltr'><strong>sed</strong></span> <span class='ocrx_word' id='word_1_240' title='bbox 1416 1924 1486 1997; x_wconf 86' lang='lat' dir='ltr'><strong>quia</strong></span> <span class='ocrx_word' id='word_1_241' title='bbox 1512 1939 1598 1996; x_wconf 88' lang='lat' dir='ltr'><strong>quem</strong></span> <span class='ocrx_word' id='word_1_242' title='bbox 1625 1923 1808 1980; x_wconf 88' lang='lat' dir='ltr'><strong>meledictum</strong></span> 
     </span>
     <span class='ocr_line' id='line_1_20' title="bbox 57 2011 1809 2090; baseline 0.001 -23"><span class='ocrx_word' id='word_1_243' title='bbox 57 2014 130 2070; x_wconf 89' lang='lat' dir='ltr'><strong>tiam</strong></span> <span class='ocrx_word' id='word_1_244' title='bbox 146 2014 251 2070; x_wconf 91' lang='lat' dir='ltr'><strong>mentis</strong></span> <span class='ocrx_word' id='word_1_245' title='bbox 264 2015 441 2070; x_wconf 87' lang='lat' dir='ltr'><strong>demonstrat</strong></span> <span class='ocrx_word' id='word_1_246' title='bbox 456 2015 572 2071; x_wconf 88' lang='lat' dir='ltr'><strong>inbane</strong></span> <span class='ocrx_word' id='word_1_247' title='bbox 586 2015 669 2073; x_wconf 89' lang='lat' dir='ltr'><strong>dictis</strong></span> <span class='ocrx_word' id='word_1_248' title='bbox 684 2017 792 2087; x_wconf 87' lang='lat' dir='ltr'><strong>:unde‚</strong></span> <span class='ocrx_word' id='word_1_249' title='bbox 819 2022 908 2076; x_wconf 78' lang='lat' dir='ltr'><strong>bouus</strong></span> <span class='ocrx_word' id='word_1_250' title='bbox 960 2024 1050 2090; x_wconf 84' lang='lat' dir='ltr'><strong>novit,</strong></span> <span class='ocrx_word' id='word_1_251' title='bbox 1066 2037 1125 2077; x_wconf 91' lang='lat' dir='ltr'><strong>non</strong></span> <span class='ocrx_word' id='word_1_252' title='bbox 1137 2021 1228 2076; x_wconf 87' lang='lat' dir='ltr'><strong>cessat</strong></span> <span class='ocrx_word' id='word_1_253' title='bbox 1238 2015 1356 2071; x_wconf 87' lang='lat' dir='ltr'><strong>imitari.</strong></span> <span class='ocrx_word' id='word_1_254' title='bbox 1387 2015 1462 2069; x_wconf 87' lang='lat' dir='ltr'><strong>llum</strong></span> <span class='ocrx_word' id='word_1_255' title='bbox 1476 2011 1556 2068; x_wconf 90' lang='lat' dir='ltr'><strong>enim</strong></span> <span class='ocrx_word' id='word_1_256' title='bbox 1579 2013 1688 2068; x_wconf 85' lang='lat' dir='ltr'><strong>mavult</strong></span> <span class='ocrx_word' id='word_1_257' title='bbox 1714 2011 1809 2068; x_wconf 80' lang='lat' dir='ltr'><strong>diebo</strong></span> 
     </span>
     <span class='ocr_line' id='line_1_21' title="bbox 60 2101 1682 2178; baseline -0.011 -6"><span class='ocrx_word' id='word_1_258' title='bbox 60 2103 138 2157; x_wconf 63' lang='lat' dir='ltr'><em>W</em></span> <span class='ocrx_word' id='word_1_259' title='bbox 166 2101 199 2157; x_wconf 61' lang='grc' dir='ltr'><strong>ὅθ</strong></span> <span class='ocrx_word' id='word_1_260' title='bbox 227 2102 294 2157; x_wconf 60' lang='grc'><strong>110110</strong></span> <span class='ocrx_word' id='word_1_261' title='bbox 334 2103 461 2159; x_wconf 55' lang='lat' dir='ltr'><strong>imam</strong></span> <span class='ocrx_word' id='word_1_262' title='bbox 486 2104 576 2159; x_wconf 65' lang='lat' dir='ltr'><strong>⁰⁰&#39;dt&#39;8</strong></span> <span class='ocrx_word' id='word_1_263' title='bbox 603 2108 648 2160; x_wconf 57' lang='lat'><strong>⁸¹⁸5</strong></span> <span class='ocrx_word' id='word_1_264' title='bbox 682 2107 789 2175; x_wconf 63' lang='lat' dir='ltr'><strong>mim</strong></span> <span class='ocrx_word' id='word_1_265' title='bbox 811 2107 909 2164; x_wconf 80' lang='lat' dir='ltr'><strong>borma</strong></span> <span class='ocrx_word' id='word_1_266' title='bbox 961 2113 1022 2168; x_wconf 92' lang='lat' dir='ltr'><strong>lam</strong></span> <span class='ocrx_word' id='word_1_267' title='bbox 1036 2109 1156 2175; x_wconf 84' lang='lat' dir='ltr'><strong>imitari,</strong></span> <span class='ocrx_word' id='word_1_268' title='bbox 1168 2120 1256 2178; x_wconf 82' lang='lat' dir='ltr'><strong>quam</strong></span> <span class='ocrx_word' id='word_1_269' title='bbox 1270 2103 1426 2168; x_wconf 78' lang='lat' dir='ltr'><strong>Christum,</strong></span> <span class='ocrx_word' id='word_1_270' title='bbox 1439 2102 1505 2171; x_wconf 87' lang='lat' dir='ltr'><strong>jure</strong></span> <span class='ocrx_word' id='word_1_271' title='bbox 1520 2101 1682 2156; x_wconf 86' lang='lat' dir='ltr'><strong>damnatur.</strong></span> 
     </span>
     <span class='ocr_line' id='line_1_22' title="bbox 61 2188 1488 2259; baseline -0.003 -13"><span class='ocrx_word' id='word_1_272' title='bbox 61 2190 173 2259; x_wconf 67' lang='lat' dir='ltr'><strong>(liant.</strong></span> <span class='ocrx_word' id='word_1_273' title='bbox 188 2193 250 2258; x_wconf 76' lang='grc' dir='ltr'><strong>ιιι).</strong></span> <span class='ocrx_word' id='word_1_274' title='bbox 1280 2190 1396 2248; x_wconf 81' lang='lat' dir='ltr'>CAPUT</span> <span class='ocrx_word' id='word_1_275' title='bbox 1410 2188 1488 2244; x_wconf 84' lang='lat' dir='ltr'><strong>llllll.</strong></span> 
     </span>
    </p>

    <p class='ocr_par' dir='ltr' id='par_1_7' title="bbox 61 2275 1807 2533">
     <span class='ocr_line' id='line_1_23' title="bbox 97 2275 1805 2351; baseline -0.001 -20"><span class='ocrx_word' id='word_1_276' title='bbox 97 2279 181 2334; x_wconf 80' lang='lat' dir='ltr'><strong>Vsus.</strong></span> <span class='ocrx_word' id='word_1_277' title='bbox 205 2281 249 2335; x_wconf 79' lang='grc'><strong>31.</strong></span> <span class='ocrx_word' id='word_1_278' title='bbox 264 2308 301 2320; x_wconf 96' lang='grc'>-</span> <span class='ocrx_word' id='word_1_279' title='bbox 314 2281 457 2350; x_wconf 72' lang='lat' dir='ltr'><strong>sapienda</strong></span> <span class='ocrx_word' id='word_1_280' title='bbox 470 2280 610 2336; x_wconf 78' lang='lat' dir='ltr'><strong>absconso.</strong></span> <span class='ocrx_word' id='word_1_281' title='bbox 633 2280 716 2336; x_wconf 83' lang='lat' dir='ltr'><strong>Nulla</strong></span> <span class='ocrx_word' id='word_1_282' title='bbox 730 2284 773 2336; x_wconf 92' lang='lat' dir='ltr'><strong>est</strong></span> <span class='ocrx_word' id='word_1_283' title='bbox 799 2281 909 2337; x_wconf 83' lang='lat' dir='ltr'><strong>utililas</strong></span> <span class='ocrx_word' id='word_1_284' title='bbox 996 2289 1076 2343; x_wconf 77' lang='lat' dir='ltr'><strong>Vens.</strong></span> <span class='ocrx_word' id='word_1_285' title='bbox 1094 2290 1122 2342; x_wconf 93' lang='lat' dir='ltr'><strong>t.</strong></span> <span class='ocrx_word' id='word_1_286' title='bbox 1136 2312 1168 2326; x_wconf 90' lang='lat'><em>-</em></span> <span class='ocrx_word' id='word_1_287' title='bbox 1184 2284 1216 2338; x_wconf 86' lang='lat' dir='ltr'><strong>lu</strong></span> <span class='ocrx_word' id='word_1_288' title='bbox 1240 2279 1343 2351; x_wconf 82' lang='lat' dir='ltr'><strong>lapide,</strong></span> <span class='ocrx_word' id='word_1_289' title='bbox 1358 2281 1413 2333; x_wconf 89' lang='lat' dir='ltr'><strong>etc.</strong></span> <span class='ocrx_word' id='word_1_290' title='bbox 1435 2275 1531 2346; x_wconf 69' lang='lat' dir='ltr'><strong>tuas).</strong></span> <span class='ocrx_word' id='word_1_291' title='bbox 1561 2275 1683 2340; x_wconf 80' lang='lat' dir='ltr'><strong>Quando</strong></span> <span class='ocrx_word' id='word_1_292' title='bbox 1706 2291 1805 2348; x_wconf 82' lang='lat' dir='ltr'><strong>pecca-</strong></span> 
     </span>
     <span class='ocr_line' id='line_1_24' title="bbox 61 2363 1807 2440; baseline -0.002 -18"><span class='ocrx_word' id='word_1_293' title='bbox 61 2367 202 2432; x_wconf 81' lang='lat' dir='ltr'><strong>theseuri,</strong></span> <span class='ocrx_word' id='word_1_294' title='bbox 227 2367 279 2439; x_wconf 88' lang='lat' dir='ltr'><strong>qui</strong></span> <span class='ocrx_word' id='word_1_295' title='bbox 305 2368 489 2424; x_wconf 82' lang='lat' dir='ltr'><strong>absconditus</strong></span> <span class='ocrx_word' id='word_1_296' title='bbox 516 2374 560 2424; x_wconf 87' lang='lat' dir='ltr'><strong>est</strong></span> <span class='ocrx_word' id='word_1_297' title='bbox 573 2373 602 2425; x_wconf 93' lang='lat' dir='ltr'><strong>et</strong></span> <span class='ocrx_word' id='word_1_298' title='bbox 618 2385 677 2424; x_wconf 91' lang='lat' dir='ltr'><strong>non</strong></span> <span class='ocrx_word' id='word_1_299' title='bbox 692 2369 790 2438; x_wconf 82' lang='lat' dir='ltr'><strong>scitur,</strong></span> <span class='ocrx_word' id='word_1_300' title='bbox 807 2376 836 2425; x_wconf 90' lang='lat' dir='ltr'><strong>et</strong></span> <span class='ocrx_word' id='word_1_301' title='bbox 863 2388 908 2426; x_wconf 89' lang='lat' dir='ltr'><strong>sa·</strong></span> <span class='ocrx_word' id='word_1_302' title='bbox 960 2383 1057 2433; x_wconf 90' lang='lat' dir='ltr'><strong>torum</strong></span> <span class='ocrx_word' id='word_1_303' title='bbox 1082 2373 1161 2429; x_wconf 92' lang='lat' dir='ltr'><strong>duris</strong></span> <span class='ocrx_word' id='word_1_304' title='bbox 1190 2369 1403 2440; x_wconf 82' lang='lat' dir='ltr'><strong>scripturarum</strong></span> <span class='ocrx_word' id='word_1_305' title='bbox 1417 2363 1565 2420; x_wconf 83' lang='lat' dir='ltr'><strong>sententiis</strong></span> <span class='ocrx_word' id='word_1_306' title='bbox 1590 2363 1714 2432; x_wconf 82' lang='lat' dir='ltr'><strong>loedites,</strong></span> <span class='ocrx_word' id='word_1_307' title='bbox 1743 2368 1807 2426; x_wconf 87' lang='lat' dir='ltr'><strong>etc..</strong></span> 
     </span>
     <span class='ocr_line' id='line_1_25' title="bbox 61 2452 1610 2533; baseline -0.004 -23"><span class='ocrx_word' id='word_1_308' title='bbox 61 2455 179 2526; x_wconf 79' lang='lat' dir='ltr'><strong>pientise</strong></span> <span class='ocrx_word' id='word_1_309' title='bbox 194 2455 256 2511; x_wconf 91' lang='lat' dir='ltr'><strong>sine</strong></span> <span class='ocrx_word' id='word_1_310' title='bbox 271 2455 443 2512; x_wconf 79' lang='lat' dir='ltr'><strong>discretione</strong></span> <span class='ocrx_word' id='word_1_311' title='bbox 459 2454 613 2512; x_wconf 75' lang='lat' dir='ltr'><strong>absconsas.</strong></span> <span class='ocrx_word' id='word_1_312' title='bbox 960 2480 1045 2533; x_wconf 78' lang='lat' dir='ltr'><strong>mque</strong></span> <span class='ocrx_word' id='word_1_313' title='bbox 1056 2461 1121 2517; x_wconf 86' lang='lat' dir='ltr'><strong>ada</strong></span> <span class='ocrx_word' id='word_1_314' title='bbox 1134 2455 1372 2530; x_wconf 71' lang='lat' dir='ltr'><strong>predicatoribus</strong></span> <span class='ocrx_word' id='word_1_315' title='bbox 1387 2452 1610 2525; x_wconf 59' lang='lat' dir='ltr'><strong>improperatur.</strong></span> 
     </span>
    </p>

    <p class='ocr_par' dir='ltr' id='par_1_8' title="bbox 385 2537 1808 2610">
     <span class='ocr_line' id='line_1_26' title="bbox 385 2537 1808 2610; baseline -0.004 -11"><span class='ocrx_word' id='word_1_316' title='bbox 385 2544 499 2600; x_wconf 80' lang='lat' dir='ltr'>CAPUT</span> <span class='ocrx_word' id='word_1_317' title='bbox 516 2545 582 2602; x_wconf 82' lang='lat' dir='ltr'><strong>xxl.</strong></span> <span class='ocrx_word' id='word_1_318' title='bbox 996 2553 1085 2607; x_wconf 82' lang='lat' dir='ltr'><strong>Vnus.</strong></span> <span class='ocrx_word' id='word_1_319' title='bbox 1119 2551 1145 2603; x_wconf 88' lang='grc'><strong>6.</strong></span> <span class='ocrx_word' id='word_1_320' title='bbox 1169 2577 1204 2587; x_wconf 94' lang='grc'><strong>-</strong></span> <span class='ocrx_word' id='word_1_321' title='bbox 1230 2545 1344 2600; x_wconf 84' lang='lat' dir='ltr'><strong>llusica.</strong></span> <span class='ocrx_word' id='word_1_322' title='bbox 1371 2542 1424 2597; x_wconf 80' lang='lat' dir='ltr'><strong>Eos</strong></span> <span class='ocrx_word' id='word_1_323' title='bbox 1443 2543 1532 2607; x_wconf 83' lang='lat' dir='ltr'><strong>notat,</strong></span> <span class='ocrx_word' id='word_1_324' title='bbox 1553 2539 1603 2610; x_wconf 81' lang='lat' dir='ltr'><strong>qui</strong></span> <span class='ocrx_word' id='word_1_325' title='bbox 1629 2537 1659 2594; x_wconf 93' lang='lat' dir='ltr'><strong>in</strong></span> <span class='ocrx_word' id='word_1_326' title='bbox 1684 2538 1808 2594; x_wconf 81' lang='lat' dir='ltr'><strong>Ecclesia</strong></span> 
     </span>
    </p>

    <p class='ocr_par' dir='ltr' id='par_1_9' title="bbox 60 2626 1807 2800">
     <span class='ocr_line' id='line_1_27' title="bbox 112 2626 1807 2712; baseline -0.003 -25"><span class='ocrx_word' id='word_1_327' title='bbox 112 2633 198 2689; x_wconf 75' lang='lat' dir='ltr'><strong>vans.</strong></span> <span class='ocrx_word' id='word_1_328' title='bbox 221 2635 246 2687; x_wconf 93' lang='grc'><strong>1.</strong></span> <span class='ocrx_word' id='word_1_329' title='bbox 270 2662 304 2673; x_wconf 98' lang='grc'>-</span> <span class='ocrx_word' id='word_1_330' title='bbox 322 2633 388 2699; x_wconf 75' lang='lat' dir='ltr'><strong>riti,</strong></span> <span class='ocrx_word' id='word_1_331' title='bbox 401 2635 530 2702; x_wconf 64' lang='lat' dir='ltr'><strong>morasti</strong></span> <span class='ocrx_word' id='word_1_332' title='bbox 552 2639 605 2688; x_wconf 87' lang='lat' dir='ltr'><strong>eto.</strong></span> <span class='ocrx_word' id='word_1_333' title='bbox 626 2634 721 2700; x_wconf 72' lang='lat' dir='ltr'><strong>(aas.)</strong></span> <span class='ocrx_word' id='word_1_334' title='bbox 747 2633 906 2690; x_wconf 79' lang='lat' dir='ltr'><strong>Consilium</strong></span> <span class='ocrx_word' id='word_1_335' title='bbox 959 2640 1092 2712; x_wconf 82' lang='lat' dir='ltr'><strong>plausum</strong></span> <span class='ocrx_word' id='word_1_336' title='bbox 1107 2634 1206 2706; x_wconf 89' lang='lat' dir='ltr'><strong>populi</strong></span> <span class='ocrx_word' id='word_1_337' title='bbox 1222 2637 1250 2688; x_wconf 89' lang='lat' dir='ltr'><strong>et</strong></span> <span class='ocrx_word' id='word_1_338' title='bbox 1261 2631 1543 2700; x_wconf 77' lang='lat' dir='ltr'><strong>furoremqueerunt,</strong></span> <span class='ocrx_word' id='word_1_339' title='bbox 1554 2642 1607 2682; x_wconf 87' lang='lat' dir='ltr'><strong>nec</strong></span> <span class='ocrx_word' id='word_1_340' title='bbox 1622 2626 1714 2700; x_wconf 78' lang='lat' dir='ltr'><strong>magis</strong></span> <span class='ocrx_word' id='word_1_341' title='bbox 1728 2642 1807 2682; x_wconf 92' lang='lat' dir='ltr'><strong>com·</strong></span> 
     </span>
     <span class='ocr_line' id='line_1_28' title="bbox 60 2716 1498 2800; baseline -0.003 -25"><span class='ocrx_word' id='word_1_342' title='bbox 60 2719 196 2790; x_wconf 88' lang='lat' dir='ltr'><strong>det,cum</strong></span> <span class='ocrx_word' id='word_1_343' title='bbox 213 2735 366 2792; x_wconf 89' lang='lat' dir='ltr'><strong>peccamus</strong></span> <span class='ocrx_word' id='word_1_344' title='bbox 381 2736 388 2775; x_wconf 92' lang='lat'><strong>:</strong></span> <span class='ocrx_word' id='word_1_345' title='bbox 404 2721 521 2776; x_wconf 82' lang='lat' dir='ltr'><strong>Nou&#39;eat</strong></span> <span class='ocrx_word' id='word_1_346' title='bbox 534 2722 608 2775; x_wconf 84' lang='lat' dir='ltr'><strong>caim</strong></span> <span class='ocrx_word' id='word_1_347' title='bbox 626 2722 675 2791; x_wconf 81' lang='lat' dir='ltr'><strong>qui</strong></span> <span class='ocrx_word' id='word_1_348' title='bbox 687 2722 776 2789; x_wconf 71' lang='lat' dir='ltr'><strong>saciat</strong></span> <span class='ocrx_word' id='word_1_349' title='bbox 798 2722 905 2790; x_wconf 81' lang='lat' dir='ltr'><strong>donum,</strong></span> <span class='ocrx_word' id='word_1_350' title='bbox 959 2725 1147 2800; x_wconf 84' lang='lat' dir='ltr'><strong>punctionem</strong></span> <span class='ocrx_word' id='word_1_351' title='bbox 1162 2723 1354 2792; x_wconf 82' lang='lat' dir='ltr'><strong>lacrymarum</strong></span> <span class='ocrx_word' id='word_1_352' title='bbox 1366 2716 1498 2772; x_wconf 80' lang='lat' dir='ltr'><strong>excitant.</strong></span> 
     </span>
    </p>

    <p class='ocr_par' dir='ltr' id='par_1_10' title="bbox 58 2803 1806 2878">
     <span class='ocr_line' id='line_1_29' title="bbox 58 2803 1806 2878; baseline -0.002 -18"><span class='ocrx_word' id='word_1_353' title='bbox 58 2809 85 2860; x_wconf 86' lang='lat' dir='ltr'><strong>et</strong></span> <span class='ocrx_word' id='word_1_354' title='bbox 103 2805 372 2876; x_wconf 77' lang='lat' dir='ltr'><strong>sompeccctOEccle.</strong></span> <span class='ocrx_word' id='word_1_355' title='bbox 396 2809 506 2873; x_wconf 83' lang='lat' dir='ltr'><strong>vu)‚na</strong></span> <span class='ocrx_word' id='word_1_356' title='bbox 530 2805 636 2862; x_wconf 88' lang='lat' dir='ltr'><strong>iterum</strong></span> <span class='ocrx_word' id='word_1_357' title='bbox 662 2822 829 2878; x_wconf 78' lang='lat' dir='ltr'><strong>peccemus3</strong></span> <span class='ocrx_word' id='word_1_358' title='bbox 856 2808 907 2863; x_wconf 92' lang='lat' dir='ltr'><strong>sed</strong></span> <span class='ocrx_word' id='word_1_359' title='bbox 998 2816 1081 2869; x_wconf 65' lang='lat' dir='ltr'><strong>vous.</strong></span> <span class='ocrx_word' id='word_1_360' title='bbox 1097 2808 1452 2877; x_wconf 75' lang='lat' dir='ltr'><strong>7.-Quidocettotuum.</strong></span> <span class='ocrx_word' id='word_1_361' title='bbox 1482 2804 1567 2858; x_wconf 84' lang='lat' dir='ltr'><strong>Testa</strong></span> <span class='ocrx_word' id='word_1_362' title='bbox 1594 2803 1685 2859; x_wconf 93' lang='lat' dir='ltr'><strong>multo</strong></span> <span class='ocrx_word' id='word_1_363' title='bbox 1708 2803 1806 2859; x_wconf 87' lang='lat' dir='ltr'><strong>labore</strong></span> 
     </span>
    </p>

    <p class='ocr_par' dir='ltr' id='par_1_11' title="bbox 58 2891 1804 2971">
     <span class='ocr_line' id='line_1_30' title="bbox 58 2891 1804 2971; baseline -0.007 -12"><span class='ocrx_word' id='word_1_364' title='bbox 58 2892 95 2947; x_wconf 74' lang='lat'><strong>‘1⁰</strong></span> <span class='ocrx_word' id='word_1_365' title='bbox 107 2892 262 2964; x_wconf 72' lang='lat' dir='ltr'><strong>preteritis</strong></span> <span class='ocrx_word' id='word_1_366' title='bbox 283 2891 482 2963; x_wconf 65' lang='lat' dir='ltr'><strong>Pfflflilessfissm</strong></span> <span class='ocrx_word' id='word_1_367' title='bbox 506 2908 637 2964; x_wconf 59' lang='lat' dir='ltr'><strong>mmm,</strong></span> <span class='ocrx_word' id='word_1_368' title='bbox 666 2895 852 2965; x_wconf 62' lang='lat' dir='ltr'><strong>deprecantes</strong></span> <span class='ocrx_word' id='word_1_369' title='bbox 872 2902 906 2951; x_wconf 69' lang='lat'><strong>11²</strong></span> <span class='ocrx_word' id='word_1_370' title='bbox 961 2903 1090 2959; x_wconf 84' lang='lat' dir='ltr'><strong>conlecta</strong></span> <span class='ocrx_word' id='word_1_371' title='bbox 1103 2898 1289 2971; x_wconf 75' lang='lat' dir='ltr'><strong>fragilitatem</strong></span> <span class='ocrx_word' id='word_1_372' title='bbox 1302 2910 1384 2950; x_wconf 91' lang='lat' dir='ltr'><strong>suam</strong></span> <span class='ocrx_word' id='word_1_373' title='bbox 1397 2908 1456 2949; x_wconf 95' lang='lat' dir='ltr'><strong>non</strong></span> <span class='ocrx_word' id='word_1_374' title='bbox 1470 2891 1573 2947; x_wconf 83' lang='lat' dir='ltr'><strong>eradit.</strong></span> <span class='ocrx_word' id='word_1_375' title='bbox 1602 2893 1708 2948; x_wconf 70' lang='lat' dir='ltr'><strong>fatuas</strong></span> <span class='ocrx_word' id='word_1_376' title='bbox 1733 2907 1804 2963; x_wconf 86' lang='lat' dir='ltr'><strong>quo·</strong></span> 
     </span>
    </p>

    <p class='ocr_par' dir='ltr' id='par_1_12' title="bbox 57 2979 1806 3065">
     <span class='ocr_line' id='line_1_31' title="bbox 57 2979 1806 3065; baseline -0.006 -19"><span class='ocrx_word' id='word_1_377' title='bbox 57 2980 143 3036; x_wconf 67' lang='lat' dir='ltr'><strong>¹¹⁰1&gt;ss</strong></span> <span class='ocrx_word' id='word_1_378' title='bbox 157 2980 349 3036; x_wconf 51' lang='lat' dir='ltr'><strong>dimituntur·</strong></span> <span class='ocrx_word' id='word_1_379' title='bbox 918 2980 939 3035; x_wconf 78' lang='lat' dir='ltr'>C</span> <span class='ocrx_word' id='word_1_380' title='bbox 958 3007 1014 3065; x_wconf 87' lang='lat' dir='ltr'><strong>qua</strong></span> <span class='ocrx_word' id='word_1_381' title='bbox 1029 2987 1160 3062; x_wconf 87' lang='lat' dir='ltr'><strong>quamvis</strong></span> <span class='ocrx_word' id='word_1_382' title='bbox 1184 2984 1308 3041; x_wconf 92' lang='lat' dir='ltr'><strong>sollicite</strong></span> <span class='ocrx_word' id='word_1_383' title='bbox 1336 2981 1495 3046; x_wconf 83' lang='lat' dir='ltr'><strong>erudietur,</strong></span> <span class='ocrx_word' id='word_1_384' title='bbox 1526 2979 1574 3034; x_wconf 81' lang='lat' dir='ltr'><strong>rix</strong></span> <span class='ocrx_word' id='word_1_385' title='bbox 1588 2979 1624 3035; x_wconf 90' lang='lat' dir='ltr'><strong>ad</strong></span> <span class='ocrx_word' id='word_1_386' title='bbox 1651 2980 1806 3051; x_wconf 81' lang='lat' dir='ltr'><strong>perfectio·</strong></span> 
     </span>
    </p>

    <p class='ocr_par' dir='ltr' id='par_1_13' title="bbox 19 3068 1806 3230">
     <span class='ocr_line' id='line_1_32' title="bbox 93 3068 1212 3150; baseline 0.004 -27"><span class='ocrx_word' id='word_1_387' title='bbox 93 3071 174 3125; x_wconf 79' lang='lat' dir='ltr'><strong>Vns.</strong></span> <span class='ocrx_word' id='word_1_388' title='bbox 190 3070 217 3124; x_wconf 76' lang='lat'><strong>2.</strong></span> <span class='ocrx_word' id='word_1_389' title='bbox 235 3098 266 3112; x_wconf 94' lang='lat'><em>-</em></span> <span class='ocrx_word' id='word_1_390' title='bbox 284 3068 402 3126; x_wconf 78' lang='lat' dir='ltr'><strong>colubri.</strong></span> <span class='ocrx_word' id='word_1_391' title='bbox 420 3068 483 3141; x_wconf 90' lang='lat' dir='ltr'><strong>(lo.)</strong></span> <span class='ocrx_word' id='word_1_392' title='bbox 503 3068 614 3124; x_wconf 83' lang='lat' dir='ltr'><strong>lliaboli</strong></span> <span class='ocrx_word' id='word_1_393' title='bbox 641 3070 692 3141; x_wconf 86' lang='lat' dir='ltr'><strong>qui</strong></span> <span class='ocrx_word' id='word_1_394' title='bbox 720 3087 834 3142; x_wconf 87' lang='lat' dir='ltr'><strong>semper</strong></span> <span class='ocrx_word' id='word_1_395' title='bbox 856 3089 903 3128; x_wconf 89' lang='lat' dir='ltr'><strong>co·</strong></span> <span class='ocrx_word' id='word_1_396' title='bbox 958 3095 1024 3134; x_wconf 90' lang='lat' dir='ltr'><strong>nem</strong></span> <span class='ocrx_word' id='word_1_397' title='bbox 1035 3075 1212 3150; x_wconf 85' lang='lat' dir='ltr'><strong>perducitur.</strong></span> 
     </span>
     <span class='ocr_line' id='line_1_33' title="bbox 19 3150 1806 3230; baseline -0.001 -18"><span class='ocrx_word' id='word_1_398' title='bbox 19 3150 23 3155; x_wconf 54' lang='lat'><strong>⁴</strong></span> <span class='ocrx_word' id='word_1_399' title='bbox 57 3155 92 3212; x_wconf 91' lang='lat' dir='ltr'><strong>lit</strong></span> <span class='ocrx_word' id='word_1_400' title='bbox 100 3156 218 3212; x_wconf 85' lang='lat' dir='ltr'><strong>umbras</strong></span> <span class='ocrx_word' id='word_1_401' title='bbox 235 3156 351 3228; x_wconf 87' lang='lat' dir='ltr'><strong>peceati,</strong></span> <span class='ocrx_word' id='word_1_402' title='bbox 366 3161 395 3211; x_wconf 92' lang='lat' dir='ltr'><strong>et</strong></span> <span class='ocrx_word' id='word_1_403' title='bbox 410 3157 551 3228; x_wconf 76' lang='lat' dir='ltr'><strong>regnetin</strong></span> <span class='ocrx_word' id='word_1_404' title='bbox 561 3157 629 3213; x_wconf 90' lang='lat' dir='ltr'><strong>liliis</strong></span> <span class='ocrx_word' id='word_1_405' title='bbox 647 3160 842 3216; x_wconf 87' lang='lat' dir='ltr'><strong>tenebrarum.</strong></span> <span class='ocrx_word' id='word_1_406' title='bbox 993 3167 1074 3221; x_wconf 81' lang='lat' dir='ltr'><strong>Vens.</strong></span> <span class='ocrx_word' id='word_1_407' title='bbox 1091 3168 1134 3220; x_wconf 86' lang='lat' dir='ltr'><strong>ttl.</strong></span> <span class='ocrx_word' id='word_1_408' title='bbox 1151 3192 1185 3204; x_wconf 93' lang='lat'>-</span> <span class='ocrx_word' id='word_1_409' title='bbox 1199 3163 1294 3230; x_wconf 86' lang='lat' dir='ltr'><strong>supra</strong></span> <span class='ocrx_word' id='word_1_410' title='bbox 1306 3164 1455 3214; x_wconf 87' lang='lat' dir='ltr'><strong>mortuum.</strong></span> <span class='ocrx_word' id='word_1_411' title='bbox 1479 3157 1540 3222; x_wconf 90' lang='lat' dir='ltr'><strong>(lo.)</strong></span> <span class='ocrx_word' id='word_1_412' title='bbox 1552 3154 1651 3211; x_wconf 79' lang='lat' dir='ltr'><strong>Allata</strong></span> <span class='ocrx_word' id='word_1_413' title='bbox 1663 3161 1707 3210; x_wconf 93' lang='lat' dir='ltr'><strong>est</strong></span> <span class='ocrx_word' id='word_1_414' title='bbox 1728 3171 1806 3211; x_wconf 92' lang='lat' dir='ltr'><strong>mors</strong></span> 
     </span>
    </p>

    <p class='ocr_par' dir='ltr' id='par_1_14' title="bbox 57 3242 1802 3406">
     <span class='ocr_line' id='line_1_34' title="bbox 93 3242 1802 3325; baseline -0.001 -27"><span class='ocrx_word' id='word_1_415' title='bbox 93 3245 173 3301; x_wconf 82' lang='lat' dir='ltr'><strong>Vns.</strong></span> <span class='ocrx_word' id='word_1_416' title='bbox 190 3247 216 3300; x_wconf 84' lang='grc'><strong>3.</strong></span> <span class='ocrx_word' id='word_1_417' title='bbox 232 3272 267 3287; x_wconf 91' lang='grc'>-</span> <span class='ocrx_word' id='word_1_418' title='bbox 300 3247 391 3300; x_wconf 68' lang='lat' dir='ltr'><strong>mutes</strong></span> <span class='ocrx_word' id='word_1_419' title='bbox 406 3245 500 3312; x_wconf 67' lang='lat' dir='ltr'><strong>leonia</strong></span> <span class='ocrx_word' id='word_1_420' title='bbox 519 3249 572 3301; x_wconf 93' lang='lat' dir='ltr'><strong>etc.</strong></span> <span class='ocrx_word' id='word_1_421' title='bbox 601 3245 785 3304; x_wconf 78' lang='lat' dir='ltr'><strong>Adversarius</strong></span> <span class='ocrx_word' id='word_1_422' title='bbox 813 3253 904 3305; x_wconf 88' lang='lat' dir='ltr'><strong>aosler</strong></span> <span class='ocrx_word' id='word_1_423' title='bbox 957 3253 1097 3325; x_wconf 85' lang='lat' dir='ltr'><strong>corporis,</strong></span> <span class='ocrx_word' id='word_1_424' title='bbox 1122 3256 1188 3316; x_wconf 84' lang='lat' dir='ltr'><strong>eta,</strong></span> <span class='ocrx_word' id='word_1_425' title='bbox 1211 3264 1297 3317; x_wconf 80' lang='lat' dir='ltr'><strong>usque</strong></span> <span class='ocrx_word' id='word_1_426' title='bbox 1317 3246 1354 3302; x_wconf 88' lang='lat' dir='ltr'><strong>ad</strong></span> <span class='ocrx_word' id='word_1_427' title='bbox 1382 3260 1459 3299; x_wconf 84' lang='lat' dir='ltr'><strong>mom</strong></span> <span class='ocrx_word' id='word_1_428' title='bbox 1479 3242 1710 3314; x_wconf 85' lang='lat' dir='ltr'><strong>enimcorporis‚</strong></span> <span class='ocrx_word' id='word_1_429' title='bbox 1737 3243 1802 3297; x_wconf 86' lang='lat' dir='ltr'><strong>linis</strong></span> 
     </span>
     <span class='ocr_line' id='line_1_35' title="bbox 57 3333 1226 3406; baseline 0.007 -18"><span class='ocrx_word' id='word_1_430' title='bbox 57 3333 184 3389; x_wconf 80' lang='lat' dir='ltr'><strong>diadolus</strong></span> <span class='ocrx_word' id='word_1_431' title='bbox 199 3337 329 3403; x_wconf 79' lang='lat' dir='ltr'><strong>tuaquom</strong></span> <span class='ocrx_word' id='word_1_432' title='bbox 345 3334 385 3388; x_wconf 66' lang='lat' dir='ltr'><strong>ko</strong></span> <span class='ocrx_word' id='word_1_433' title='bbox 402 3335 524 3400; x_wconf 80' lang='lat' dir='ltr'><strong>rapiens,</strong></span> <span class='ocrx_word' id='word_1_434' title='bbox 552 3335 649 3389; x_wconf 77' lang='lat' dir='ltr'><strong>circuit</strong></span> <span class='ocrx_word' id='word_1_435' title='bbox 676 3351 798 3405; x_wconf 76' lang='lat' dir='ltr'><strong>quarem</strong></span> <span class='ocrx_word' id='word_1_436' title='bbox 826 3352 903 3406; x_wconf 80' lang='lat' dir='ltr'><strong>quere</strong></span> <span class='ocrx_word' id='word_1_437' title='bbox 957 3341 1065 3397; x_wconf 89' lang='lat' dir='ltr'><strong>laboris</strong></span> <span class='ocrx_word' id='word_1_438' title='bbox 1078 3337 1226 3394; x_wconf 80' lang='lat' dir='ltr'><strong>mundani.</strong></span> 
     </span>
    </p>

    <p class='ocr_par' dir='ltr' id='par_1_15' title="bbox 56 3416 1803 3490">
     <span class='ocr_line' id='line_1_36' title="bbox 56 3416 1803 3490; baseline -0.012 1"><span class='ocrx_word' id='word_1_439' title='bbox 56 3422 164 3478; x_wconf 53' lang='lat' dir='ltr'><strong>‘¹⁶⁰⁰‘st</strong></span> <span class='ocrx_word' id='word_1_440' title='bbox 179 3423 200 3490; x_wconf 73' lang='grc'><strong>11</strong></span> <span class='ocrx_word' id='word_1_441' title='bbox 213 3424 287 3478; x_wconf 62' lang='lat' dir='ltr'><strong>Pil?-</strong></span> <span class='ocrx_word' id='word_1_442' title='bbox 298 3425 336 3489; x_wconf 86' lang='lat' dir='ltr'><strong>r).</strong></span> <span class='ocrx_word' id='word_1_443' title='bbox 992 3428 1073 3483; x_wconf 80' lang='lat' dir='ltr'><strong>Vnus.</strong></span> <span class='ocrx_word' id='word_1_444' title='bbox 1092 3427 1133 3481; x_wconf 79' lang='lat' dir='ltr'><strong>m.</strong></span> <span class='ocrx_word' id='word_1_445' title='bbox 1149 3454 1186 3467; x_wconf 96' lang='lat'>-</span> <span class='ocrx_word' id='word_1_446' title='bbox 1201 3425 1273 3478; x_wconf 79' lang='lat' dir='ltr'><strong>Cum</strong></span> <span class='ocrx_word' id='word_1_447' title='bbox 1295 3421 1388 3477; x_wconf 88' lang='lat' dir='ltr'><strong>stulto.</strong></span> <span class='ocrx_word' id='word_1_448' title='bbox 1407 3419 1471 3488; x_wconf 91' lang='lat' dir='ltr'><strong>(ln.)</strong></span> <span class='ocrx_word' id='word_1_449' title='bbox 1503 3420 1589 3473; x_wconf 85' lang='lat' dir='ltr'><strong>Docet</strong></span> <span class='ocrx_word' id='word_1_450' title='bbox 1616 3432 1680 3471; x_wconf 92' lang='lat' dir='ltr'><strong>cum</strong></span> <span class='ocrx_word' id='word_1_451' title='bbox 1710 3416 1803 3470; x_wconf 91' lang='lat' dir='ltr'><strong>stultis</strong></span> 
     </span>
    </p>

    <p class='ocr_par' dir='ltr' id='par_1_16' title="bbox 53 3502 1803 3761">
     <span class='ocr_line' id='line_1_37' title="bbox 93 3502 1801 3585; baseline -0.003 -22"><span class='ocrx_word' id='word_1_452' title='bbox 93 3508 175 3564; x_wconf 81' lang='lat' dir='ltr'><strong>Vens.</strong></span> <span class='ocrx_word' id='word_1_453' title='bbox 190 3510 440 3583; x_wconf 80' lang='lat' dir='ltr'><strong>5.-·Oljurpatio</strong></span> <span class='ocrx_word' id='word_1_454' title='bbox 460 3514 487 3567; x_wconf 86' lang='lat' dir='ltr'><strong>et</strong></span> <span class='ocrx_word' id='word_1_455' title='bbox 510 3511 631 3580; x_wconf 77' lang='lat' dir='ltr'><strong>iujuriae,</strong></span> <span class='ocrx_word' id='word_1_456' title='bbox 660 3516 714 3567; x_wconf 90' lang='lat' dir='ltr'><strong>eto.</strong></span> <span class='ocrx_word' id='word_1_457' title='bbox 738 3512 800 3585; x_wconf 86' lang='lat' dir='ltr'><strong>(la.)</strong></span> <span class='ocrx_word' id='word_1_458' title='bbox 828 3513 903 3569; x_wconf 87' lang='lat' dir='ltr'><strong>Con·</strong></span> <span class='ocrx_word' id='word_1_459' title='bbox 957 3531 1121 3571; x_wconf 84' lang='lat' dir='ltr'><strong>sermonem</strong></span> <span class='ocrx_word' id='word_1_460' title='bbox 1137 3527 1195 3567; x_wconf 91' lang='lat' dir='ltr'><strong>non</strong></span> <span class='ocrx_word' id='word_1_461' title='bbox 1210 3526 1271 3566; x_wconf 91' lang='lat' dir='ltr'><strong>esse</strong></span> <span class='ocrx_word' id='word_1_462' title='bbox 1298 3506 1538 3580; x_wconf 87' lang='lat' dir='ltr'><strong>protrahendum,</strong></span> <span class='ocrx_word' id='word_1_463' title='bbox 1567 3509 1718 3574; x_wconf 70' lang='lat' dir='ltr'><strong>clamque</strong></span> <span class='ocrx_word' id='word_1_464' title='bbox 1740 3502 1801 3558; x_wconf 84' lang='lat' dir='ltr'><strong>ad:</strong></span> 
     </span>
     <span class='ocr_line' id='line_1_38' title="bbox 55 3592 1803 3673; baseline -0.003 -21"><span class='ocrx_word' id='word_1_465' title='bbox 55 3597 156 3653; x_wconf 87' lang='lat' dir='ltr'><strong>cordia</strong></span> <span class='ocrx_word' id='word_1_466' title='bbox 168 3597 296 3653; x_wconf 78' lang='lat' dir='ltr'><strong>minimae</strong></span> <span class='ocrx_word' id='word_1_467' title='bbox 310 3613 356 3653; x_wconf 87' lang='lat' dir='ltr'><strong>res</strong></span> <span class='ocrx_word' id='word_1_468' title='bbox 370 3604 509 3661; x_wconf 87' lang='lat' dir='ltr'><strong>crescunt.</strong></span> <span class='ocrx_word' id='word_1_469' title='bbox 526 3603 593 3663; x_wconf 76' lang='lat' dir='ltr'><strong>etc..</strong></span> <span class='ocrx_word' id='word_1_470' title='bbox 608 3614 693 3669; x_wconf 83' lang='lat' dir='ltr'><strong>usque</strong></span> <span class='ocrx_word' id='word_1_471' title='bbox 706 3599 746 3657; x_wconf 89' lang='lat' dir='ltr'><strong>ad</strong></span> <span class='ocrx_word' id='word_1_472' title='bbox 760 3601 829 3673; x_wconf 87' lang='lat' dir='ltr'><strong>quie</strong></span> <span class='ocrx_word' id='word_1_473' title='bbox 854 3617 903 3657; x_wconf 86' lang='lat' dir='ltr'><strong>ve·</strong></span> <span class='ocrx_word' id='word_1_474' title='bbox 958 3607 1013 3672; x_wconf 82' lang='lat' dir='ltr'><strong>Qm·</strong></span> <span class='ocrx_word' id='word_1_475' title='bbox 1030 3607 1102 3659; x_wconf 80' lang='lat' dir='ltr'><strong>mim</strong></span> <span class='ocrx_word' id='word_1_476' title='bbox 1123 3603 1229 3658; x_wconf 75' lang='lat' dir='ltr'><strong>dicerit</strong></span> <span class='ocrx_word' id='word_1_477' title='bbox 1245 3600 1271 3654; x_wconf 85' lang='lat' dir='ltr'><strong>ei</strong></span> <span class='ocrx_word' id='word_1_478' title='bbox 1299 3613 1358 3662; x_wconf 86' lang='lat' dir='ltr'><strong>aue,</strong></span> <span class='ocrx_word' id='word_1_479' title='bbox 1385 3597 1564 3651; x_wconf 80' lang='lat' dir='ltr'><strong>communicat</strong></span> <span class='ocrx_word' id='word_1_480' title='bbox 1590 3593 1650 3663; x_wconf 82' lang='lat' dir='ltr'><strong>ejus</strong></span> <span class='ocrx_word' id='word_1_481' title='bbox 1678 3592 1803 3662; x_wconf 82' lang='lat' dir='ltr'><strong>operibus</strong></span> 
     </span>
     <span class='ocr_line' id='line_1_39' title="bbox 53 3685 1281 3761; baseline 0.006 -21"><span class='ocrx_word' id='word_1_482' title='bbox 53 3685 170 3741; x_wconf 83' lang='lat' dir='ltr'><strong>ritatem</strong></span> <span class='ocrx_word' id='word_1_483' title='bbox 189 3685 257 3742; x_wconf 83' lang='lat' dir='ltr'><strong>fidei</strong></span> <span class='ocrx_word' id='word_1_484' title='bbox 271 3690 300 3742; x_wconf 92' lang='lat' dir='ltr'><strong>et</strong></span> <span class='ocrx_word' id='word_1_485' title='bbox 313 3686 456 3742; x_wconf 82' lang='lat' dir='ltr'><strong>unitatem</strong></span> <span class='ocrx_word' id='word_1_486' title='bbox 471 3687 549 3758; x_wconf 85' lang='lat' dir='ltr'><strong>pacis</strong></span> <span class='ocrx_word' id='word_1_487' title='bbox 567 3688 761 3744; x_wconf 86' lang='lat' dir='ltr'><strong>abominatur.</strong></span> <span class='ocrx_word' id='word_1_488' title='bbox 956 3693 1086 3761; x_wconf 77' lang='lat' dir='ltr'><strong>metipsis</strong></span> <span class='ocrx_word' id='word_1_489' title='bbox 1102 3690 1140 3760; x_wconf 87' lang='lat' dir='ltr'><strong>(lt</strong></span> <span class='ocrx_word' id='word_1_490' title='bbox 1152 3690 1237 3744; x_wconf 77' lang='lat' dir='ltr'><strong>Joara.</strong></span> <span class='ocrx_word' id='word_1_491' title='bbox 1255 3687 1281 3755; x_wconf 82' lang='lat' dir='ltr'><strong>r).</strong></span> 
     </span>
    </p>

    <p class='ocr_par' dir='ltr' id='par_1_17' title="bbox 55 3767 1801 3935">
     <span class='ocr_line' id='line_1_40' title="bbox 90 3767 1800 3847; baseline 0.002 -18"><span class='ocrx_word' id='word_1_492' title='bbox 90 3773 176 3830; x_wconf 79' lang='lat' dir='ltr'><strong>Vnus.</strong></span> <span class='ocrx_word' id='word_1_493' title='bbox 197 3775 224 3830; x_wconf 83' lang='lat' dir='ltr'><strong>d.</strong></span> <span class='ocrx_word' id='word_1_494' title='bbox 243 3803 278 3816; x_wconf 95' lang='lat'>-</span> <span class='ocrx_word' id='word_1_495' title='bbox 295 3776 453 3845; x_wconf 81' lang='lat' dir='ltr'><strong>Deprecaiio</strong></span> <span class='ocrx_word' id='word_1_496' title='bbox 465 3777 608 3846; x_wconf 76' lang='lat' dir='ltr'><strong>puerperis,</strong></span> <span class='ocrx_word' id='word_1_497' title='bbox 623 3779 676 3830; x_wconf 91' lang='lat' dir='ltr'><strong>etc.</strong></span> <span class='ocrx_word' id='word_1_498' title='bbox 695 3776 769 3841; x_wconf 80' lang='lat' dir='ltr'><strong>Quia</strong></span> <span class='ocrx_word' id='word_1_499' title='bbox 789 3777 903 3847; x_wconf 89' lang='lat' dir='ltr'><strong>judica·</strong></span> <span class='ocrx_word' id='word_1_500' title='bbox 992 3780 1074 3834; x_wconf 80' lang='lat' dir='ltr'><strong>Vens.</strong></span> <span class='ocrx_word' id='word_1_501' title='bbox 1090 3782 1136 3833; x_wconf 78' lang='lat' dir='ltr'><strong>tr.</strong></span> <span class='ocrx_word' id='word_1_502' title='bbox 1155 3805 1191 3816; x_wconf 90' lang='lat'>-</span> <span class='ocrx_word' id='word_1_503' title='bbox 1209 3776 1297 3844; x_wconf 80' lang='lat' dir='ltr'><strong>Super</strong></span> <span class='ocrx_word' id='word_1_504' title='bbox 1306 3770 1457 3842; x_wconf 77' lang='lat' dir='ltr'><strong>plumbum·</strong></span> <span class='ocrx_word' id='word_1_505' title='bbox 1484 3769 1552 3823; x_wconf 76' lang='lat' dir='ltr'><strong>Hinc</strong></span> <span class='ocrx_word' id='word_1_506' title='bbox 1579 3767 1713 3822; x_wconf 66' lang='lat' dir='ltr'><strong>&amp;tamon</strong></span> <span class='ocrx_word' id='word_1_507' title='bbox 1738 3767 1800 3822; x_wconf 64' lang='lat' dir='ltr'><strong>aii:</strong></span> 
     </span>
     <span class='ocr_line' id='line_1_41' title="bbox 55 3855 1801 3935; baseline -0.011 -5"><span class='ocrx_word' id='word_1_508' title='bbox 55 3859 98 3916; x_wconf 62' lang='lat' dir='ltr'><strong>bit</strong></span> <span class='ocrx_word' id='word_1_509' title='bbox 111 3861 186 3916; x_wconf 75' lang='lat'><strong>⁰⁰⁰⁵</strong></span> <span class='ocrx_word' id='word_1_510' title='bbox 197 3860 313 3934; x_wconf 86' lang='lat' dir='ltr'><strong>impios,</strong></span> <span class='ocrx_word' id='word_1_511' title='bbox 325 3863 376 3933; x_wconf 74' lang='lat' dir='ltr'><strong>qui</strong></span> <span class='ocrx_word' id='word_1_512' title='bbox 385 3862 520 3935; x_wconf 63' lang='lat' dir='ltr'><strong>*filistini</strong></span> <span class='ocrx_word' id='word_1_513' title='bbox 529 3868 651 3920; x_wconf 66' lang='grc'><strong>81110101.</strong></span> <span class='ocrx_word' id='word_1_514' title='bbox 957 3871 1049 3925; x_wconf 83' lang='lat' dir='ltr'><strong>Graue</strong></span> <span class='ocrx_word' id='word_1_515' title='bbox 1062 3870 1101 3922; x_wconf 85' lang='lat' dir='ltr'><strong>est</strong></span> <span class='ocrx_word' id='word_1_516' title='bbox 1112 3879 1210 3920; x_wconf 80' lang='lat' dir='ltr'><strong>aarum</strong></span> <span class='ocrx_word' id='word_1_517' title='bbox 1221 3867 1247 3917; x_wconf 88' lang='lat' dir='ltr'><strong>et</strong></span> <span class='ocrx_word' id='word_1_518' title='bbox 1260 3873 1373 3916; x_wconf 82' lang='lat' dir='ltr'><strong>onerosa</strong></span> <span class='ocrx_word' id='word_1_519' title='bbox 1392 3873 1487 3921; x_wconf 85' lang='lat' dir='ltr'><strong>arena,</strong></span> <span class='ocrx_word' id='word_1_520' title='bbox 1503 3855 1550 3912; x_wconf 83' lang='lat' dir='ltr'><strong>sed</strong></span> <span class='ocrx_word' id='word_1_521' title='bbox 1567 3858 1612 3909; x_wconf 89' lang='lat' dir='ltr'><strong>ire</strong></span> <span class='ocrx_word' id='word_1_522' title='bbox 1625 3856 1705 3911; x_wconf 83' lang='lat' dir='ltr'><strong>stulti</strong></span> <span class='ocrx_word' id='word_1_523' title='bbox 1725 3859 1801 3910; x_wconf 82' lang='lat' dir='ltr'><strong>utro·</strong></span> 
     </span>
    </p>

    <p class='ocr_par' dir='ltr' id='par_1_18' title="bbox 55 3941 1803 4200">
     <span class='ocr_line' id='line_1_42' title="bbox 90 3941 1803 4028; baseline -0.003 -27"><span class='ocrx_word' id='word_1_524' title='bbox 90 3949 175 4004; x_wconf 82' lang='lat' dir='ltr'><strong>Vsus.</strong></span> <span class='ocrx_word' id='word_1_525' title='bbox 199 3954 225 4005; x_wconf 89' lang='grc'><strong>7.</strong></span> <span class='ocrx_word' id='word_1_526' title='bbox 248 3979 284 3990; x_wconf 90' lang='grc'><strong>-</strong></span> <span class='ocrx_word' id='word_1_527' title='bbox 311 3951 522 4021; x_wconf 69' lang='lat' dir='ltr'><strong>eorreptionem.</strong></span> <span class='ocrx_word' id='word_1_528' title='bbox 554 3951 584 4007; x_wconf 95' lang='lat' dir='ltr'><strong>ld</strong></span> <span class='ocrx_word' id='word_1_529' title='bbox 612 3956 666 4021; x_wconf 87' lang='lat' dir='ltr'><strong>est,</strong></span> <span class='ocrx_word' id='word_1_530' title='bbox 688 3951 831 4023; x_wconf 88' lang='lat' dir='ltr'><strong>judicium</strong></span> <span class='ocrx_word' id='word_1_531' title='bbox 858 3952 903 4007; x_wconf 92' lang='lat' dir='ltr'><strong>sui</strong></span> <span class='ocrx_word' id='word_1_532' title='bbox 957 3972 1008 4028; x_wconf 85' lang='lat' dir='ltr'><strong>que</strong></span> <span class='ocrx_word' id='word_1_533' title='bbox 1030 3956 1144 4025; x_wconf 81' lang='lat' dir='ltr'><strong>pravior</strong></span> <span class='ocrx_word' id='word_1_534' title='bbox 1171 3950 1260 4022; x_wconf 84' lang='lat' dir='ltr'><strong>(Prou.</strong></span> <span class='ocrx_word' id='word_1_535' title='bbox 1288 3947 1385 4016; x_wconf 80' lang='lat' dir='ltr'><strong>xxvu).</strong></span> <span class='ocrx_word' id='word_1_536' title='bbox 1416 3944 1500 4015; x_wconf 72' lang='lat' dir='ltr'><strong>Peius</strong></span> <span class='ocrx_word' id='word_1_537' title='bbox 1526 3947 1624 4014; x_wconf 89' lang='lat' dir='ltr'><strong>peccat</strong></span> <span class='ocrx_word' id='word_1_538' title='bbox 1651 3941 1803 3998; x_wconf 75' lang='lat' dir='ltr'><strong>haereticus</strong></span> 
     </span>
     <span class='ocr_line' id='line_1_43' title="bbox 55 4029 1803 4116; baseline -0.005 -24"><span class='ocrx_word' id='word_1_539' title='bbox 55 4037 257 4110; x_wconf 66' lang='lat' dir='ltr'><strong>peccationis</strong></span> <span class='ocrx_word' id='word_1_540' title='bbox 277 4044 403 4095; x_wconf 86' lang='lat' dir='ltr'><strong>mentem</strong></span> <span class='ocrx_word' id='word_1_541' title='bbox 430 4056 512 4095; x_wconf 89' lang='lat' dir='ltr'><strong>suam</strong></span> <span class='ocrx_word' id='word_1_542' title='bbox 527 4039 672 4095; x_wconf 82' lang='lat' dir='ltr'><strong>induravit</strong></span> <span class='ocrx_word' id='word_1_543' title='bbox 689 4056 744 4107; x_wconf 88' lang='lat' dir='ltr'><strong>‚ne</strong></span> <span class='ocrx_word' id='word_1_544' title='bbox 773 4040 905 4097; x_wconf 85' lang='lat' dir='ltr'><strong>obediret</strong></span> <span class='ocrx_word' id='word_1_545' title='bbox 957 4060 1045 4116; x_wconf 64' lang='lat' dir='ltr'><strong>mam</strong></span> <span class='ocrx_word' id='word_1_546' title='bbox 1073 4040 1236 4105; x_wconf 83' lang='lat' dir='ltr'><strong>catholicus,</strong></span> <span class='ocrx_word' id='word_1_547' title='bbox 1264 4036 1294 4092; x_wconf 95' lang='lat' dir='ltr'><strong>in</strong></span> <span class='ocrx_word' id='word_1_548' title='bbox 1326 4031 1510 4088; x_wconf 90' lang='lat' dir='ltr'><strong>multitudiue</strong></span> <span class='ocrx_word' id='word_1_549' title='bbox 1538 4032 1694 4086; x_wconf 90' lang='lat' dir='ltr'><strong>multorum</strong></span> <span class='ocrx_word' id='word_1_550' title='bbox 1715 4029 1803 4084; x_wconf 82' lang='lat' dir='ltr'><strong>malo</strong></span> 
     </span>
     <span class='ocr_line' id='line_1_44' title="bbox 55 4115 1802 4200; baseline -0.012 -8"><span class='ocrx_word' id='word_1_551' title='bbox 55 4125 181 4181; x_wconf 62' lang='lat' dir='ltr'><strong>mimi·</strong></span> <span class='ocrx_word' id='word_1_552' title='bbox 957 4149 1037 4196; x_wconf 71' lang='lat' dir='ltr'><strong>rum:</strong></span> <span class='ocrx_word' id='word_1_553' title='bbox 1054 4130 1099 4185; x_wconf 84' lang='lat' dir='ltr'><strong>rel</strong></span> <span class='ocrx_word' id='word_1_554' title='bbox 1113 4126 1301 4200; x_wconf 90' lang='lat' dir='ltr'><strong>philosophus</strong></span> <span class='ocrx_word' id='word_1_555' title='bbox 1312 4122 1363 4195; x_wconf 87' lang='lat' dir='ltr'><strong>qui</strong></span> <span class='ocrx_word' id='word_1_556' title='bbox 1376 4122 1504 4176; x_wconf 86' lang='lat' dir='ltr'><strong>bumana</strong></span> <span class='ocrx_word' id='word_1_557' title='bbox 1519 4119 1621 4174; x_wconf 90' lang='lat' dir='ltr'><strong>nititur</strong></span> <span class='ocrx_word' id='word_1_558' title='bbox 1646 4115 1802 4189; x_wconf 87' lang='lat' dir='ltr'><strong>sepientia;</strong></span> 
     </span>
    </p>

    <p class='ocr_par' dir='ltr' id='par_1_19' title="bbox 55 4204 1803 4460">
     <span class='ocr_line' id='line_1_45' title="bbox 92 4204 1802 4307; baseline -0.005 -41"><span class='ocrx_word' id='word_1_559' title='bbox 92 4213 173 4268; x_wconf 80' lang='lat' dir='ltr'><strong>Vnus.</strong></span> <span class='ocrx_word' id='word_1_560' title='bbox 191 4216 218 4268; x_wconf 88' lang='lat'><strong>8.</strong></span> <span class='ocrx_word' id='word_1_561' title='bbox 232 4242 269 4254; x_wconf 97' lang='lat'>-</span> <span class='ocrx_word' id='word_1_562' title='bbox 286 4215 370 4271; x_wconf 85' lang='lat' dir='ltr'><strong>Notus</strong></span> <span class='ocrx_word' id='word_1_563' title='bbox 385 4230 404 4270; x_wconf 93' lang='lat' dir='ltr'><strong>a</strong></span> <span class='ocrx_word' id='word_1_564' title='bbox 424 4215 510 4284; x_wconf 80' lang='lat' dir='ltr'><strong>loape.</strong></span> <span class='ocrx_word' id='word_1_565' title='bbox 540 4215 735 4271; x_wconf 87' lang='lat' dir='ltr'><strong>llaniieetatur</strong></span> <span class='ocrx_word' id='word_1_566' title='bbox 761 4231 936 4307; x_wconf 72' lang='lat' dir='ltr'><strong>pressum-D</strong></span> <span class='ocrx_word' id='word_1_567' title='bbox 956 4219 1001 4275; x_wconf 79' lang='lat' dir='ltr'><strong>vel</strong></span> <span class='ocrx_word' id='word_1_568' title='bbox 1017 4213 1207 4289; x_wconf 80' lang='lat' dir='ltr'><strong>gentilis‚qui</strong></span> <span class='ocrx_word' id='word_1_569' title='bbox 1226 4227 1285 4267; x_wconf 93' lang='lat' dir='ltr'><strong>non</strong></span> <span class='ocrx_word' id='word_1_570' title='bbox 1299 4208 1429 4282; x_wconf 81' lang='lat' dir='ltr'><strong>pervenit</strong></span> <span class='ocrx_word' id='word_1_571' title='bbox 1447 4206 1481 4262; x_wconf 86' lang='lat' dir='ltr'><strong>ad</strong></span> <span class='ocrx_word' id='word_1_572' title='bbox 1498 4207 1595 4273; x_wconf 83' lang='lat' dir='ltr'><strong>iidem,</strong></span> <span class='ocrx_word' id='word_1_573' title='bbox 1609 4210 1638 4260; x_wconf 89' lang='lat' dir='ltr'><strong>et</strong></span> <span class='ocrx_word' id='word_1_574' title='bbox 1662 4204 1802 4275; x_wconf 75' lang='lat' dir='ltr'><strong>ignoran-</strong></span> 
     </span>
     <span class='ocr_line' id='line_1_46' title="bbox 55 4294 1803 4377; baseline -0.005 -22"><span class='ocrx_word' id='word_1_575' title='bbox 55 4299 302 4371; x_wconf 83' lang='lat' dir='ltr'><strong>ptiohtereticein</strong></span> <span class='ocrx_word' id='word_1_576' title='bbox 317 4302 416 4373; x_wconf 78' lang='lat' dir='ltr'><strong>lingua</strong></span> <span class='ocrx_word' id='word_1_577' title='bbox 430 4303 594 4369; x_wconf 88' lang='lat' dir='ltr'><strong>temeraria,</strong></span> <span class='ocrx_word' id='word_1_578' title='bbox 609 4319 674 4375; x_wconf 83' lang='lat' dir='ltr'><strong>quae</strong></span> <span class='ocrx_word' id='word_1_579' title='bbox 696 4303 827 4376; x_wconf 88' lang='lat' dir='ltr'><strong>loquitur</strong></span> <span class='ocrx_word' id='word_1_580' title='bbox 853 4305 902 4360; x_wconf 86' lang='lat' dir='ltr'><strong>ed·</strong></span> <span class='ocrx_word' id='word_1_581' title='bbox 954 4313 998 4363; x_wconf 88' lang='lat' dir='ltr'><strong>ter</strong></span> <span class='ocrx_word' id='word_1_582' title='bbox 1012 4308 1130 4377; x_wconf 89' lang='lat' dir='ltr'><strong>peccat:</strong></span> <span class='ocrx_word' id='word_1_583' title='bbox 1156 4301 1357 4367; x_wconf 65' lang='lat' dir='ltr'><strong>undescota</strong></span> <span class='ocrx_word' id='word_1_584' title='bbox 1383 4296 1461 4351; x_wconf 90' lang='lat' dir='ltr'><strong>enim</strong></span> <span class='ocrx_word' id='word_1_585' title='bbox 1486 4296 1535 4364; x_wconf 82' lang='lat' dir='ltr'><strong>qui</strong></span> <span class='ocrx_word' id='word_1_586' title='bbox 1559 4296 1611 4349; x_wconf 83' lang='lat' dir='ltr'><strong>scil</strong></span> <span class='ocrx_word' id='word_1_587' title='bbox 1638 4294 1803 4348; x_wconf 80' lang='lat' dir='ltr'><strong>uoluntatem</strong></span> 
     </span>
     <span class='ocr_line' id='line_1_47' title="bbox 55 4382 1800 4460; baseline -0.003 -19"><span class='ocrx_word' id='word_1_588' title='bbox 55 4403 155 4442; x_wconf 82' lang='lat' dir='ltr'><strong>versus</strong></span> <span class='ocrx_word' id='word_1_589' title='bbox 171 4387 261 4444; x_wconf 81' lang='lat' dir='ltr'><strong>Deum</strong></span> <span class='ocrx_word' id='word_1_590' title='bbox 274 4387 466 4460; x_wconf 82' lang='lat' dir='ltr'><strong>iniquitatem.</strong></span> <span class='ocrx_word' id='word_1_591' title='bbox 957 4396 1065 4452; x_wconf 79' lang='lat' dir='ltr'><strong>domim</strong></span> <span class='ocrx_word' id='word_1_592' title='bbox 1074 4394 1132 4454; x_wconf 87' lang='lat' dir='ltr'><strong>sui,</strong></span> <span class='ocrx_word' id='word_1_593' title='bbox 1145 4395 1171 4445; x_wconf 94' lang='lat' dir='ltr'><strong>et</strong></span> <span class='ocrx_word' id='word_1_594' title='bbox 1183 4403 1238 4444; x_wconf 79' lang='lat' dir='ltr'><strong>riou</strong></span> <span class='ocrx_word' id='word_1_595' title='bbox 1248 4389 1319 4455; x_wconf 76' lang='lat' dir='ltr'><strong>tacit</strong></span> <span class='ocrx_word' id='word_1_596' title='bbox 1334 4402 1341 4440; x_wconf 77' lang='grc' dir='ltr'><strong><em>ε</em></strong></span> <span class='ocrx_word' id='word_1_597' title='bbox 1358 4384 1501 4454; x_wconf 83' lang='lat' dir='ltr'><strong>vapulabit</strong></span> <span class='ocrx_word' id='word_1_598' title='bbox 1520 4383 1613 4437; x_wconf 89' lang='lat' dir='ltr'><strong>mullis</strong></span> <span class='ocrx_word' id='word_1_599' title='bbox 1641 4382 1716 4452; x_wconf 81' lang='lat' dir='ltr'><strong>(Luc.</strong></span> <span class='ocrx_word' id='word_1_600' title='bbox 1740 4383 1800 4450; x_wconf 81' lang='lat' dir='ltr'><strong>ru).</strong></span> 
     </span>
    </p>

    <p class='ocr_par' dir='ltr' id='par_1_20' title="bbox 52 4473 1804 5079">
     <span class='ocr_line' id='line_1_48' title="bbox 92 4473 1358 4549; baseline 0 -20"><span class='ocrx_word' id='word_1_601' title='bbox 92 4476 209 4531; x_wconf 68' lang='lat' dir='ltr'><strong>Vnam</strong></span> <span class='ocrx_word' id='word_1_602' title='bbox 238 4504 273 4518; x_wconf 94' lang='lat'>-</span> <span class='ocrx_word' id='word_1_603' title='bbox 295 4477 347 4544; x_wconf 83' lang='lat' dir='ltr'><strong>Qui</strong></span> <span class='ocrx_word' id='word_1_604' title='bbox 361 4476 479 4548; x_wconf 68' lang='lat' dir='ltr'><strong>edificat</strong></span> <span class='ocrx_word' id='word_1_605' title='bbox 503 4478 622 4545; x_wconf 86' lang='lat' dir='ltr'><strong>domum,</strong></span> <span class='ocrx_word' id='word_1_606' title='bbox 648 4484 703 4534; x_wconf 89' lang='lat' dir='ltr'><strong>etc.</strong></span> <span class='ocrx_word' id='word_1_607' title='bbox 731 4480 901 4535; x_wconf 77' lang='lat' dir='ltr'><strong>Hareticum</strong></span> <span class='ocrx_word' id='word_1_608' title='bbox 956 4482 1116 4549; x_wconf 86' lang='lat' dir='ltr'><strong>Quiautem</strong></span> <span class='ocrx_word' id='word_1_609' title='bbox 1132 4477 1233 4542; x_wconf 84' lang='lat' dir='ltr'><strong>nescit,</strong></span> <span class='ocrx_word' id='word_1_610' title='bbox 1249 4473 1358 4547; x_wconf 86' lang='lat' dir='ltr'><strong>paucis.</strong></span> 
     </span>
     <span class='ocr_line' id='line_1_49' title="bbox 54 4555 1801 4638; baseline -0.004 -19"><span class='ocrx_word' id='word_1_611' title='bbox 54 4562 209 4635; x_wconf 74' lang='lat' dir='ltr'><strong>significat,</strong></span> <span class='ocrx_word' id='word_1_612' title='bbox 222 4564 272 4637; x_wconf 88' lang='lat' dir='ltr'><strong>qui</strong></span> <span class='ocrx_word' id='word_1_613' title='bbox 295 4564 451 4637; x_wconf 78' lang='lat' dir='ltr'><strong>Scriptura</strong></span> <span class='ocrx_word' id='word_1_614' title='bbox 463 4567 629 4622; x_wconf 89' lang='lat' dir='ltr'><strong>testimonie</strong></span> <span class='ocrx_word' id='word_1_615' title='bbox 655 4583 673 4621; x_wconf 90' lang='lat' dir='ltr'><strong>a</strong></span> <span class='ocrx_word' id='word_1_616' title='bbox 699 4583 787 4638; x_wconf 86' lang='lat' dir='ltr'><strong>pravo</strong></span> <span class='ocrx_word' id='word_1_617' title='bbox 816 4584 902 4622; x_wconf 90' lang='lat' dir='ltr'><strong>sensu</strong></span> <span class='ocrx_word' id='word_1_618' title='bbox 991 4572 1073 4626; x_wconf 79' lang='lat' dir='ltr'><strong>liras.</strong></span> <span class='ocrx_word' id='word_1_619' title='bbox 1091 4571 1133 4625; x_wconf 86' lang='lat' dir='ltr'><strong>la.</strong></span> <span class='ocrx_word' id='word_1_620' title='bbox 1159 4595 1193 4606; x_wconf 92' lang='lat'><em>-</em></span> <span class='ocrx_word' id='word_1_621' title='bbox 1215 4566 1416 4621; x_wconf 79' lang='lat' dir='ltr'><strong>loramentum.</strong></span> <span class='ocrx_word' id='word_1_622' title='bbox 1447 4559 1538 4631; x_wconf 72' lang='lat' dir='ltr'><strong>ligna</strong></span> <span class='ocrx_word' id='word_1_623' title='bbox 1555 4555 1801 4630; x_wconf 61' lang='lat' dir='ltr'><strong>justosjsignant</strong></span> 
     </span>
     <span class='ocr_line' id='line_1_50' title="bbox 52 4645 1803 4731; baseline -0.003 -24"><span class='ocrx_word' id='word_1_624' title='bbox 52 4653 159 4718; x_wconf 87' lang='lat' dir='ltr'><strong>aliens,</strong></span> <span class='ocrx_word' id='word_1_625' title='bbox 175 4653 210 4708; x_wconf 90' lang='lat' dir='ltr'><strong>ad</strong></span> <span class='ocrx_word' id='word_1_626' title='bbox 223 4653 471 4709; x_wconf 87' lang='lat' dir='ltr'><strong>confirmationem</strong></span> <span class='ocrx_word' id='word_1_627' title='bbox 486 4655 531 4709; x_wconf 95' lang='lat' dir='ltr'><strong>sui</strong></span> <span class='ocrx_word' id='word_1_628' title='bbox 541 4655 647 4710; x_wconf 90' lang='lat' dir='ltr'><strong>erroris</strong></span> <span class='ocrx_word' id='word_1_629' title='bbox 661 4660 828 4728; x_wconf 72' lang='lat' dir='ltr'><strong>congregat.</strong></span> <span class='ocrx_word' id='word_1_630' title='bbox 848 4655 902 4711; x_wconf 88' lang='lat' dir='ltr'><strong>Sed</strong></span> <span class='ocrx_word' id='word_1_631' title='bbox 957 4658 1009 4731; x_wconf 87' lang='lat' dir='ltr'><strong>qui</strong></span> <span class='ocrx_word' id='word_1_632' title='bbox 1017 4658 1141 4713; x_wconf 80' lang='lat' dir='ltr'><strong>fructum</strong></span> <span class='ocrx_word' id='word_1_633' title='bbox 1156 4652 1265 4710; x_wconf 90' lang='lat' dir='ltr'><strong>dantiu</strong></span> <span class='ocrx_word' id='word_1_634' title='bbox 1280 4656 1422 4721; x_wconf 86' lang='lat' dir='ltr'><strong>tempore,</strong></span> <span class='ocrx_word' id='word_1_635' title='bbox 1437 4663 1561 4720; x_wconf 87' lang='lat' dir='ltr'><strong>quorum</strong></span> <span class='ocrx_word' id='word_1_636' title='bbox 1581 4645 1649 4702; x_wconf 83' lang='lat' dir='ltr'><strong>lolia</strong></span> <span class='ocrx_word' id='word_1_637' title='bbox 1671 4662 1730 4702; x_wconf 94' lang='lat' dir='ltr'><strong>non</strong></span> <span class='ocrx_word' id='word_1_638' title='bbox 1756 4647 1803 4702; x_wconf 90' lang='lat' dir='ltr'><strong>de-</strong></span> 
     </span>
     <span class='ocr_line' id='line_1_51' title="bbox 55 4734 1802 4814; baseline -0.003 -20"><span class='ocrx_word' id='word_1_639' title='bbox 55 4740 181 4796; x_wconf 87' lang='lat' dir='ltr'><strong>riudicta</strong></span> <span class='ocrx_word' id='word_1_640' title='bbox 198 4741 318 4797; x_wconf 89' lang='lat' dir='ltr'><strong>ultionis</strong></span> <span class='ocrx_word' id='word_1_641' title='bbox 336 4743 423 4814; x_wconf 68' lang='lat' dir='ltr'><strong>juste</strong></span> <span class='ocrx_word' id='word_1_642' title='bbox 442 4743 613 4799; x_wconf 82' lang='lat' dir='ltr'><strong>dissolvetur</strong></span> <span class='ocrx_word' id='word_1_643' title='bbox 638 4743 743 4799; x_wconf 87' lang='lat' dir='ltr'><strong>duritie</strong></span> <span class='ocrx_word' id='word_1_644' title='bbox 770 4743 904 4800; x_wconf 82' lang='lat' dir='ltr'><strong>netandae</strong></span> <span class='ocrx_word' id='word_1_645' title='bbox 956 4748 1077 4803; x_wconf 88' lang='lat' dir='ltr'><strong>cidunt:</strong></span> <span class='ocrx_word' id='word_1_646' title='bbox 1095 4749 1123 4797; x_wconf 93' lang='lat' dir='ltr'><strong>et</strong></span> <span class='ocrx_word' id='word_1_647' title='bbox 1137 4741 1235 4797; x_wconf 85' lang='lat' dir='ltr'><strong>arnoia</strong></span> <span class='ocrx_word' id='word_1_648' title='bbox 1250 4755 1316 4811; x_wconf 81' lang='lat' dir='ltr'><strong>qum</strong></span> <span class='ocrx_word' id='word_1_649' title='bbox 1331 4737 1440 4792; x_wconf 87' lang='lat' dir='ltr'><strong>iaciunt</strong></span> <span class='ocrx_word' id='word_1_650' title='bbox 1452 4739 1671 4806; x_wconf 80' lang='lat' dir='ltr'><strong>prosperantur3</strong></span> <span class='ocrx_word' id='word_1_651' title='bbox 1700 4734 1802 4789; x_wconf 78' lang='lat' dir='ltr'><strong>funda·</strong></span> 
     </span>
     <span class='ocr_line' id='line_1_52' title="bbox 55 4821 1802 4904; baseline -0.005 -19"><span class='ocrx_word' id='word_1_652' title='bbox 55 4828 191 4896; x_wconf 79' lang='lat' dir='ltr'><strong>actionis3</strong></span> <span class='ocrx_word' id='word_1_653' title='bbox 208 4831 252 4884; x_wconf 83' lang='lat' dir='ltr'><strong>vel</strong></span> <span class='ocrx_word' id='word_1_654' title='bbox 269 4830 444 4902; x_wconf 78' lang='lat' dir='ltr'><strong>tropologice</strong></span> <span class='ocrx_word' id='word_1_655' title='bbox 460 4834 604 4887; x_wconf 80' lang='lat' dir='ltr'><strong>:ererum</strong></span> <span class='ocrx_word' id='word_1_656' title='bbox 623 4837 783 4903; x_wconf 86' lang='lat' dir='ltr'><strong>raptorem,</strong></span> <span class='ocrx_word' id='word_1_657' title='bbox 804 4831 853 4904; x_wconf 90' lang='lat' dir='ltr'><strong>qui</strong></span> <span class='ocrx_word' id='word_1_658' title='bbox 869 4847 903 4886; x_wconf 84' lang='lat' dir='ltr'><strong>ex</strong></span> <span class='ocrx_word' id='word_1_659' title='bbox 957 4837 1088 4887; x_wconf 86' lang='lat' dir='ltr'><strong>mentum</strong></span> <span class='ocrx_word' id='word_1_660' title='bbox 1101 4836 1197 4886; x_wconf 88' lang='lat' dir='ltr'><strong>aulem</strong></span> <span class='ocrx_word' id='word_1_661' title='bbox 1208 4825 1487 4896; x_wconf 67' lang='lat' dir='ltr'><strong>adificiiepostolos</strong></span> <span class='ocrx_word' id='word_1_662' title='bbox 1502 4823 1545 4877; x_wconf 87' lang='lat' dir='ltr'><strong>vel</strong></span> <span class='ocrx_word' id='word_1_663' title='bbox 1557 4821 1802 4894; x_wconf 67' lang='lat' dir='ltr'><strong>prophetasque</strong></span> 
     </span>
     <span class='ocr_line' id='line_1_53' title="bbox 55 4909 1804 4991; baseline -0.003 -20"><span class='ocrx_word' id='word_1_664' title='bbox 55 4916 160 4971; x_wconf 86' lang='lat' dir='ltr'><strong>alienis</strong></span> <span class='ocrx_word' id='word_1_665' title='bbox 185 4917 498 4990; x_wconf 75' lang='lat' dir='ltr'><strong>rebusaugetdivities</strong></span> <span class='ocrx_word' id='word_1_666' title='bbox 514 4923 662 4973; x_wconf 87' lang='lat' dir='ltr'><strong>etvecuus</strong></span> <span class='ocrx_word' id='word_1_667' title='bbox 690 4919 824 4975; x_wconf 90' lang='lat' dir='ltr'><strong>omuibus</strong></span> <span class='ocrx_word' id='word_1_668' title='bbox 851 4918 902 4974; x_wconf 93' lang='lat' dir='ltr'><strong>bo·</strong></span> <span class='ocrx_word' id='word_1_669' title='bbox 956 4936 1022 4975; x_wconf 90' lang='lat' dir='ltr'><strong>rum</strong></span> <span class='ocrx_word' id='word_1_670' title='bbox 1063 4917 1228 4991; x_wconf 78' lang='lat' dir='ltr'><strong>praedicatio</strong></span> <span class='ocrx_word' id='word_1_671' title='bbox 1253 4913 1404 4971; x_wconf 75' lang='lat' dir='ltr'><strong>Ecclesiam</strong></span> <span class='ocrx_word' id='word_1_672' title='bbox 1439 4909 1571 4966; x_wconf 88' lang='lat' dir='ltr'><strong>sustinet.</strong></span> <span class='ocrx_word' id='word_1_673' title='bbox 1613 4911 1804 4966; x_wconf 80' lang='lat' dir='ltr'><strong>loramentum</strong></span> 
     </span>
     <span class='ocr_line' id='line_1_54' title="bbox 56 4996 1803 5079; baseline -0.005 -20"><span class='ocrx_word' id='word_1_674' title='bbox 56 5005 102 5059; x_wconf 87' lang='lat' dir='ltr'><strong>nie</strong></span> <span class='ocrx_word' id='word_1_675' title='bbox 117 5005 148 5060; x_wconf 93' lang='lat' dir='ltr'><strong>in</strong></span> <span class='ocrx_word' id='word_1_676' title='bbox 162 5004 209 5060; x_wconf 90' lang='lat' dir='ltr'><strong>die</strong></span> <span class='ocrx_word' id='word_1_677' title='bbox 220 5005 323 5076; x_wconf 83' lang='lat' dir='ltr'><strong>judicii</strong></span> <span class='ocrx_word' id='word_1_678' title='bbox 333 5022 387 5077; x_wconf 90' lang='lat' dir='ltr'><strong>pro</strong></span> <span class='ocrx_word' id='word_1_679' title='bbox 398 5006 549 5079; x_wconf 85' lang='lat' dir='ltr'><strong>iniquitate</strong></span> <span class='ocrx_word' id='word_1_680' title='bbox 564 5024 615 5062; x_wconf 91' lang='lat' dir='ltr'><strong>sua</strong></span> <span class='ocrx_word' id='word_1_681' title='bbox 625 5007 770 5078; x_wconf 87' lang='lat' dir='ltr'><strong>punietur.</strong></span> <span class='ocrx_word' id='word_1_682' title='bbox 957 5024 1020 5077; x_wconf 80' lang='lat' dir='ltr'><strong>erpo</strong></span> <span class='ocrx_word' id='word_1_683' title='bbox 1034 5009 1152 5076; x_wconf 82' lang='lat' dir='ltr'><strong>lipaeum</strong></span> <span class='ocrx_word' id='word_1_684' title='bbox 1166 5005 1322 5073; x_wconf 65' lang='lat' dir='ltr'><strong>colliculum</strong></span> <span class='ocrx_word' id='word_1_685' title='bbox 1335 5000 1513 5068; x_wconf 70' lang='lat' dir='ltr'><strong>madammto</strong></span> <span class='ocrx_word' id='word_1_686' title='bbox 1524 4996 1635 5064; x_wconf 73' lang='lat' dir='ltr'><strong>editicii</strong></span> <span class='ocrx_word' id='word_1_687' title='bbox 1659 5012 1714 5052; x_wconf 81' lang='lat' dir='ltr'><strong>aon</strong></span> <span class='ocrx_word' id='word_1_688' title='bbox 1741 4997 1803 5052; x_wconf 88' lang='lat' dir='ltr'><strong>dis·</strong></span> 
     </span>
    </p>

    <p class='ocr_par' dir='ltr' id='par_1_21' title="bbox 55 5080 1804 5342">
     <span class='ocr_line' id='line_1_55' title="bbox 92 5080 1804 5166; baseline -0.002 -22"><span class='ocrx_word' id='word_1_689' title='bbox 92 5092 173 5147; x_wconf 84' lang='lat' dir='ltr'><strong>Vane.</strong></span> <span class='ocrx_word' id='word_1_690' title='bbox 205 5080 247 5147; x_wconf 83' lang='lat' dir='ltr'><strong>lt&#39;.</strong></span> <span class='ocrx_word' id='word_1_691' title='bbox 274 5123 308 5134; x_wconf 88' lang='lat'><em>-</em></span> <span class='ocrx_word' id='word_1_692' title='bbox 342 5096 394 5149; x_wconf 86' lang='lat' dir='ltr'><strong>Via</strong></span> <span class='ocrx_word' id='word_1_693' title='bbox 406 5097 584 5164; x_wconf 78' lang='lat' dir='ltr'><strong>peccantium.</strong></span> <span class='ocrx_word' id='word_1_694' title='bbox 611 5095 678 5150; x_wconf 94' lang='lat' dir='ltr'><strong>ldeo</strong></span> <span class='ocrx_word' id='word_1_695' title='bbox 704 5084 784 5149; x_wconf 83' lang='lat' dir='ltr'><strong>velox</strong></span> <span class='ocrx_word' id='word_1_696' title='bbox 814 5096 903 5150; x_wconf 90' lang='lat' dir='ltr'><strong>malo-</strong></span> <span class='ocrx_word' id='word_1_697' title='bbox 957 5098 1089 5152; x_wconf 88' lang='lat' dir='ltr'><strong>soluitur:</strong></span> <span class='ocrx_word' id='word_1_698' title='bbox 1110 5091 1178 5166; x_wconf 84' lang='lat' dir='ltr'><strong>quie</strong></span> <span class='ocrx_word' id='word_1_699' title='bbox 1188 5090 1258 5146; x_wconf 86' lang='lat' dir='ltr'><strong>fides</strong></span> <span class='ocrx_word' id='word_1_700' title='bbox 1269 5087 1409 5161; x_wconf 86' lang='lat' dir='ltr'><strong>passionis</strong></span> <span class='ocrx_word' id='word_1_701' title='bbox 1428 5085 1532 5142; x_wconf 84' lang='lat' dir='ltr'><strong>Christi</strong></span> <span class='ocrx_word' id='word_1_702' title='bbox 1545 5085 1575 5139; x_wconf 91' lang='lat' dir='ltr'><strong>iu</strong></span> <span class='ocrx_word' id='word_1_703' title='bbox 1591 5084 1725 5140; x_wconf 90' lang='lat' dir='ltr'><strong>cordibus</strong></span> <span class='ocrx_word' id='word_1_704' title='bbox 1753 5083 1804 5141; x_wconf 91' lang='lat' dir='ltr'><strong>bo·</strong></span> 
     </span>
     <span class='ocr_line' id='line_1_56' title="bbox 55 5172 1802 5253; baseline -0.004 -19"><span class='ocrx_word' id='word_1_705' title='bbox 55 5195 122 5235; x_wconf 89' lang='lat' dir='ltr'><strong>rum</strong></span> <span class='ocrx_word' id='word_1_706' title='bbox 136 5179 279 5247; x_wconf 88' lang='lat' dir='ltr'><strong>interitus,</strong></span> <span class='ocrx_word' id='word_1_707' title='bbox 297 5181 429 5253; x_wconf 84' lang='lat' dir='ltr'><strong>quiavie,</strong></span> <span class='ocrx_word' id='word_1_708' title='bbox 442 5181 471 5237; x_wconf 91' lang='lat' dir='ltr'><strong>id</strong></span> <span class='ocrx_word' id='word_1_709' title='bbox 484 5187 528 5236; x_wconf 89' lang='lat' dir='ltr'><strong>est</strong></span> <span class='ocrx_word' id='word_1_710' title='bbox 541 5183 600 5238; x_wconf 83' lang='lat' dir='ltr'><strong>rita</strong></span> <span class='ocrx_word' id='word_1_711' title='bbox 613 5183 729 5238; x_wconf 86' lang='lat' dir='ltr'><strong>illorum</strong></span> <span class='ocrx_word' id='word_1_712' title='bbox 748 5183 835 5253; x_wconf 89' lang='lat' dir='ltr'><strong>plena</strong></span> <span class='ocrx_word' id='word_1_713' title='bbox 861 5188 904 5237; x_wconf 90' lang='lat' dir='ltr'><strong>est</strong></span> <span class='ocrx_word' id='word_1_714' title='bbox 958 5181 1071 5237; x_wconf 88' lang='lat' dir='ltr'><strong>minum</strong></span> <span class='ocrx_word' id='word_1_715' title='bbox 1092 5180 1226 5250; x_wconf 75' lang='lat' dir='ltr'><strong>adjuncta</strong></span> <span class='ocrx_word' id='word_1_716' title='bbox 1248 5175 1386 5232; x_wconf 80' lang='lat' dir='ltr'><strong>doctrinm</strong></span> <span class='ocrx_word' id='word_1_717' title='bbox 1410 5173 1618 5246; x_wconf 89' lang='lat' dir='ltr'><strong>apostolorum,</strong></span> <span class='ocrx_word' id='word_1_718' title='bbox 1647 5172 1802 5229; x_wconf 90' lang='lat' dir='ltr'><strong>indissolu-</strong></span> 
     </span>
     <span class='ocr_line' id='line_1_57' title="bbox 55 5260 1406 5342; baseline -0.005 -19"><span class='ocrx_word' id='word_1_719' title='bbox 55 5267 224 5323; x_wconf 88' lang='lat' dir='ltr'><strong>doloribus:</strong></span> <span class='ocrx_word' id='word_1_720' title='bbox 241 5275 269 5322; x_wconf 91' lang='lat' dir='ltr'><strong>et</strong></span> <span class='ocrx_word' id='word_1_721' title='bbox 283 5269 362 5324; x_wconf 90' lang='lat' dir='ltr'><strong>duris</strong></span> <span class='ocrx_word' id='word_1_722' title='bbox 374 5275 555 5340; x_wconf 85' lang='lat' dir='ltr'><strong>peccatorum</strong></span> <span class='ocrx_word' id='word_1_723' title='bbox 570 5271 716 5342; x_wconf 89' lang='lat' dir='ltr'><strong>operibus.</strong></span> <span class='ocrx_word' id='word_1_724' title='bbox 957 5269 1015 5324; x_wconf 91' lang='lat' dir='ltr'><strong>bile</strong></span> <span class='ocrx_word' id='word_1_725' title='bbox 1027 5267 1095 5323; x_wconf 86' lang='lat' dir='ltr'><strong>lacit</strong></span> <span class='ocrx_word' id='word_1_726' title='bbox 1106 5264 1234 5323; x_wconf 80' lang='lat' dir='ltr'><strong>Ecclesiae</strong></span> <span class='ocrx_word' id='word_1_727' title='bbox 1244 5260 1406 5318; x_wconf 74' lang='lat' dir='ltr'><strong>editicium.</strong></span> 
     </span>
    </p>

    <p class='ocr_par' dir='ltr' id='par_1_22' title="bbox 54 5347 1802 5605">
     <span class='ocr_line' id='line_1_58' title="bbox 93 5347 1802 5428; baseline -0.002 -19"><span class='ocrx_word' id='word_1_728' title='bbox 93 5357 173 5410; x_wconf 77' lang='lat' dir='ltr'><strong>vens.</strong></span> <span class='ocrx_word' id='word_1_729' title='bbox 196 5347 367 5413; x_wconf 72' lang='lat' dir='ltr'><strong>ta-um</strong></span> <span class='ocrx_word' id='word_1_730' title='bbox 384 5357 534 5424; x_wconf 66' lang='lat' dir='ltr'><strong>erudiam,</strong></span> <span class='ocrx_word' id='word_1_731' title='bbox 561 5364 612 5413; x_wconf 91' lang='lat' dir='ltr'><strong>etc.</strong></span> <span class='ocrx_word' id='word_1_732' title='bbox 639 5358 734 5428; x_wconf 77' lang='lat' dir='ltr'><strong>(Rea.)</strong></span> <span class='ocrx_word' id='word_1_733' title='bbox 764 5359 811 5414; x_wconf 89' lang='lat' dir='ltr'><strong>llis</strong></span> <span class='ocrx_word' id='word_1_734' title='bbox 839 5374 903 5414; x_wconf 90' lang='lat' dir='ltr'><strong>seu-</strong></span> <span class='ocrx_word' id='word_1_735' title='bbox 991 5357 1082 5412; x_wconf 84' lang='lat' dir='ltr'><strong>Vens..</strong></span> <span class='ocrx_word' id='word_1_736' title='bbox 1104 5357 1134 5410; x_wconf 80' lang='lat' dir='ltr'><strong>at</strong></span> <span class='ocrx_word' id='word_1_737' title='bbox 1159 5353 1284 5410; x_wconf 85' lang='lat' dir='ltr'><strong>-Sicut</strong></span> <span class='ocrx_word' id='word_1_738' title='bbox 1307 5351 1402 5421; x_wconf 76' lang='lat' dir='ltr'><strong>puicu,</strong></span> <span class='ocrx_word' id='word_1_739' title='bbox 1433 5354 1488 5405; x_wconf 88' lang='lat' dir='ltr'><strong>ato.</strong></span> <span class='ocrx_word' id='word_1_740' title='bbox 1515 5350 1613 5406; x_wconf 88' lang='lat' dir='ltr'><strong>Unde:</strong></span> <span class='ocrx_word' id='word_1_741' title='bbox 1639 5349 1694 5415; x_wconf 83' lang='lat' dir='ltr'><strong>Qui</strong></span> <span class='ocrx_word' id='word_1_742' title='bbox 1721 5349 1802 5406; x_wconf 88' lang='lat' dir='ltr'><strong>eadit</strong></span> 
     </span>
     <span class='ocr_line' id='line_1_59' title="bbox 54 5437 1802 5518; baseline -0.003 -20"><span class='ocrx_word' id='word_1_743' title='bbox 54 5442 157 5498; x_wconf 87' lang='lat' dir='ltr'><strong>tentiis</strong></span> <span class='ocrx_word' id='word_1_744' title='bbox 182 5442 342 5512; x_wconf 83' lang='lat' dir='ltr'><strong>contundit,</strong></span> <span class='ocrx_word' id='word_1_745' title='bbox 367 5450 434 5511; x_wconf 83' lang='lat' dir='ltr'><strong>etc,</strong></span> <span class='ocrx_word' id='word_1_746' title='bbox 454 5459 538 5514; x_wconf 81' lang='lat' dir='ltr'><strong>usque</strong></span> <span class='ocrx_word' id='word_1_747' title='bbox 554 5445 592 5500; x_wconf 91' lang='lat' dir='ltr'><strong>ad</strong></span> <span class='ocrx_word' id='word_1_748' title='bbox 617 5445 720 5518; x_wconf 86' lang='lat' dir='ltr'><strong>etipse</strong></span> <span class='ocrx_word' id='word_1_749' title='bbox 748 5446 904 5503; x_wconf 91' lang='lat' dir='ltr'><strong>immiscuit</strong></span> <span class='ocrx_word' id='word_1_750' title='bbox 956 5446 1125 5504; x_wconf 85' lang='lat' dir='ltr'><strong>verbamee.</strong></span> <span class='ocrx_word' id='word_1_751' title='bbox 1144 5446 1173 5496; x_wconf 86' lang='lat' dir='ltr'><strong>et</strong></span> <span class='ocrx_word' id='word_1_752' title='bbox 1189 5439 1329 5496; x_wconf 86' lang='lat' dir='ltr'><strong>noulaoit</strong></span> <span class='ocrx_word' id='word_1_753' title='bbox 1355 5454 1399 5503; x_wconf 83' lang='lat' dir='ltr'><strong>ea,</strong></span> <span class='ocrx_word' id='word_1_754' title='bbox 1422 5438 1526 5493; x_wconf 87' lang='lat' dir='ltr'><strong>similis</strong></span> <span class='ocrx_word' id='word_1_755' title='bbox 1539 5443 1582 5493; x_wconf 87' lang='lat' dir='ltr'><strong>est</strong></span> <span class='ocrx_word' id='word_1_756' title='bbox 1608 5437 1671 5493; x_wconf 83' lang='lat' dir='ltr'><strong>vira</strong></span> <span class='ocrx_word' id='word_1_757' title='bbox 1701 5437 1802 5507; x_wconf 88' lang='lat' dir='ltr'><strong>stulto,</strong></span> 
     </span>
     <span class='ocr_line' id='line_1_60' title="bbox 55 5529 1608 5605; baseline -0.004 -19"><span class='ocrx_word' id='word_1_758' title='bbox 55 5547 86 5586; x_wconf 85' lang='lat' dir='ltr'><strong>ee</strong></span> <span class='ocrx_word' id='word_1_759' title='bbox 102 5530 223 5590; x_wconf 81' lang='lat' dir='ltr'><strong>induitis</strong></span> <span class='ocrx_word' id='word_1_760' title='bbox 235 5531 452 5602; x_wconf 71' lang='lat' dir='ltr'><strong>questionibus.</strong></span> <span class='ocrx_word' id='word_1_761' title='bbox 958 5532 1008 5605; x_wconf 84' lang='lat' dir='ltr'><strong>qui</strong></span> <span class='ocrx_word' id='word_1_762' title='bbox 1021 5529 1143 5587; x_wconf 74' lang='lat' dir='ltr'><strong>aedificat</strong></span> <span class='ocrx_word' id='word_1_763' title='bbox 1156 5529 1274 5585; x_wconf 91' lang='lat' dir='ltr'><strong>domum</strong></span> <span class='ocrx_word' id='word_1_764' title='bbox 1285 5543 1367 5584; x_wconf 84' lang='lat' dir='ltr'><strong>suam</strong></span> <span class='ocrx_word' id='word_1_765' title='bbox 1379 5543 1465 5599; x_wconf 90' lang='lat' dir='ltr'><strong>super</strong></span> <span class='ocrx_word' id='word_1_766' title='bbox 1479 5542 1608 5582; x_wconf 87' lang='lat' dir='ltr'><strong>arenam.</strong></span> 
     </span>
    </p>
   </div>
   <div class='ocr_carea' id='block_1_3' title="bbox 0 0 1950 6103">
    <p class='ocr_par' dir='ltr' id='par_1_23' title="bbox 0 0 1950 6103">
     <span class='ocr_line' id='line_1_61' title="bbox 0 0 1950 6103; baseline 0 0"><span class='ocrx_word' id='word_1_767' title='bbox 0 0 1950 6103; x_wconf 95' lang='lat' dir='ltr'><strong> </strong></span> 
     </span>
    </p>
   </div>
  </div>
 </body>
</html>
