3892 6106
56 271 110 324 565

633 269 758 326 ctossa
777 268 979 326 eaelatura.
1000 300 1035 310 —
1055 271 1121 326 nte.
1140 271 1166 327 11
1184 270 1266 328 REG.

1764 282 1818 338 bid

57 413 100 464 ω
122 414 223 464 autem
250 415 317 464 ame
347 412 456 479 septem
479 425 570 464 anno,
596 425 684 481 quam
711 410 816 465 phanis
842 394 947 464 „rbsA
964 392 1195 474 conveniuntad
1223 393 1378 460 Christum,
1412 400 1441 449 et
1461 397 1543 467 quasi
1569 397 1744 457 blandiendo
1768 402 1816 459 di·

57 498 182 569 Egypti.

92 588 176 641 Vsus.
193 588 235 640 lt.
266 616 301 626 -
328 588 468 653 Egressus.
499 586 592 656 (Res.)
620 586 699 640 tiunc
722 587 909 641 locumlose·

965 487 1056 535 cunt:
1087 481 1121 536 Os
1149 485 1225 536 tuam
1249 486 1275 537 et
1304 497 1366 537 curo
1395 487 1443 538 tua
1470 499 1585 540 summ:
1608 501 1674 541 cum
1711 488 1742 544 in
1766 491 1816 547 illo

963 567 1189 623 incarnationem
1216 586 1303 640 quam
1336 586 1368 625 er
1392 577 1489 626 nostra
1519 577 1622 629 natura
1645 574 1675 629 iu
1694 577 1814 649 virginis

56 676 131 747 phus
147 676 189 730 ita
217 675 344 745 exponit,
359 679 423 742 etc,
449 675 584 746 usquead
612 675 657 730 hic
684 677 912 748 persequebatur
964 658 1194 728 ¹¹t⁰f⁰⁸⁰³⁰0llitr
1211 657 1335 727 diligunt
1353 665 1578 716 fliissssflfflssim·

55 764 153 819 Abner
167 763 199 818 in
215 768 349 818 neutrum
359 768 470 835 partem
485 763 640 818 declinans.

999 745 1079 798 Vens.
1093 746 1118 799 3.
1136 774 1169 784 -
1185 745 1317 800 seniores.
1338 745 1402 816 (ln.)
1430 748 1588 818 Propheta,
1607 751 1728 821 apostoli
1751 756 1815 825 pari

90 853 176 907 qm¹
195 854 239 907 18·
267 883 302 892 ,
328 854 412 907 pom,
438 853 522 907 ΑΜ
541 867 633 907 curso,
656 853 837 908 „elom-,pimus
854 854 911 919 sugg
963 831 1020 887 tide
1036 832 1227 887 etderotione
1244 833 1281 888 ad
1296 834 1439 889 Christum
1461 843 1643 893 concurrunt.

56 944 138 1010 quusi
157 956 230 995 uuus
244 941 278 995 de
301 943 418 1010 capreis.
444 939 497 1011 (lo.
525 956 559 994 ex
573 941 669 1013 Greg.)
697 942 780 995 Asael
804 941 911 1011 signifi·

1000 922 1207 990 Unoscrurttqae.
1234 922 1294 991 (lu.)
1329 923 1415 977 David
1434 923 1479 978 bis
1515 930 1617 981 unctus
1643 926 1757 996 dicitur,
1786 933 1816 986 et

57 1035 101 1101 cat
117 1045 256 1099 eosquos
285 1028 440 1082 vehemens
466 1028 605 1099 arripiens
634 1029 714 1084 iuror
729 1029 759 1084 in
784 1045 910 1101 princeps
962 1008 1183 1080 Chfiittuspfiffl
1211 1010 1240 1064 5¹¹
1271 1010 1385 1077 JUdaeib
1412 1016 1476 1082 1³⁰³t
1489 1011 1519 1067 in
1540 1014 1673 1085 Sentibffl
1708 1015 1814 1088 princi·

56 1116 147 1186 ducit,
166 1132 230 1178 etc„
245 1132 330 1184 usqae
340 1117 377 1171 od
387 1116 468 1188 quasi
483 1116 544 1170 siue
557 1116 632 1171 ierro
651 1117 824 1173 moriuntur.

90 1206 178 1259 vans.
192 1207 238 1260 26.
252 1235 283 1244 -
306 1207 352 1259 Aa
368 1208 477 1274 ignoras
501 1205 575 1274 quod
594 1207 748 1275 periculoso
769 1206 908 1275 sitdespe-

928 1153 933 1164 ,
962 1102 1062 1170 patum
1077 1097 1210 1169 sumpsit.

992 1185 1074 1240 Vnae.
1090 1186 1118 1242 4.
1135 1216 1168 1226 -
1181 1188 1217 1241 Et
1229 1185 1425 1254 qucdroqinto.
1442 1188 1505 1258 (lo.)
1521 1186 1666 1253 Quaeritur
1692 1206 1743 1246 cur
1754 1207 1814 1249 non

56 1294 201 1348 ,ah-021„
219 1292 336 1347 ωηο
352 1293 494 1348 habetur:
521 1295 691 1362 Anpyms
713 1294 908 1363 Mamm,
961 1273 1115 1327 insumrna
1138 1274 1328 1345 quadraginin
1355 1275 1424 1329 anni
1452 1281 1481 1330 et
1506 1293 1555 1330 sex
1584 1293 1695 1333 menses
1711 1295 1814 1337 nume·

57 1385 106 1436 erit
120 1381 198 1453 fiais,
216 1382 378 1451 sipopulum
393 1380 479 1436 delere
493 1382 613 1437 niteris?

377 1510 490 1567 CAPUT
511 1512 558 1566 ΙΙΙ.

962 1363 1086 1417 rentur?
1101 1366 1165 1428 etc,
1192 1377 1277 1432 usque
1300 1362 1337 1416 od
1360 1363 1409 1434 qui
1427 1380 1460 1417 ex
1484 1365 1667 1436 quaterdenis
1690 1373 1812 1439 constat,

961 1454 1124 1520 temporum
1137 1456 1166 1504 et
1177 1467 1273 1505 rerum
1285 1452 1490 1523 perfectionem
1505 1453 1655 1524 significat.

996 1539 1076 1592 Vens.
1094 1541 1119 1592 ὅ.
1137 1541 1217 1594 -Ιε
1247 1542 1423 1595 Hierusalem.
1453 1542 1580 1597 Tradunt
1608 1543 1812 1616 Hebraeiquod

90 1625 174 1680 Vsus.
193 1625 552 1693 cunctantemque.
581 1628 611 1680 iri
635 1625 682 1680 lib.
708 1624 942 1722 lleq.)ilomusB
960 1625 1025 1682 Sem
1042 1626 1118 1680 fitius
1142 1628 1210 1694 Noe,
1242 1645 1327 1699 quern
1355 1628 1454 1683 dicunt
1474 1629 1686 1700 Melchisedech,
1715 1632 1812 1688 condi-

60 1714 142 1769 David
159 1713 463 1778 coeiestislerusalem,
484 1717 549 1773 etc,
574 1728 659 1783 usqae
684 1713 760 1768 odet
787 1713 905 1768 undem
961 1714 1121 1770 ditSalem.
1158 1717 1235 1770 itanc
1262 1720 1362 1786 postea
1391 1721 1546 1772 tenuerunt
1569 1719 1727 1789 lebusaei,e
1743 1720 1811 1792 qui·

60 1802 214 1857 secundum
233 1802 337 1857 merita
365 1818 415 1856 sus
449 1801 479 1855 in
513 1801 687 1873 profundum
721 1801 816 1874 abyssi
840 1801 905 1856 sub·

61 1894 212 1961 mergetur.

959 1802 1012 1858 bus
1039 1803 1139 1858 sortita
1171 1807 1214 1858 εει
1242 1819 1348 1859 nomen
1386 1806 1482 1861 labus.
1513 1806 1581 1862 lude
1622 1808 1810 1876 Hierusalem,

958 1892 1040 1962 quasi
1061 1892 1146 1947 lebus
1179 1892 1284 1959 Satem,
1314 1897 1409 1963 posta
1435 1894 1587 1950 Salomone
1623 1897 1809 1968 lerosolyma,

89 1979 168 2033 lens.
183 1981 212 2033 2.
232 1977 408 2048 -thiqua
425 1979 478 2035 Sex
489 1979 543 2034 tilii
552 1979 603 2051 qui
612 1978 673 2034 uati
688 1982 755 2034 suut
772 1977 858 2032 David
874 1978 904 2032 in
958 1977 1276 2048 quesilerosalomonia
1306 1979 1383 2034 dicta
1397 1983 1449 2047 est,
1477 1997 1542 2052 quae
1569 1986 1668 2053 postea
1687 1984 1722 2038 ab
1737 1982 1810 2043 AElio

61 2067 168 2122 tiebron
188 2066 395 2138 perfectionem
426 2074 590 2124 sanctorum
618 2066 788 2138 significant,
806 2067 856 2139 qui
869 2066 904 2122 de
957 2066 1083 2121 Adriano
1099 2071 1197 2121 vocata
1214 2071 1256 2120 est
1275 2066 1356 2123 AElia.

61 2155 172 2226 spiritali
202 2155 337 2225 conjugio
363 2155 464 2211 Christi
495 2161 524 2210 ct
550 2155 679 2210 Ecclesioe
702 2171 754 2226 per
781 2155 904 2225 Spiritus

62 2244 140 2298 sancti
152 2243 280 2315 gratiam
294 2244 421 2314 quotidie
431 2243 574 2299 oriuntur.

993 2153 1074 2210 Vaas‘.
1091 2158 1117 2211 6.
1132 2186 1164 2196 -
1178 2156 1264 2212 Grecos
1288 2160 1313 2210 ct
1341 2155 1462 2210 chades.
1490 2154 1544 2221 Qui
1571 2157 1719 2214 sufficiunt
1741 2175 1809 2215 con-

957 2244 1054 2297 tra'te.
1072 2244 1129 2298 Hoc
1143 2242 1276 2297 dicebant
1302 2241 1423 2297 fidentes
1454 2244 1554 2297 muris.
1575 2246 1633 2298 Aut
1660 2245 1725 2301 itas
1749 2263 1808 2303 non

88 2332 411 2400 Vsas.5.-Dequa.
428 2332 520 2403 (itan.)
544 2334 608 2386 ilaec
637 2336 680 2386 est
709 2330 904 2402 llichol,quae
956 2330 1127 2402 ingredieris
1155 2330 1209 2384 nisi
1249 2346 1299 2385 nos
1327 2330 1448 2397 auferas,
1484 2347 1555 2402 quos
1590 2333 1714 2387 inermes
1751 2335 1808 2390 sic-

63 2421 110 2475 sole
121 2435 199 2474 uxor
213 2419 330 2487 dicitur,
345 2419 413 2492 quia
427 2435 491 2475 eam
509 2420 595 2476 David
611 2420 641 2473 in
652 2419 843 2475 adolescentia
852 2435 903 2473 sua
956 2423 989 2476 ut
1029 2435 1118 2475 cacos
1144 2424 1172 2474 et
1214 2419 1328 2475 claudos
1369 2420 1516 2475 arbitraris
1555 2426 1584 2476 et
1626 2421 1804 2495 triumphare
1844 2486 1848 2496 ,

62 2510 174 2580 primam
188 2507 308 2563 sortitus
322 2508 374 2574 {est
398 2523 526 2563 uxorem.
557 2509 665 2562 Haecin
692 2513 775 2579 partu
800 2507 904 2563 dicitur
956 2510 1051 2578 putas.

62 2598 227 2661 occubuisse,
238 2595 315 2650 uude
332 2597 362 2650 in
382 2596 569 2667 sequentibus
584 2596 775 2666 scriptumest
791 2611 798 2650 :
815 2597 903 2663 lqitur

61 2687 146 2740 iiichol
160 2686 228 2754 filia
247 2684 314 2741 Saul
334 2700 388 2739 riori
411 2690 451 2740 est
474 2691 555 2739 notus
575 2686 658 2754 lilius,
682 2699 766 2753 usque
779 2684 816 2738 ad
831 2684 902 2739 diem

62 2776 141 2829 aulis
152 2789 221 2837 suae,
238 2772 306 2844 quie
319 2772 349 2826 iu
364 2773 425 2843 ipso
441 2778 525 2844 partu
548 2772 693 2827 occubuit.

84 2864 165 2918 Vnae.
207 2864 250 2917 tr.
287 2891 322 2903 -
356 2862 517 2918 Snmoocrn
551 2861 611 2930 (lo.)
639 2861 736 2916 Abner
770 2861 902 2915 hortatur

991 2595 1073 2649 Vens.
1087 2599 1112 2649 7.
1143 2624 1179 2637 -
1209 2596 1284 2665 Cepit
1314 2599 1412 2650 autem.
1443 2595 1532 2666 (Rea.)
1564 2594 1642 2651 Sicut
1666 2597 1806 2668 losephns'

956 2682 1006 2748 ait,
1021 2686 1087 2749 ειε.,
1103 2682 1240 2751 usquead
1257 2698 1322 2754 quie
1350 2683 1450 2738 merito
1475 2700 1525 2738 arx
1539 2683 1617 2753 Sion,
1632 2685 1662 2741 id
1684 2690 1725 2740 est
1740 2702 1804 2757 spc-

955 2768 1106 2825 cuiationis
1131 2773 1258 2836 vocatur,
1289 2775 1319 2824 ut
1341 2770 1376 2825 de
1404 2786 1437 2824 ee
1460 2775 1535 2825 recte
1559 2771 1690 2830 dicatur:
1707 2776 1805 2831 Factus

954 2863 993 2913 est
1007 2859 1036 2913 in
1050 2873 1117 2927 pace
1130 2858 1201 2913 locus
1215 2858 1285 2927 ejas,
1298 2862 1350 2912 etc.
1368 2859 1451 2929 (Psoi.
1465 2858 1556 2930 arar).

10 3014 12 3021 Ι
62 2952 220 3005 universum
243 2950 340 3018 israel,
361 2954 426 3017 etc.,
455 2964 540 3020 usque
562 2949 599 3003 od
628 2954 657 3004 et
682 2949 769 3004 fidem
797 2948 936 3043 Christic
992 2946 1081 3001 David
1105 2961 1199 3000 arcem
1225 2945 1293 3001 Sion
1321 2947 1407 3016 cepit,
1439 2947 1540 3002 ablatis
1573 2948 1652 3019 prius
1682 2949 1762 3004 caecis
1777 2955 1805 3006 et

59 3040 153 3111 ubique
170 3038 318 3111 persecuti
334 3043 412 3093 sunt.

83 3127 162 3182 lans.
179 3129 272 3193 29,-
285 3128 405 3182 illusam
433 3128 551 3182 seminis.
577 3128 659 3180 Juxta
685 3127 806 3180 litteram
822 3127 900 3181 vide·

60 3303 300 3370 effeminationem,
342 3303 451 3359 inimici
479 3304 625 3375 subjacere
653 3304 758 3374 gladio,
788 3304 899 3358 mcn'di-

62 3405 121 3446 ure.

86 3482 184 3535 Testem
203 3481 306 3547 mnan.
333 3480 428 3549 (Ana.)
445 3482 497 3535 Per
525 3479 665 3535 ambitum
681 3480 832 3534 verborum
846 3497 898 3535 no·

63 3569 145 3623 tantur
161 3568 214 3640 qui
232 3567 374 3622 fallaciam
389 3584 470 3623 suam
486 3568 638 3623 defendere
649 3568 789 3622 nituntur.

87 3655 196 3712 Cedens.
224 3655 276 3721 Qui
297 3655 389 3723 plodio
406 3659 526 3725 percutit
540 3656 634 3724 gladio
658 3656 759 3724 peribit
789 3654 895 3723 (uarro.

64 3743 276 3812 rur).iloerctici
294 3743 390 3813 gladio
416 3743 473 3798 oris
508 3743 682 3815 perfodiunt,
709 3743 788 3815 prius
802 3741 897 3813 gladio

66 3828 207 3902 inpietatis
219 3830 354 3885 coniossi.

88 3921 163 3976 Vsus.
180 3923 225 3976 39.
239 3949 275 3961 -
301 3921 448 3976 Delicatus.
475 3920 593 3992 Antiqui
622 3920 743 3975 delicata
765 3919 896 3975 dicebant

66 4005 103 4062 iiis
115 4013 288 4075 consecrate,
301 4024 366 4081 quie
379 4024 456 4063 nunc
469 4009 592 4064 dicimus
601 4008 739 4064 dedicata.

368 4134 482 4190 CAPUT
516 4133 562 4187 IV.

90 4240 204 4297 Vnst.
222 4270 257 4280 -
285 4243 344 4296 Duo
370 4243 460 4295 cutm
482 4241 546 4294 oiri.
579 4240 657 4308 (Rau.
685 4241 715 4293 in
741 4238 787 4293 lib.
816 4240 892 4306 ileu,

65 4330 117 4384 tom.
134 4331 182 4400 u.)
211 4328 245 4385 tii
274 4329 332 4384 duo
353 4327 406 4383 riri
430 4328 574 4399 principes
612 4327 739 4383 erantin
771 4327 895 4381 exercitu

67 4415 185 4485 isboseth,
195 4423 225 4473 ει
246 4421 360 4472 mortuo
387 4416 492 4486 Abner,
521 4416 593 4471 sicut
623 4415 741 4470 tradunt
773 4414 895 4486 Hebraei,

66 4506 190 4562 consiliati
203 4513 349 4561 snntcum
359 4505 549 4577 liiphiboseth
572 4511 605 4560 ut
631 4503 757 4560 isboseth
784 4503 895 4560 interfi-

64 4601 152 4663 cerent,
167 4601 198 4651 et
209 4595 306 4667 ipsum
320 4609 417 4665 regem
432 4574 646 4650 constituerent.
670 4592 725 4650 Sed
753 4592 894 4664 liiphtbo·

64 4685 112 4739 seth
124 4684 278 4740 consitium
292 4683 440 4755 prodidit3
467 4683 532 4739 ideo
559 4683 599 4738 sic
628 4681 796 4737 inducitur:
825 4683 895 4736 Erat

62 4773 275 4829 ostemlonolhse
285 4775 358 4842 tilius
374 4772 487 4842 pedibas
497 4772 604 4827 debilis.
635 4771 679 4827 iiii
696 4788 761 4826 vero
791 4770 894 4827 timore

61 4862 190 4930 pueruli
204 4863 343 4931 ingerunt
358 4861 389 4916 in
404 4861 547 4927 Gethaim,
560 4860 735 4932 fueruntque
749 4860 789 4914 ibi
804 4876 894 4930 usque

61 4949 211 5021 adtempus
225 4949 308 5017 illud,
331 4965 389 5021 quo
413 4949 520 5004 scilicet
546 4949 615 5004 inde
642 4947 748 5004 reversi
776 4947 895 5002 domum

60 5035 175 5093 isboseth
189 5037 312 5109 ingressi
324 5040 401 5093 sunt.

81 5127 251 5183 lttcaioeiu.
281 5125 343 5196 (In.)
378 5124 498 5182 Ostiaria
521 5125 648 5180 triticum
687 5128 800 5195 purgat,
828 5128 892 5191 etc,

57 5227 129 5285 nque
142 5215 183 5271 od
205 5229 243 5269 ne
271 5229 336 5270 eam
358 5213 453 5269 hostes
484 5218 636 5286 penetrent
674 5212 813 5268 foramine
841 5228 894 5268 ne-

57 5302 146 5373 glectae
160 5302 354 5376 cogitationis.

420 5408 533 5465 CAPUT
547 5408 579 5463 V.

82 5510 161 5566 ins.
194 5513 219 5564 t.
244 5510 282 5564 Et
308 5511 447 5563 eaerum.
480 5506 571 5577 (Rea.)
597 5505 643 5562 Sic
670 5521 769 5562 omues
794 5510 895 5577 gentes

954 3034 1064 3089 claudis
1102 3034 1264 3089 odientibus
1293 3036 1418 3089 enimam
1458 3035 1555 3090 David.
1592 3035 1636 3091 Sic
1669 3038 1805 3092 [lominus

953 3123 1109 3193 primatum
1124 3123 1153 3176 in
1171 3123 1291 3177 Ecclesia
1308 3124 1440 3194 gentium
1467 3123 1627 3194 aequisivit,
1645 3126 1803 3196 reprobatis

952 3211 1015 3280 ejus
1028 3210 1132 3266 Scribis
1146 3214 1175 3264 ct
1194 3210 1355 3276 Pharisoeis,
1372 3211 1422 3281 qui
1436 3211 1504 3264 caeci
1517 3217 1545 3265 ct
1571 3212 1663 3267 claudi
1678 3214 1802 3269 oderunt

952 3300 1078 3354 animam
1093 3298 1207 3366 Christi,
1224 3299 1251 3353 id
1268 3299 1382 3369 estejus
1396 3298 1483 3354 vitam
1494 3299 1605 3354 auterre
1616 3301 1709 3356 conati
1724 3308 1800 3359 sunt.

990 3388 1068 3444 Vaas.
1085 3391 1111 3445 8.
1140 3417 1176 3428 -
1208 3388 1363 3443 Dornotum.
1380 3388 1409 3443 id
1435 3393 1478 3441 est
1506 3394 1660 3444 rectorum.
1683 3390 1802 3446 Fistuias

951 3476 1077 3547 appellat
1094 3492 1177 3548 aquae
1205 3476 1307 3531 ductus
1329 3476 1364 3531 de
1387 3476 1506 3547 plumbo
1518 3478 1560 3532 vel
1587 3479 1687 3547 regula
1714 3479 1801 3535 iactos

950 3581 1003 3637 per
1016 3582 1088 3636 quos
1107 3581 1183 3636 aqua
1196 3565 1256 3620 ibat
1284 3580 1370 3636 super
1402 3581 1519 3621 murum
1545 3583 1597 3638 per
1624 3571 1713 3622 totam
1737 3568 1802 3623 civi·

949 3657 1047 3707 tatem.

980 3743 1109 3797 Patulus.
1141 3740 1251 3795 Felsarn
1276 3738 1422 3794 scientiam
1454 3757 1503 3795 eeu
1525 3742 1727 3798 baereticorum
1746 3744 1799 3799 do-

949 3834 1045 3899 gmata
1056 3828 1191 3899 figurant,
1208 3843 1273 3898 quae
1289 3828 1427 3882 Dominus
1437 3844 1489 3900 per
1503 3829 1584 3890 loab,
1601 3829 1629 3884 id
1645 3836 1695 3894 est,
1726 3849 1797 3903 pree·

949 3917 1089 3972 dicatores
1114 3915 1245 3972 destruit.
1271 3916 1418 3970 lebusaeus
1456 3917 1635 3983 conculcans,
1670 3918 1730 3974 haee
1757 3924 1800 3974 est

948 4004 1102 4076 gentilitas.
1120 4020 1185 4075 quse
1200 4007 1267 4058 ante
1289 4002 1377 4059 fldem
1406 4008 1548 4075 praecepta
1572 4004 1622 4059 Dei
1648 4007 1798 4061 conculca-

948 4094 1006 4149 bat.
1021 4095 1092 4147 Item
1115 4092 1262 4148 lebusaeus
1301 4093 1434 4159 calcatus,
1463 4091 1532 4164 quia
1558 4092 1715 4149 diabolusa
1741 4095 1796 4151 no-

948 4181 1028 4237 mino
1044 4183 1178 4250 calcatur,
1194 4186 1222 4236 et
1238 4179 1291 4236 sub
1306 4181 1375 4236 loeb
1391 4181 1540 4236 calcandus
1555 4181 1695 4236 subditur.

908 4293 931 4350 ὓ
985 4268 1065 4324 Vnae.
1079 4272 1105 4326 9.
1119 4299 1154 4311 -
1170 4272 1205 4325 lit
1218 4269 1373 4339 aedificavit.
1389 4271 1413 4325 A
1428 4269 1491 4325 loco
1506 4269 1547 4325 ita
1562 4268 1649 4339 dicto,
1676 4271 1798 4326 subaudi

949 4371 1064 4411 murum
1085 4374 1092 4412 ε
1109 4362 1138 4412 ει
1155 4357 1326 4412 intrinsecus
1345 4358 1465 4414 subaudi
1488 4358 1576 4413 alium
1604 4374 1730 4426 murum,
1746 4358 1799 4413 hoc

949 4446 1001 4511 est,
1016 4445 1139 4501 munivit
1147 4446 1249 4501 urbem
1266 4445 1372 4516 duplici
1395 4461 1488 4500 muro.

974 4535 1056 4589 Vens.
1078 4539 1117 4591 tt.
1133 4563 1168 4577 -
1190 4535 1267 4589 Misit
1298 4549 1411 4604 quoque.
1438 4534 1534 4589 Hiram
1556 4534 1651 4588 virens
1679 4533 1797 4600 excelse,

948 4628 1011 4684 brec
1025 4631 1067 4680 εει
1081 4623 1225 4691 gentilitas
1237 4623 1267 4677 in
1279 4622 1391 4678 Christo
1416 4623 1546 4690 excelsa3
1575 4622 1694 4677 nuntios
1711 4617 1809 4677 mittit

948 4714 984 4769 ad
1001 4712 1097 4775 David,
1114 4710 1142 4766 id
1169 4716 1211 4766 est
1233 4711 1364 4767 doctores
1391 4710 1428 4765 ad
1452 4709 1606 4778 Christum,
1621 4714 1649 4764 et
1676 4725 1729 4780 per
1749 4725 1799 4763 eos

948 4799 1161 4871 cedrinatigna‚
1177 4798 1206 4854 id
1228 4802 1270 4853 est
1299 4798 1481 4870 incorruptos
1500 4802 1528 4851 et
1551 4798 1663 4865 tortes3
1686 4802 1715 4852 ct
1727 4796 1799 4851 arti·

948 4890 1026 4950 fices,
1037 4887 1066 4942 id
1089 4892 1141 4951 est,
1180 4903 1229 4942 eos
1244 4902 1368 4957 quorum
1406 4890 1466 4941 arte
1494 4890 1603 4940 mentes
1624 4884 1799 4940 suntincor·

948 4982 1053 5048 ruptae,
1069 4981 1098 5029 et
1128 4980 1266 5046 tanquam
1288 4974 1397 5045 lapides
1423 4978 1546 5045 quatuor
1563 4973 1715 5028 virtutibus
1730 4990 1798 5045 qua·

949 5067 1048 5133 dratae,
1079 5065 1119 5119 sic
1141 5065 1244 5120 domus
1285 5063 1381 5129 David,
1415 5062 1442 5117 id
1475 5066 1517 5116 est
1544 5061 1667 5116 Ecclesia
1694 5061 1798 5117 Christi

948 5153 1114 5221 aedificatur,
1131 5158 1158 5208 et
1169 5151 1349 5223 cognoscitur
1364 5151 1442 5222 quod
1456 5151 1531 5206 Deus
1558 5154 1688 5205 nostrum
1707 5149 1797 5205 David

948 5242 1130 5298 confirmarit
1154 5256 1251 5314 regern
1274 5255 1361 5311 super
1403 5238 1498 5304 israel,
1532 5238 1561 5294 id
1590 5241 1643 5308 est,
1671 5237 1798 5293 videntes

949 5332 1050 5385 Deum.

984 5417 1075 5490 (Rea.)
1092 5417 1295 5472 liaereticorum
1321 5414 1453 5472 ecclesias
1477 5431 1541 5486 qnae
1556 5413 1608 5468 sub
1647 5411 1799 5470 Christiani

950 5505 1075 5561 nominis
1085 5503 1168 5560 titulo
1197 5517 1358 5557 semenare
1381 5502 1550 5573 gloriantur.
1576 5494 1631 5557 Sed
1647 5499 1714 5573 quia
1727 5515 1799 5572 pro-
