3892 6106
100 253 169 306 1027
399 248 596 306 wesselum
614 248 737 306 srahel
757 248 855 304 FULD.
877 249 956 306 tlon.
977 248 1057 305 OPP.
1078 249 1165 306 PARS
1188 249 1210 305 i.
1231 278 1265 289 ·-
1284 248 1511 306 Tuuotoelcn.
1786 253 1848 308 ibid

96 374 133 429 lit
150 374 236 428 omnis
251 373 387 442 sapientia
401 385 492 426 eorum
519 369 649 424 deuorato
677 374 726 425 est.
750 368 881 441 inquiete
896 386 940 424 sa·
960 370 1098 436 hDavid,
1114 374 1180 438 ete,
1204 385 1289 441 usque
1313 371 1351 426 aa
1364 371 1505 429 Canticum
1523 370 1685 428 addiriuas
1701 387 1761 441 res,
1777 373 1850 429 Psoi·

96 461 209 534 pientes
237 464 384 533 apparent,
414 458 529 530 quaudo
560 458 727 530 loquuntur,
756 458 872 530 quando
900 458 942 512 ie·
998 474 1058 513 mus
1073 459 1107 514 ed
1124 460 1248 514 actuales
1264 474 1376 530 operas.
1439 527 1444 536 Ι

98 549 250 621 guut3sed
266 549 395 604 veniente
409 550 588 618 tempestate,
604 545 702 601 omnia
725 547 853 602 humana
871 563 943 601 oon·
1033 550 1119 604 Vens.
1135 552 1161 603 t.
1186 578 1221 588 -
1247 551 1389 603 Paratum.
1417 546 1515 617 (Coss.)
1544 547 1649 604 Sextus
1663 549 1797 621 psalmus
1819 552 1852 606 de

98 639 161 692 eilia
174 637 324 704 deficiunt3
344 636 415 707 quid
431 635 575 707 agendum
590 635 636 698 sit,
661 652 720 690 non
741 636 862 691 videtur.
888 637 943 691 lie·
998 637 1110 692 duabus
1123 637 1234 693 naturis
1258 637 1423 693 iuChristo.
1449 639 1582 692 Paratum
1610 653 1658 693 eor
1681 654 1784 694 meum.
1798 639 1852 694 Pri·

96 731 152 781 stat
166 742 234 797 ergo
260 726 394 790 clamare,
420 727 452 778 ut
474 741 524 779 eor
551 740 651 779 eorum
665 724 768 780 solidet
793 725 878 791 Deus,
906 739 943 779 ua
999 743 1046 782 mo
1062 726 1188 781 Christus
1203 725 1310 799 gratias
1334 727 1403 798 agit,
1427 726 1496 798 quie
1510 727 1674 799 suscipiens
1689 727 1850 798 passionem

96 813 304 870 tentationibus
319 813 483 867 ventiletur.
999 816 1120 870 surrexit
1144 815 1175 870 in
1198 815 1330 887 gloriam.
1360 815 1500 882 Secundo,
1517 831 1582 888 quae
1610 816 1690 871 salus
1722 816 1760 870 sit
1784 816 1850 872 iacta

132 903 217 957 Vens.
234 904 277 956 32.
297 931 332 944 ·-
352 903 389 956 ln
412 902 542 957 Ecehsia.
559 901 654 973 (Aue.)
670 903 739 956 Ecce
755 902 831 957 unde
846 902 944 956 omnia
998 904 1079 960 omui
1094 910 1188 971 terrae,
1205 903 1255 972 ibi,
1275 905 1308 959 Ut
1327 905 1486 959 liberentur.

96 990 211 1058 dixerit,
227 1002 256 1045 et
272 991 322 1046 ubi
332 991 429 1045 omnia
441 991 578 1062 praedicta
591 995 730 1062 aguntur.
1032 995 1114 1049 Vens.
1130 999 1158 1050 7.
1178 1024 1213 1033 -
1229 995 1262 1048 Ut
1276 992 1433 1048 liberentur.
1453 992 1517 1065 (lu.)
1545 993 1679 1049 Secunda
1694 1009 1775 1064 pars,
1791 1010 1849 1066 que

142 1081 225 1134 Vsus.
248 1082 291 1135 33.
319 1109 354 1120 -
381 1081 475 1134 Posuit
496 1081 618 1148 fiumina.
636 1079 735 1147 (Cass.)
760 1079 843 1135 Sexta
865 1095 943 1152 pars,
998 1080 1074 1136 salus
1098 1082 1134 1137 sit
1157 1081 1230 1136 iacta
1258 1080 1338 1136 omui
1362 1086 1447 1137 terrae
1461 1097 1549 1153 super
1563 1098 1654 1153 quam
1683 1080 1789 1153 gloria,
1807 1082 1849 1137 hic

95 1170 243 1235 hactenus,
270 1168 416 1241 quomodo
442 1173 471 1223 et
493 1169 569 1222 mala
591 1167 775 1223 inimicorum
808 1169 944 1240 prodesse
998 1170 1086 1226 etiam
1099 1170 1246 1225 humilitas
1266 1169 1453 1226 humanitatis
1477 1175 1507 1225 et
1532 1169 1665 1242 potentia
1696 1170 1849 1242 majestatis

95 1258 172 1313 iacit.
198 1257 293 1328 (Aua.)
310 1259 400 1313 Posuit
425 1259 548 1325 (turnino.
582 1256 797 1329 Consequenter
819 1257 945 1313 Ecclesia
998 1260 1166 1315 ostenditur.

98 1346 317 1412 conmendatur,
345 1351 412 1414 etc,
438 1361 522 1415 usque
539 1346 577 1400 ad
601 1346 677 1401 unde
706 1350 735 1400 et
763 1362 832 1418 erga
851 1348 944 1402 Eccle-
1034 1347 1145 1402 Saluum
1164 1348 1220 1413 soc.
1236 1346 1612 1416 Utliberenturiuiuturo,
1627 1346 1676 1402 hic
1701 1348 1848 1416 salraeos,

95 1435 166 1491 siam
182 1435 233 1490 Dei
248 1434 388 1489 beneficia
403 1439 500 1506 aperta
516 1439 722 1491 monstrantur.
998 1450 1035 1488 nc
1057 1434 1167 1490 cadant.
1196 1435 1255 1504 Vel,
1282 1452 1312 1490 se
1339 1435 1412 1507 petit
1436 1435 1540 1490 saivari
1568 1436 1600 1490 in
1628 1436 1847 1510 resurrectione,

128 1526 210 1581 Vsus.
227 1525 274 1582 sl.
295 1554 324 1564 -
342 1526 374 1579 ln
389 1526 536 1592 saisupine.
576 1525 676 1591 (Cnss.)
704 1523 800 1579 Salsus
829 1524 944 1595 humor,
998 1521 1141 1577 uiiidales
1168 1522 1336 1591 liberantur,
1366 1523 1417 1594 qui
1444 1523 1495 1577 tali
1520 1523 1604 1595 siguo
1632 1523 1774 1579 deitatem
1791 1523 1848 1595 ejus

95 1614 145 1669 ubi
161 1612 545 1668 dominaturiecuuditatem
559 1612 642 1665 tollit.
998 1616 1159 1667 senserunt.
1190 1611 1285 1680 Quasi,
1321 1617 1354 1667 ut
1376 1615 1487 1667 cautem
1516 1617 1545 1668 et
1570 1613 1707 1687 psallam,
1741 1613 1849 1669 Saluum

130 1704 154 1760 A
182 1703 289 1757 malitia
321 1701 513 1755 habitantium.
540 1703 634 1767 (huo.)
657 1700 777 1770 Propter
804 1700 943 1756 malitiam
997 1717 1039 1755 me
1056 1699 1143 1768 facin
1165 1699 1376 1756 resurreetione
1400 1701 1515 1756 dextera
1529 1706 1589 1768 tua,
1606 1700 1636 1756 id
1659 1705 1705 1756 est
1718 1717 1773 1773 per
1785 1701 1850 1756 Ver·

96 1807 197 1846 eorum
219 1790 271 1861 qui
290 1788 503 1852 terramillam,
528 1786 559 1841 id
583 1792 627 1842 est
650 1788 866 1845 tabernaculum
888 1790 944 1844 Do·
996 1788 1078 1858 bum,
1095 1788 1203 1861 quiesi
1228 1787 1378 1843 brachium
1408 1788 1558 1857 Petris,ut
1585 1791 1625 1844 sic
1644 1790 1797 1845 liberentur
1807 1790 1847 1845 di-

96 1879 179 1945 mini,
194 1877 301 1933 dolosis
316 1876 461 1930 mentibus
476 1875 684 1930 inhabitabant.
998 1880 1059 1934 teeti
1082 1880 1133 1933 tui.
1150 1877 1224 1933 Ordo
1239 1877 1393 1932 verborum
1418 1894 1571 1933 conversus
1587 1883 1644 1935 est.
1666 1878 1742 1934 Dicit
1758 1879 1847 1934 euim:

131 1968 212 2022 Vnus.
236 1969 279 2022 37.
314 1996 347 2005 —
374 1967 409 2020 Et
431 1966 639 2019 seminaverunt.
665 1964 766 2031 (Cass.)
796 1965 945 2021 Seminant
997 1966 1113 2022 Salvum
1128 1983 1175 2021 me
1189 1965 1233 2020 iac
1248 1971 1276 2021 et
1287 1966 1400 2032 exaudi,
1417 1971 1446 2021 et
1460 1966 1570 2022 salvum
1584 1983 1630 2021 ma
1641 1967 1699 2024 iar.

95 2072 189 2128 agros,
206 2056 337 2128 plantant
358 2054 467 2119 vineas,
495 2052 545 2123 qui
563 2068 682 2123 corpora
694 2069 745 2106 sua
773 2054 880 2108 coelesti
899 2054 944 2109 in·
1032 2056 1114 2111 Vsus.
1146 2057 1173 2109 8.
1200 2083 1237 2095 -
1277 2054 1436 2110 [insultabo.
1476 2059 1574 2123 (hoo.)
1603 2056 1654 2110 Vel
1689 2055 1846 2123 exaltabor,

96 2144 245 2199 stitutione
277 2140 440 2214 purificant,
463 2145 494 2195 ut
516 2140 625 2195 fructus
656 2140 798 2196 bonorum
822 2158 943 2213 operum
996 2141 1224 2212 supralaalabor‚
1254 2140 1300 2196 hio
1324 2157 1389 2196 vero
1417 2142 1574 2210 exaltabor,
1591 2143 1673 2214 qrrod
1694 2143 1764 2199 satis
1779 2159 1846 2197 con·

95 2232 198 2288 ierant.
996 2231 1084 2298 venit,
1102 2229 1171 2301 quia
1185 2228 1220 2284 de
1233 2228 1405 2284 exaltatione
1420 2233 1462 2284 cst
1476 2230 1585 2286 loelitia.
1603 2232 1638 2287 Et
1661 2230 1795 2304 loquitur
1807 2233 1846 2287 hic

129 2320 211 2374 Vsus.
228 2322 271 2375 38.
289 2348 323 2359 -
351 2320 464 2377 Nimis:
489 2318 590 2387 (Cass.)
615 2334 666 2389 pro
693 2318 785 2386 valde,
808 2319 850 2373 val
876 2319 945 2391 quia
997 2319 1124 2375 Christus
1137 2319 1298 2390 inpersoua
1314 2318 1453 2373 Ecclesiae.

93 2409 176 2464 multi
190 2408 292 2479 vocati,
306 2407 390 2478 pauci
406 2423 472 2461 vero
489 2407 581 2462 electi.
1032 2409 1119 2464 vans.
1135 2411 1161 2463 9.
1175 2437 1206 2448 -
1231 2408 1271 2462 Et
1286 2407 1433 2477 Ephraim.
1460 2408 1521 2479 (lo.)
1538 2407 1677 2480 Ephraim
1693 2425 1779 2465 meus
1797 2414 1844 2477 est,

130 2499 211 2552 Vsus.
228 2499 275 2552 33.
299 2526 333 2536 —
363 2497 400 2550 Et
413 2498 509 2565 pauci.
539 2497 631 2564 (Aua.)
651 2495 777 2566 Septima
793 2512 867 2567 pars,
892 2496 943 2551 ubi
995 2494 1025 2551 id
1043 2502 1176 2566 est‚maa
1199 2499 1241 2551 est
1266 2496 1456 2561 fructificatio,
1480 2502 1604 2568 quaeest
1631 2498 1782 2571 susceptio
1800 2515 1845 2553 ea-

95 2586 200 2642 dicitur
228 2585 314 2640 eliam
336 2582 446 2655 aliquid
473 2583 507 2638 de
526 2582 678 2652 haereticis,
703 2589 768 2649 etc,
798 2599 883 2654 usquc
906 2585 943 2639 ad
995 2581 1062 2653 pilis
1084 2583 1150 2638 mci.
1175 2584 1239 2638 llaec
1264 2582 1445 2638 fructificatio
1470 2586 1512 2638 est
1535 2599 1568 2640 er
1597 2599 1631 2639 eo
1657 2585 1738 2655 quod
1764 2589 1844 2656 caput

93 2677 254 2731 nouerant
278 2674 313 2728 de
341 2673 484 2745 paucitate
510 2672 676 2728 electorum.
710 2675 819 2729 Veneti.
843 2673 942 2744 (Cass.)
995 2671 1120 2742 suscepit
1130 2687 1187 2736 me,
1200 2672 1514 2743 relegoeaput.(Cass.)
1526 2673 1576 2728 Vel
1593 2671 1745 2744 Ephraim,
1758 2673 1843 2740 idest,

94 2765 154 2831 Vel,
180 2762 364 2835 persistentes
378 2777 430 2832 per
443 2761 602 2827 haereticos,
619 2762 662 2815 vel
678 2760 802 2815 haeretici
832 2760 942 2816 insidiis
994 2758 1186 2830 fructificatio,
1217 2766 1261 2814 est
1297 2759 1439 2831 susceptio
1463 2760 1564 2832 capitis
1584 2760 1654 2829 mei,
1687 2760 1759 2834 quia
1781 2762 1845 2816 dum

93 2852 209 2909 diaboli.
229 2851 316 2906 Dolor
335 2855 364 2905 et
378 2849 527 2904 tribulatio
543 2849 587 2904 his
607 2849 656 2921 qui
671 2853 815 2904 auctorem
842 2850 942 2905 salutis
994 2848 1125 2920 spineam
1139 2865 1276 2903 coronam
1296 2853 1382 2920 caput
1393 2865 1490 2903 meum
1506 2849 1640 2921 suscepit,
1659 2849 1737 2904 ultra
1751 2865 1847 2905 omues

93 2940 270 3012 relinquunt.
954 2937 1187 2999 ciructificavit:
1218 2940 1310 2991 totum
1349 2936 1427 2991 enim
1471 2936 1600 2992 Christus
1639 2936 1771 2993 lucratus
1808 2941 1847 2994 est

96 3029 209 3084 'Vens
235 3030 331 3084 to-
351 3027 454 3097 Effusa
476 3031 528 3083 est.
562 3029 655 3094 (Aue.)
684 3027 743 3092 Vei,
770 3027 876 3082 eilusus
899 3029 941 3081 est
991 3025 1147 3080 mundum.

92 3123 285 3189 contemptus,
310 3120 377 3186 ete,
397 3131 482 3185 usque
505 3115 543 3170 od
570 3115 683 3186 etquid
708 3115 777 3171 iecit
803 3117 890 3171 ctiam
904 3114 940 3170 de
1030 3115 1111 3169 Vens.
1129 3116 1174 3169 ll.
1195 3145 1229 3154 -
1251 3116 1316 3184 Quis
1326 3114 1486 3170 deducitme
1501 3115 1684 3170 insinuatem
1701 3116 1844 3169 munitam.

92 3204 390 3261 illisseductisiEcee.
994 3204 1060 3273 llo.)
1085 3203 1164 3258 Siout
1187 3202 1285 3268 homo,
1308 3203 1413 3272 quaerit
1434 3201 1573 3269 Christus,
1594 3206 1627 3256 ut
1658 3201 1843 3274 respondeat,

132 3293 275 3348 Vaesll.
292 3292 462 3361 *Adjuuit
486 3307 642 3361 pauperem.
673 3290 770 3346 Potuit
795 3291 861 3346 illos
881 3292 941 3363 pati
993 3290 1200 3363 negathocab
1228 3290 1346 3345 homine
1371 3307 1452 3362 posse
1475 3289 1547 3345 fieri.
1575 3290 1694 3346 Civitas.
1718 3291 1845 3346 inieruus

94 3383 168 3437 Deus
197 3396 310 3452 semper
333 3380 420 3445 intus,
440 3379 490 3433 sed
518 3379 689 3433 uosdcillis
717 3379 938 3451 uouproiicera-
993 3378 1591 3453 quemnulluspoterataperire.ldumeae
1605 3383 1719 3450 gentos,
1744 3379 1845 3452 quibus

93 3487 167 3526 mus.
183 3471 253 3525 Cum
283 3473 379 3522 autem
398 3466 530 3538 ‘separati
555 3472 630 3535 sunt,
647 3473 741 3538 ctper
770 3468 940 3540 quaest‘roues
993 3472 1057 3540 post
1083 3466 1320 3521 resurrectionem
1343 3466 1489 3522 innotuit:
1515 3466 1576 3522 haec
1602 3483 1618 3521 a
1652 3468 1716 3523 sola
1744 3469 1843 3524 deitate

92 3575 145 3614 nos
162 3556 335 3629 inquietant,
360 3555 486 3609 nascitur
500 3554 584 3608 nobis
596 3554 793 3626 inquisitionis
813 3556 939 3611 studium
993 3554 1208 3629 poterantfieri.

92 3646 246 3702 ettimoris
266 3644 440 3715 exemplum,
457 3647 498 3709 ul,
528 3645 580 3711 Qui
604 3649 670 3711 stat,
694 3645 937 3700 videatnecadat.
1027 3645 1111 3700 Vsus.
1131 3644 1371 3714 {u-llepatistt
1391 3658 1449 3712 nos,
1465 3645 1675 3699 etnoneaibr's.
1700 3646 1767 3717 (lu.)
1786 3646 1843 3700 Plu-

92 3735 125 3790 Et
139 3734 208 3807 quid
222 3735 253 3789 iu
274 3749 402 3805 paupere
431 3733 528 3803 adjuto
557 3732 710 3788 rtdoillis
737 3733 878 3788 seductis?
904 3737 940 3789 Et
992 3732 1091 3788 raliter
1114 3732 1182 3787 dicit
1209 3749 1270 3800 uos,
1295 3732 1363 3803 quia
1389 3731 1437 3788 hic
1456 3731 1581 3789 Christus
1607 3748 1675 3787 cum
1708 3733 1842 3789 membris

88 3827 182 3894 posuit
205 3826 276 3878 sicut
289 3836 360 3876 oues.
381 3821 474 3875 Unum
496 3837 655 3892 pauperem
669 3821 804 3892 putabas;
821 3822 872 3877 sed
887 3821 939 3876 iste
993 3821 1102 3893 patitur
1123 3838 1218 3892 supra,
1247 3821 1431 3892 singulariter
1469 3819 1602 3892 dicendo,
1639 3821 1765 3878 deducet
1789 3837 1841 3877 me.

91 3929 202 3986 pauper
219 3917 262 3967 est
285 3910 384 3965 multas
402 3909 529 3974 iamiliae,
549 3910 648 3964 multra
664 3910 814 3965 Ecclesia:
842 3914 940 3965 tamen
994 3912 1103 3965 liorum
1117 3910 1247 3965 omnium
1257 3909 1571 3981 expositionesrequire
1586 3910 1617 3964 iu
1628 3926 1708 3965 nouo
1725 3912 1840 3983 psalmo.

91 4005 121 4058 et
135 4007 177 4056 cst
198 4017 255 4055 una
270 3998 406 4068 Ecclesia,
435 3997 577 4053 unaovis.
608 4000 673 4053 llaee
696 4004 778 4054 tauta
805 3999 940 4070 mysteria
1286 3998 1438 4054 essemus
1456 3998 1548 4054 cvlll.

90 4091 141 4146 diu
154 4091 282 4156 latentia,
297 4094 325 4144 et
339 4088 405 4142 ideo
416 4086 538 4141 dulciter
553 4087 676 4141 inventa.
1028 4089 1115 4143 Vens.
1138 4091 1162 4143 l.
1187 4117 1222 4128 -
1235 4090 1267 4143 ln
1291 4090 1381 4157 finem,
1404 4089 1538 4143 Psalmus.
1564 4087 1661 4155 (Auo.)
1690 4087 1842 4158 Prophetis

125 4177 206 4233 Vens.
236 4181 280 4231 ti.
307 4206 342 4215 —
363 4175 498 4232 Videbunt
517 4178 585 4231 reati
602 4180 627 4230 et
657 4176 829 4231 letabuntur.
847 4177 940 4247 (Auo.)
994 4177 1030 4233 de
1050 4176 1173 4243 Christo,
1202 4182 1268 4243 ele,
1297 4191 1382 4247 usque
1417 4176 1455 4231 ad
1482 4180 1510 4231 et
1538 4192 1603 4248 quae
1630 4175 1666 4231 de
1693 4178 1769 4232 luda
1796 4192 1840 4231 ex·

93 4267 234 4338 Eoeequo
251 4263 401 4320 Psalmista
426 4263 570 4318 teudatad
593 4264 818 4328 hoo,scilicatut
840 4270 939 4319 osten·
993 4282 1091 4338 pressa
1106 4270 1181 4331 sunt,
1206 4264 1344 4320 utillud:
1369 4265 1410 4320 Et
1428 4266 1611 4335 episcopatum
1643 4265 1705 4336 ejus
1729 4266 1839 4336 accipiat

92 4355 140 4411 det
154 4354 231 4427 quod
253 4352 319 4409 boni
334 4370 386 4425 per
407 4352 634 4407 misericordiam
650 4351 700 4407 Dei
715 4353 885 4422 exaltantur,
907 4359 940 4409 ut
994 4356 1073 4410 alter.

91 4444 160 4499 mali
176 4459 226 4515 por
243 4443 407 4514 superbiam
422 4445 619 4496 conteruntur.
1029 4444 1129 4510 (Cass.)
1153 4442 1274 4508 Quintus
1315 4458 1415 4498 eorum
1444 4441 1495 4514 qui
1526 4441 1614 4497 latius
1649 4441 1686 4498 de
1712 4443 1838 4514 passione

126 4533 208 4586 Vens.
236 4532 281 4587 la.
306 4560 340 4570 -
355 4530 420 4597 Quis
446 4532 594 4599 sapienset
620 4528 752 4585 custodiet
776 4531 851 4586 hae?
873 4531 937 4603 (lu.)
994 4533 1094 4601 agunt.

91 4619 254 4687 Conclusio,
281 4619 363 4691 quasi
387 4619 503 4689 diceret,
532 4618 601 4690 quia
631 4634 789 4689 pauperem
825 4620 940 4690 adjurat
1029 4619 1113 4673 Vens.
1142 4622 1172 4673 t.
1199 4648 1234 4657 -
1260 4618 1334 4673 Deus
1363 4619 1479 4674 laudem.
1507 4619 1606 4686 (Cass.)
1645 4619 1745 4677 Donet
1765 4619 1837 4675 luda

91 4709 241 4774 Dominus,
267 4723 336 4778 ergo
362 4723 369 4761 :
407 4708 472 4774 Quis
508 4712 546 4762 est
574 4709 701 4777 sapiens?
729 4709 938 4764 Misericordiae.
994 4707 1135 4762 malitiam
1150 4706 1301 4774 declinare,
1333 4711 1398 4775 etc,
1427 4722 1512 4777 usque
1544 4707 1583 4763 ad
1617 4707 1751 4764 Christus
1778 4722 1837 4778 ergo

23 4856 29 4863 ,
62 4805 65 4809 “
90 4796 169 4861 Quod
184 4796 219 4850 de
241 4811 337 4850 errore
352 4794 464 4864 liberat,
487 4802 551 4864 etc,
567 4811 652 4865 usque
671 4795 709 4850 ad
729 4801 758 4850 et
771 4796 885 4868 iniquus
908 4813 940 4850 os
994 4795 1152 4850 secuudum
1169 4795 1247 4866 quod
1270 4795 1358 4848 homo
1383 4811 1467 4850 orans
1483 4795 1520 4850 ad
1543 4797 1659 4850 Patrem
1687 4797 1748 4853 eit:
1774 4799 1837 4864 Qua

90 4901 175 4943 suum
187 4884 306 4956 oppilat.
993 4898 1022 4938 os
1033 4885 1193 4954 peccatoris.
1211 4883 1271 4954 (lo.)
1294 4885 1401 4965 Decora
1422 4883 1581 4952 diversitas,
1597 4884 1667 4957 quia
1681 4885 1777 4958 iniqui
1788 4900 1837 4940 uon

397 5024 551 5079 PSALMUS
579 5025 655 5080 GVH·
993 4976 1321 5116 tscvegislvssueerffiss'
1337 5062 1432 5132 (Aoo.)
1457 5059 1534 5116 Sicut
1556 5059 1614 5132 piis
1639 5076 1696 5132 per
1710 5079 1740 5118 se
1754 5061 1838 5134 piacet

126 5154 207 5208 Vsus.
236 5154 261 5206 i.
278 5181 314 5192 -
339 5152 480 5208 Canticum
503 5151 614 5220 psalmi.
643 5153 737 5219 (huo.)
765 5151 804 5206 Ex
825 5154 940 5222 postre·
995 5149 1123 5221 aeqrritas,
1139 5149 1178 5203 sio
1192 5148 1289 5220 impiis
1309 5148 1457 5235 iniquitas.

91 5240 146 5295 mis
161 5239 290 5312 partibus
301 5238 434 5304 duorum,
451 5243 517 5304 etc,
535 5253 618 5307 usque
632 5238 669 5293 ad
684 5244 715 5294 ut
728 5239 941 5310 complerentur
1031 5237 1111 5292 Vens.
1140 5237 1218 5290 l.-
1244 5239 1297 5293 Pro
1312 5253 1341 5292 eo
1367 5243 1398 5292 ut
1420 5253 1470 5292 me.
1499 5237 1562 5308 (io.)
1591 5237 1659 5293 Plus
1679 5242 1792 5308 nocent,
1812 5237 1838 5291 io

92 5327 218 5398 eloquiaj
231 5327 449 5398 prophetarum.
467 5325 566 5396 (Cass.)
584 5326 633 5381 llio
651 5327 735 5396 plura
746 5327 847 5382 eadem
875 5343 940 5399 quse
994 5325 1132 5380 membris
1147 5324 1330 5381 detrahentes
1358 5325 1481 5391 Christo,
1509 5326 1708 5397 quiaanimas
1722 5326 1837 5384 ereditu-

90 5430 187 5485 supra,
201 5419 265 5481 ele,
280 5429 365 5484 usque
377 5414 415 5468 od
429 5419 458 5468 et
470 5413 544 5468 bene
555 5414 728 5486 junguntur,
752 5432 817 5487 quas
844 5417 940 5469 nulla·
993 5429 1091 5468 rorum
1107 5412 1293 5481 interficiunt,
1307 5429 1395 5486 quam
1405 5414 1456 5485 qui
1464 5429 1582 5470 carnem
1590 5415 1653 5488 ejus
1667 5432 1738 5474 mox
1750 5429 1837 5473 resur-

91 5507 174 5558 teuus
203 5506 375 5574 repugnant.
406 5502 472 5574 (lu.)
503 5503 534 5557 ln
560 5502 653 5574 primo
683 5502 779 5573 agitur
814 5501 848 5558 de
872 5502 941 5574 iuga
993 5506 1344 5574 recturamperemerunt.
