3892 6106
134 218 187 274 tor
443 219 640 276 wasnaum!
659 221 783 277 seusei
803 223 902 279 FULD.
922 222 1008 280 ΙΙΟΝ.
1032 224 1109 279 ΟΡΡ.
1132 223 1219 279 PARS
1238 222 1260 277 1.
1280 250 1314 260 -
1333 218 1563 276 resoluatur.
1838 221 1892 274 508

133 340 231 410 lassa)
258 342 343 397 Moses
370 341 492 408 famulus
526 356 600 398 meus
623 348 745 398 mortuus
781 351 830 400 est.
866 342 1026 402 advertet
1044 343 1121 399 enim
1137 348 1204 399 sant
1218 342 1269 417 qui
1282 342 1403 398 edocent
1415 341 1554 414 populum
1569 341 1648 397 exire
1659 341 1695 397 do
1709 342 1841 413 Egypto,
1857 342 1893 397 de

136 429 283 502 quomodo
310 434 413 502 regnat
436 431 527 498 lesus,
555 435 621 498 etc,
645 448 730 503 usque
756 432 794 488 ad
829 433 986 507 spiritualis
1040 434 1187 489 erroribus
1209 433 1316 488 scilicet
1340 431 1454 498 mnndi,
1485 435 1514 485 et
1536 429 1657 486 transire
1682 445 1736 502 per
1763 446 1893 486 eremum

137 519 227 575 lloses
242 519 350 592 estqui
365 519 434 574 vivit
447 519 477 574 in
487 519 599 590 spirim.
1039 527 1159 590 vastam,
1174 521 1268 590 idest,
1284 522 1477 577 tentationum
1494 535 1603 592 genera
1621 519 1733 575 diversa
1747 522 1893 575 transcur-

173 611 259 676 Suros
280 613 306 664 et
326 611 425 677 transi,
446 613 498 664 etc.
525 610 604 665 Nunc
626 626 695 684 argo
715 629 882 686 exsurgens,
895 615 986 671 baasi
1039 627 1114 666 rere.

135 698 289 756 Iordanem
304 698 402 761 istum,
418 703 471 754 ete.
488 699 558 754 Vide
582 701 726 772 quomodo
749 701 880 759 minister
899 704 986 760 tuerit
1077 701 1156 755 Vsus.
1173 704 1198 756 7.
1214 729 1249 743 -
1275 698 1361 756 Hodie
1387 701 1520 770 incipiam
1544 698 1667 753 enaltoee
1696 702 1731 764 te,
1747 702 1801 753 etc.
1829 698 1893 767 (Io,

137 783 300 841 itosilesua
317 781 403 838 Filias
424 782 485 839 Dei.
508 784 659 841 tumuerit
682 787 822 856 plenitudo
848 791 984 859 empna.
1039 790 1088 845 ubi
1109 788 1217 860 supra.)
1244 789 1331 845 biulta
1349 787 1481 860 prodigia
1503 786 1534 842 in
1556 802 1654 843 eremo
1672 789 1753 857 gesta
1775 791 1852 854 sunt,
1867 792 1896 841 et

136 875 211 927 mnis
242 873 314 925 Deus
341 873 440 927 Filium
463 887 542 927 slsum
561 875 667 940 fuctum
689 889 723 929 ec
737 875 859 945 muliere,
881 879 986 944 sarman
1040 894 1184 950 nusquam
1208 877 1313 933 dicitur
1336 877 1477 932 exaltatus
1491 876 1580 932 lesus.
1599 874 1651 930 Ubi
1671 891 1739 929 vero
1756 874 1896 931 transitur

135 959 185 1015 sub
198 960 253 1026 tepc
267 959 343 1032 (Gal.
367 959 415 1032 iv),
438 961 508 1032 qnia
530 960 621 1017 taetris
645 962 697 1018 sub
722 965 783 1034 loge
798 965 878 1036 ltosi,
896 965 987 1022 tactas
1039 968 1187 1033 iordanes,
1211 966 1315 1021 dicitur
1330 965 1364 1020 ad
1389 980 1479 1020 enm:
1501 963 1589 1020 Hodie
1615 964 1747 1034 incipiam
1760 963 1895 1018 caudore

138 1052 180 1103 ost
200 1048 330 1103 minister
346 1049 423 1105 biosi.
444 1050 477 1104 Et
492 1050 584 1105 tactus
601 1055 644 1107 est
659 1051 763 1107 Christi
784 1051 914 1109 minister
932 1055 986 1109 cir·
1041 1061 1076 1123 te,
1102 1059 1155 1111 etc.
1178 1053 1314 1110 Exultatio
1333 1054 1410 1109 enirn
1432 1054 1498 1109 lesa
1524 1053 1553 1107 in
1576 1057 1731 1123 conspectu
1753 1052 1855 1122 populi
1876 1070 1893 1105 s

138 1136 319 1192 cumcisionis
340 1138 375 1192 ed
394 1137 605 1194 confirmandas
624 1140 830 1210 promissiones
852 1143 983 1200 Patrem.
1040 1144 1184 1218 baptismo
1200 1144 1288 1199 sumit
1302 1143 1460 1198 exordium.
1486 1143 1539 1207 Qui
1554 1141 1633 1195 enirn
1654 1141 1845 1211 baptizantur,
1861 1141 1889 1195 in

175 1226 255 1280 Vens.
282 1227 308 1282 ³.
334 1257 369 1266 -
389 1228 497 1284 Omnem
521 1229 617 1298 locum,
641 1235 694 1285 etc.
718 1230 818 1302 (θήῃ,
842 1232 944 1288 bom
959 1235 988 1287 in
1041 1239 1133 1291 morta
1154 1233 1245 1304 ipsius
1264 1231 1457 1303 baptizantur,
1481 1231 1563 1302 cnjus
1587 1245 1664 1284 mors
1688 1229 1719 1284 in
1739 1229 1828 1284 uocis
1842 1244 1891 1283 ex·

136 1316 207 1385 los.)
224 1314 329 1370 Littera
343 1315 414 1386 tegis
435 1316 517 1372 humi
532 1316 624 1388 posita
644 1323 697 1384 est,
713 1324 742 1375 et
755 1320 889 1376 deorsum
900 1320 986 1391 jacet,
1042 1323 1180 1379 allatione
1207 1321 1376 1392 completor.
1402 1319 1501 1375 bierito
1530 1333 1600 1390 ergo
1627 1317 1733 1389 cuique
1764 1315 1893 1372 bdelium

138 1409 204 1472 etc,
232 1419 316 1476 usque
340 1405 378 1459 ad
398 1410 429 1461 ut
447 1422 505 1461 non
530 1407 622 1462 solum
651 1407 784 1464 efficiaris
814 1410 905 1465 haeres
927 1410 986 1479 Dei,
1042 1419 1111 1470 tnnc
1140 1411 1266 1483 primunr
1293 1409 1375 1464 lesus
1393 1408 1544 1472 exaltatur,
1571 1422 1637 1461 cum
1662 1406 1699 1460 ed
1724 1405 1894 1476 mysterium

137 1493 186 1550 sed
202 1493 327 1549 cohaeras
346 1494 460 1550 Christi.
631 1559 636 1565 ,
1043 1499 1177 1572 baptismi
1198 1497 1339 1569 pervenit.
1365 1496 1468 1551 Unde:
1496 1496 1640 1551 &stanit
1668 1494 1750 1549 illum
1769 1495 1850 1560 Deus,
1873 1496 1898 1547 et

175 1584 255 1638 Vens.
272 1584 299 1639 t.
316 1584 388 1640 -Α
410 1584 514 1641 desolo
528 1586 680 1654 ettiliano,
705 1588 878 1660 etaloris..
903 1588 986 1660 ibid.)
1008 1590 1156 1684 Bdonavit
1177 1590 1221 1643 illi
1242 1602 1338 1642 nomen
1360 1586 1434 1655 quod
1451 1589 1490 1641 est
1510 1598 1592 1654 super
1618 1597 1695 1638 omsu
1714 1596 1823 1646 mmsis,
1844 1584 1895 1635 etc.

139 1674 274 1730 bremam
298 1675 326 1726 et
350 1671 558 1730 Antilibanum.
589 1677 652 1732 Non
677 1675 749 1732 dixit
772 1677 915 1744 bibonam,
940 1678 989 1733 sad
1082 1679 1163 1732 vass.
1183 1680 1209 1732 9.
1226 1707 1261 1716 -
1288 1676 1399 1730 Domini
1423 1676 1474 1730 Det
1497 1673 1593 1738 castrt,
1617 1677 1670 1726 etc.
1696 1670 1810 1735 (Ausa,
1827 1670 1896 1723 bom.

138 1761 344 1827 Antilibanum,
375 1765 439 1831 etc,
470 1778 555 1833 usque
577 1765 615 1820 ad
644 1764 766 1821 Ecclesia
796 1782 831 1821 ax
856 1768 992 1839 gentibus
1043 1766 1187 1836 italos.)
1214 1764 1357 1821 Peccatori
1379 1763 1474 1818 omnis
1497 1765 1627 1817 creatura
1650 1758 1740 1814 bostis
1762 1763 1816 1825 est,
1833 1762 1896 1824 eta,

140 1853 312 1922 congregata
328 1850 488 1921 pertesum
502 1851 656 1909 Christum.
1043 1856 1199 1928 usquead:
1215 1857 1264 1924 qui
1278 1855 1409 1910 conuertit
1427 1857 1536 1923 petram
1550 1852 1579 1904 tn
1595 1853 1695 1916 stepen
1712 1862 1860 1918 aquaricu,
1874 1851 1899 1900 sl

175 1937 274 2008 (Ano,
299 1942 394 2007 quast.
412 1940 422 1992 t
440 1940 470 1993 tn
482 1941 569 2003 lorus,
594 1944 669 1998 tom.
697 1942 760 2014 ill.)
783 1943 819 1999 Ex
841 1943 896 1999 hoc
909 1943 990 2000 testi·
1043 1961 1138 2016 rupem
1152 1949 1181 2000 in
1192 1947 1290 2012 sontes,
1306 1948 1360 1997 etc.

139 2026 239 2083 monio
255 2026 362 2082 statiis
384 2028 524 2099 probatur
548 2029 638 2085 floses
661 2030 821 2096 defunctus,
839 2036 870 2086 ot
882 2031 933 2087 Dei
947 2031 988 2086 la·
1079 2034 1161 2088 Vens.
1180 2035 1222 2088 t0.
1238 2062 1273 2072 -
1289 2031 1467 2095 chaeroneus,
1492 2026 1652 2101 possidens,
1679 2024 1723 2079 vel
1744 2022 1897 2094 possessio,

140 2116 238 2172 mulus
265 2120 294 2171 et
320 2117 378 2173 Deo
406 2117 531 2188 placens,
560 2117 690 2188 quamvis
712 2119 742 2174 in
757 2135 791 2174 eo
806 2120 855 2174 illa
869 2118 991 2175 vindicta
1044 2123 1089 2178 vel
1105 2120 1307 2193 negotiatores,
1336 2119 1379 2174 vel
1402 2116 1556 2173 motabilis.
1579 2115 1714 2179 lictteus,
1739 2110 1899 2167 formidans

139 2205 283 2276 completa
309 2204 356 2271 sit,
383 2222 420 2261 ne
447 2205 564 2260 terram
580 2205 778 2281 promissionis
803 2207 933 2265 intraret.
955 2210 991 2265 Ex
1044 2212 1103 2267 sire
1125 2218 1252 2282 stupens.
1277 2211 1398 2274 liranus,
1425 2206 1534 2278 lapides
1556 2204 1704 2275 colligens.
1729 2203 1898 2266 Pherezaea,

142 2310 201 2367 quo
215 2293 299 2350 datur
321 2293 445 2368 intelligi
467 2295 558 2350 Deum
580 2295 667 2350 etiam
682 2294 713 2350 in
735 2295 818 2351 bonis
833 2297 918 2352 serris
933 2297 992 2353 suis
1046 2316 1190 2370 separans,
1207 2298 1266 2352 siae
1282 2296 1483 2351 disseminans.
1511 2294 1674 2362 capessas,
1699 2290 1835 2345 colonum
1847 2303 1898 2357 ap·

140 2381 239 2456 aliqua
253 2383 441 2454 corporaliter
454 2384 498 2439 rel
517 2383 717 2455 temporaliter
739 2383 892 2455 vindicare,
909 2390 990 2441 etis·
1045 2389 1131 2461 plico,
1151 2388 1195 2442 rel
1218 2388 1352 2442 colonum
1376 2384 1502 2456 ejiciens,
1524 2383 1583 2437 sive
1606 2382 1716 2436 advena
1741 2375 1900 2450 appropin-

142 2487 210 2527 men
224 2487 272 2527 eos
287 2471 442 2526 interrasa
458 2471 579 2527 honesta
594 2477 623 2527 et
640 2472 720 2528 utilia
734 2472 849 2528 babere.
1047 2492 1149 2550 qirans.
1172 2475 1361 2538 Amorraeus,
1386 2487 1500 2527 amarus
1522 2471 1566 2526 rel
1590 2470 1721 2541 loquens.
1745 2467 1898 2530 reomaus,

179 2562 360 2631 Praesstill'itlle
385 2561 480 2615 Josue.
519 2565 610 2628 (Aue,
648 2566 743 2632 tmi-
777 2563 816 2630 Ἄ)
850 2560 993 2627 Ouaeriiur
1046 2567 1197 2630 calcantes,
1212 2565 1256 2618 vel
1272 2579 1402 2635 praesepe
1415 2576 1525 2617 eorum.

143 2648 289 2723 quomodo
311 2647 365 2704 hoc
387 2649 536 2722 praecepit,
550 2654 704 2723 postquam
723 2650 863 2706 Dominus
888 2650 993 2705 exhor·
1085 2656 1167 2711 Vens.
1185 2657 1227 2710 15.
1243 2683 1278 2693 -
1292 2654 1387 2708 Moesis
1410 2651 1578 2721 impleuerat.
1602 2647 1665 2702 LXX
1679 2661 1687 2700 r
1703 2646 1781 2702 Sicut
1795 2646 1827 2698 in
1840 2643 1898 2697 dte·

142 2742 218 2795 tfltffi
234 2742 276 2793 ⁸⁵1
299 2754 376 2803 eum·
400 2742 465 2806 θῐΰη
488 2754 573 2808 “still
593 2738 631 2794 ‘ld
658 2738 808 2810 dispositio
822 2739 884 2810 ejus
897 2737 993 2794 Jelhro
1048 2746 1097 2800 baa
1114 2746 1209 2799 messia
1233 2743 1327 2798 tritici.
1350 2739 1411 2795 Hoc
1424 2737 1592 2793 incredibile
1607 2735 1720 2789 videtur
1733 2731 1900 2803 regionibus

143 2830 315 2898 suggerente
331 2825 467 2883 divinitus
492 2830 628 2882 mutatur.
1047 2832 1163 2897 nostris,
1179 2831 1221 2886 ibi
1236 2835 1331 2885 auam
1348 2829 1433 2894 (sicin
1456 2825 1608 2897 perhibent
1620 2822 1671 2895 qui
1690 2822 1843 2888 noverant)
1870 2819 1900 2873 in

182 2916 320 2972 Rubenttis
334 2931 451 2987 quoque.
466 2916 621 2987 (bnassu,
638 2917 710 2972 bom.
725 2917 783 2972 tin
795 2914 904 2984 Josue.)
920 2916 994 2969 Con·
1012 2938 1032 2994 c
1048 2919 1130 2974 initio
1146 2917 1219 2972 varis
1233 2922 1277 2971 est
1291 2914 1392 2970 messis
1408 2913 1517 2979 tritici:
1534 2916 1604 2966 tuuc
1618 2915 1714 2965 autem
1730 2908 1779 2962 ilie
1793 2906 1900 2962 tluvius

145 3006 306 3063 sideramus
320 3020 408 3077 quam
430 3004 555 3060 formam
579 3008 696 3060 teneant
710 3005 775 3061 duee
799 3010 827 3060 et
840 3003 926 3058 semis
941 3002 995 3057 tri·
1049 3006 1190 3062 redundat
1208 3010 1236 3060 et
1250 3004 1387 3074 impletur
1400 2999 1525 3071 amplius
1536 3013 1623 3069 quam
1644 3012 1694 3069 per
1707 2995 1844 3050 hiemem.

145 3096 209 3163 bus,
234 3101 300 3162 etc,
322 3094 459 3164 usquead
481 3095 652 3167 quitorram
675 3093 812 3149 ssrrontem
830 3093 873 3148 iac
895 3092 994 3147 etmel
1086 3097 1166 3150 Vsus.
1203 3098 1244 3148 ¹6.
1274 3123 1309 3133 -
1340 3093 1476 3148 Steterunt
1507 3102 1585 3157 aqua
1618 3084 1813 3146 &scandentes
1846 3087 1900 3137 etc.

145 3184 177 3240 in
191 3182 382 3239 amaritudine
399 3183 517 3239 malitiae
535 3182 674 3238 detinent
1009 3198 1012 3203 ·
1050 3184 1160 3253 (ansa,
1181 3184 1251 3237 bont.
1275 3181 1314 3251 4.)
1340 3181 1403 3236 lton
1418 3177 1525 3249 absque
1540 3174 1668 3246 mysterii
1691 3172 1803 3227 ratione
1826 3170 1902 3226 arbi·

486 3307 600 3364 CAPUT
618 3307 644 3362 H
1051 3277 1111 3328 tror
1131 3271 1280 3342 scriptum,
1302 3273 1367 3335 etc,
1389 3281 1474 3336 usque
1497 3264 1534 3319 od
1557 3267 1587 3318 et
1609 3278 1685 3317 rinus
1703 3260 1829 3332 Spiritus
1846 3274 1903 3332 quo

646 3347 653 3362 ⁸
1051 3377 1152 3416 omnes
1174 3359 1361 3431 puriiioantur
1375 3356 1406 3410 in
1429 3353 1582 3426 baptismo,
1597 3357 1625 3406 et
1640 3366 1714 3405 uaris
1728 3350 1804 3405 Deus
1820 3349 1903 3403 Peter

184 3412 264 3468 Vens.
288 3415 312 3466 l.
330 3441 364 3453 -
377 3413 453 3469 noa
468 3426 542 3481 erpo,
558 3417 610 3467 etc.
625 3411 712 3482 (Dans
726 3415 756 3468 s'n
769 3410 996 3483 larentiniana
1051 3449 1193 3506 omnium·

146 3501 244 3558 civitas
269 3500 394 3556 mundas
416 3505 470 3571 est,
489 3501 525 3556 ad
546 3517 632 3572 quom
656 3500 793 3556 Dominus
818 3499 946 3555 Christus
960 3501 995 3556 ad

146 3590 367 3662 perscrutandos
383 3606 476 3645 mores
498 3589 651 3645 bominum
673 3591 730 3646 duo
754 3591 934 3645 Testamenta
951 3590 995 3645 di·
1385 3585 1498 3641 CAPUT
1517 3583 1560 3639 ΙΙΙ.

146 3678 229 3734 rexit.
251 3680 322 3734 Nam
337 3677 367 3733 in
383 3694 417 3734 eo
434 3686 465 3733 ut
479 3679 657 3734 credentium
679 3678 768 3734 fldem
781 3683 829 3733 aut
844 3678 995 3734 rebellium
1087 3714 1166 3768 vm
1183 3715 1210 3765 7·
1224 3741 1258 3750 ..
1282 3711 1313 3765 Μ
1326 3714 1464 3764 mmmm·
1491 3705 1582 3775 (Aua.)
1608 3700 1757 3768 Quomodo
1772 3700 1803 3754 in
1818 3705 1903 3754 aeqef.

141 3766 336 3867 'perficaciffm
367 3767 480 3867 minim
516 3766 724 3839 mmmm&
752 3771 818 3847 3⁰¹⁰
843 3767 997 3823 adventum
1052 3818 1134 3871 num,
1163 3815 1229 3854 cum
1253 3800 1487 3853 coelumetterru
1511 3792 1677 3848 transeant?
1696 3791 1741 3845 An
1764 3788 1902 3861 quoniam

143 3857 244 3928 Judlcri
259 3873 312 3923 sur,
329 3872 411 3928 quasi
426 3856 622 3928 exploratores
642 3856 724 3925 duos,
743 3857 846 3927 Legem
861 3860 889 3910 et
906 3857 997 3911 Evan·
1051 3896 1190 3947 nemum
1218 3885 1328 3958 aliquid
1355 3883 1507 3955 significat,
1536 3897 1601 3936 cum
1630 3879 1685 3951 ipsi
1710 3876 1812 3932 merui
1841 3893 1900 3932 esse

147 3946 256 4019 8⁰¹⁵¹¹¹¹¹
272 3945 432 4001 danuam·
1052 3996 1110 4035 uon
1140 3975 1272 4049 possint?
1298 3974 1432 4041 Quamvis
1460 3971 1550 4043 possit
1573 3969 1651 4042 quod
1678 3967 1709 4022 in
1736 3967 1835 4022 Graeco
1861 3970 1902 4020 ost

185 4038 299 4106 (Anam,
327 4035 396 4090 bona
422 4035 466 4097 3.)
492 4033 681 4090 itittuntura
709 4035 777 4089 lesa
804 4036 998 4106 exploratores
1053 4067 1150 4125 Latine
1166 4065 1221 4120 dici
1237 4080 1327 4134 „sque
1343 4063 1372 4116 ,n
1387 4061 1533 4116 mulum,

147 4124 179 4179 in
192 4124 314 4192 iericho,
339 4128 405 4193 etc,
430 4139 514 4193 usque
528 4124 566 4178 od
579 4124 603 4178 si
624 4123 654 4179 in
670 4122 868 4178 misericordia
883 4121 997 4177 Domini
1088 4157 1167 4212 Vm
1197 4156 1239 4209 40·
1264 4153 1465 4220 festinavitque
1494 4148 1612 4219 popurus
1638 4150 1664 4200 ΕΙ
1694 4146 1818 4211 pamm,
1849 4147 1901 4198 etc,

147 4211 558 4267 suiintellexeritbonitalern.
1012 4243 1164 4319 mm,
1194 4243 1265 4298 hom·
1293 4242 1334 4309 2.)
1362 4240 1417 4305 Qui
1446 4252 1524 4292 mm
1555 4234 1684 4291 Rubrum
1716 4231 1903 4300 transierunt,

185 4303 266 4357 vm·
284 4304 325 4357 ¹⁶·
342 4330 377 4342 “
398 4301 587 4401 ΑᾳΜωηα
609 4299 784 4398 ⁶‚⁰'²⁸⁶⁶'¹df‘‚⁶'
811 4303 863 4355 m·
880 4300 998 4398 (A⁰,⁸¹¹'’
1053 4333 1190 4406 baptizati
1215 4334 1282 4385 sunt
1306 4329 1337 4384 in
1363 4329 1467 4399 bioysc,
1493 4331 1560 4394 etc,
1589 4339 1672 4393 usqae
1695 4320 1733 4376 ad
1755 4336 1821 4375 curn
1846 4320 1904 4392 jam

150 4391 220 4445 bom.
244 4392 285 4458 3.)
304 4391 358 4445 Dat
378 4405 491 4462 sapiens
515 4394 650 4444 meretrix
672 4388 823 4443 consilinm
849 4393 1000 4460 mysticum
1055 4439 1112 4478 non
1129 4422 1164 4476 si,
1180 4420 1231 4492 qui
1245 4421 1386 4474 enema,
1399 4416 1475 4470 filios
1491 4414 1586 4469 lsrael.

150 4487 180 4536 at
200 4479 322 4544 coeleste,
349 4486 414 4546 etc,
439 4495 523 4551 nsque
537 4480 574 4534 ad
595 4496 659 4551 qua
686 4478 840 4550 aliquando
863 4478 1001 4533 meretrix
1090 4512 1170 4565 vm·
1187 4509 1229 4564 ,4⁸
1245 4538 1279 4548 -
1304 4509 1336 4562 Μ
1355 4506 1400 4560 die
1414 4506 1470 4570 mo,
1496 4508 1550 4557 em·
1574 4502 1693 4570 Semper
1713 4498 1853 4552 mnam,
1866 4499 1907 4552 est

150 4574 222 4636 orat,
245 4569 460 4668 ⁸mundataest
481 4567 512 4622 in
531 4583 607 4639 aqna
627 4570 656 4623 et
677 4564 788 4637 Spiritu
810 4571 907 4622 sancto
928 4564 1000 4621 etin
1054 4601 1134 4656 Jews
1161 4597 1236 4670 apud
1260 4597 1394 4653 patrem:
1421 4592 1470 4647 sed
1487 4606 1560 4663 opus
1585 4592 1674 4644 estu,
1693 4587 1721 4642 in
1751 4589 1906 4657 conspectu

150 4672 290 4729 sanguiue
306 4657 420 4713 Christl·
1055 4692 1152 4744 nostro
1182 4685 1288 4740 exaltet
1314 4683 1397 4737 ilium
1421 4682 1506 4749 Deus,
1533 4678 1562 4734 id
1589 4682 1643 4738 est,
1671 4679 1703 4730 ut
1725 4674 1908 4729 altitudinem

485 4762 598 4819 CAPUT
618 4762 667 4817 ῙῙῙ·
1055 4774 1212 4834 divinitalis
1227 4773 1289 4845 ejus
1312 4784 1527 4843 cognoscamus.
1553 4767 1615 4822 Hoc
1629 4770 1724 4819 autem
1739 4763 1782 4832 iit,
1810 4762 1836 4816 si
1849 4762 1909 4818 lor·

189 4872 268 4927 Vens.
297 4874 325 4928 3.
355 4900 385 4912 -
419 4871 485 4929 cum
511 4869 638 4924 videritis
665 4882 759 4923 arcam
782 4864 931 4923 tesamenti
955 4865 1005 4921 Det
1055 4867 1159 4923 danem
1178 4861 1388 4928 transierimus,
1403 4864 1433 4914 et
1447 4857 1531 4912 variis
1550 4857 1796 4910 sacramentorum
1810 4848 1907 4906 mani·

151 4964 249 5027 nostri,
269 4965 295 5016 et
324 4959 487 5028 anantes,
512 4963 537 5013 et
560 4959 669 5014 benitas
693 4960 832 5028 portantes
858 4971 926 5020 eam,
948 4957 1001 5009 etc.
1056 4951 1211 5010 mentisad
1224 4951 1320 5006 lotura
1333 4949 1575 5004 beilaarmamur.

153 5051 247 5123 (ano,
263 5054 358 5122 quast.
375 5052 391 5106 3
406 5052 437 5103 tn
457 5047 564 5119 desae.)
587 5046 683 5117 Longa
704 5045 815 5117 jussum
842 5048 885 5098 est
908 5056 1003 5097 arcam
1093 5044 1173 5098 Vsns.
1193 5043 1235 5095 tlt.
1249 5069 1284 5078 -
1296 5039 1418 5106 Praeeipc
1435 5033 1629 5091 smerdotibua.
1648 5029 1731 5103 (aaa.
1750 5030 1782 5083 tn
1794 5027 1909 5096 docus.)

153 5139 327 5212 precedere,
350 5143 416 5206 elo,
440 5151 526 5207 usque
540 5135 577 5191 ad
591 5134 667 5190 nabe
688 5133 840 5202 subtracta,
866 5136 1003 5203 tanquam
1057 5131 1160 5188 llanda
1185 5126 1378 5184 sacerdotibus
1408 5121 1590 5196 portantibus
1616 5134 1712 5175 arcam
1734 5115 1910 5179 testamenti,

152 5226 294 5283 velamine
309 5226 412 5282 ablato.
1058 5225 1125 5285 ato,
1140 5231 1225 5286 usquc
1245 5215 1283 5270 ad
1301 5213 1351 5286 qui
1376 5212 1405 5267 in
1424 5211 1466 5266 rei
1493 5212 1620 5264 ventura
1643 5205 1844 5262 testimonium
1861 5204 1910 5258 ds·

190 5317 333 5373 Pracedtte
359 5315 499 5384 populum.
525 5312 627 5383 (Orio,
654 5313 723 5367 bom.
754 5311 800 5379 iv.)
829 5311 883 5365 Per
911 5323 1003 5363 sacer·
1058 5313 1121 5364 tam
1136 5305 1190 5361 init
1205 5305 1288 5360 Vetus
1300 5304 1524 5358 Testamentum.

154 5407 234 5462 dotes
250 5403 400 5459 deducitur
414 5402 547 5474 popalus,
558 5408 587 5457 et
600 5402 656 5457 iter
668 5400 728 5472 agit
742 5399 776 5454 ad
788 5404 892 5454 terram
907 5412 1003 5468 repro·
1093 5396 1212 5466 Populus
1248 5397 1350 5449 autent.
1393 5392 1556 5460 (bussina,
1588 5387 1659 5441 born.
1695 5383 1733 5451 2.)
1763 5382 1825 5437 Non
1851 5379 1913 5435 sine

154 5493 300 5551 missionis
329 5492 493 5565 magisterio
525 5492 716 5548 sacerdotnm.
749 5492 784 5546 itt
811 5490 916 5557 intra:
947 5485 1005 5558 lpsi
1061 5500 1147 5541 causa
1172 5482 1302 5555 signatur
1325 5479 1440 5554 quando
1463 5476 1583 5532 veniant
1604 5475 1641 5531 sd
1660 5472 1825 5538 tardonem,
1846 5472 1913 5535 etc,
