3892 6106
505 262 639 321 GLOSSA
655 262 861 322 onolttitltlt.
881 293 916 303 -
936 265 1002 321 illl.
1023 265 1035 320 l
1055 265 1177 321 tunel.
1666 268 1720 324 obl

74 393 151 447 eunt
161 393 258 444 autem
274 405 291 442 a
307 387 411 443 Colone
425 386 513 442 lluvio
528 402 645 442 omnem
659 387 749 442 lodice
764 387 844 443 red
862 387 985 443 boletus.
1002 385 1092 442 Variis
1119 386 1197 443 enim
1222 387 1372 444 arentibus
1397 389 1515 445 nomina
1540 397 1719 448 commutan-

74 493 153 550 tquae
165 481 281 533 vocatur
296 476 400 532 hierio.
867 479 924 544 tor,
944 475 1070 532 etruria
1083 476 1219 548 mysteria
1233 476 1441 548 significantur.

74 567 136 623 ‚hb
150 567 266 634 -Sem,
285 566 336 621 Ar.
364 563 545 635 (haelsicut
572 563 603 619 io
618 563 761 635 principio
776 563 812 618 ab
901 566 984 622 Vens.
1001 565 1047 620 43.
1071 565 1190 621 bancho.
1217 564 1320 622 Civitas
1350 567 1419 622 llala
1455 567 1508 623 lilii
1545 569 1617 625 lleor
1643 569 1719 642 ragis

74 655 197 728 isquead
214 654 385 710 Nocdecem
414 652 614 723 generationes
640 651 812 724 posuit3ila
868 654 966 722 bidom,
977 659 1043 726 post
1054 669 1141 726 quam
1167 653 1298 725 regnarit
1312 655 1412 710 lebab.
1442 658 1491 711 Est
1505 661 1603 712 umen
1629 674 1719 732 usque

74 759 164 817 usqne
190 744 226 799 ad
252 744 370 811 Abram,
395 756 455 797 non
477 741 539 796 siue
568 740 738 796 sacramenti
752 756 813 812 my·
866 743 951 797 hodie
960 743 1028 798 villa
1053 743 1179 811 bonaha,
1195 743 1225 798 io
1254 747 1354 798 octavo
1374 744 1511 800 milliario
1535 748 1717 818 Areopoleos,

865 831 1052 903 pergentibus
1061 834 1226 900 ermonem,
1243 836 1273 887 et
1287 832 1377 887 altere
1406 833 1618 906 Denabesupar
1636 852 1719 892 mon-

74 937 91 977 ι.
120 924 163 977 ¹29.
194 950 228 960 -
255 920 464 987 Primogem'tos.
488 919 630 989 (ilreaou,
656 917 760 985 Quoeet.
783 920 812 973 to
865 924 923 975 tem
939 921 1060 994 Phagor,
1076 920 1107 975 in
1134 919 1256 991 septimo
1283 920 1377 992 lapide
1399 921 1494 977 labus.
1523 922 1717 994 Hieronymus

88 1014 158 1065 tom.
180 1005 239 1076 lll.)
256 1006 412 1061 Duodecim
425 1006 478 1060 lilii
501 1011 660 1061 nascuntur
682 1005 810 1062 ismaeli:
866 1008 1010 1066 delashii.
1266 1054 1269 1063 .

74 1099 169 1156 coitus
192 1097 342 1156 Nabaiollr,
360 1112 449 1168 equo
478 1095 571 1150 omnis
598 1095 679 1167 regio
703 1097 739 1151 ab
754 1097 812 1151 Eu-
898 1097 979 1154 Vras.
1008 1099 1053 1153 ll.
1085 1126 1120 1140 -
1146 1098 1238 1154 Jooao
1263 1100 1337 1169 plius
1361 1102 1447 1167 zore,
1473 1115 1559 1172 quem
1587 1100 1641 1156 lob
1657 1115 1719 1156 esse

77 1203 168 1260 usque
185 1186 221 1242 ad
235 1201 313 1240 mare
328 1185 459 1240 Rubrum
475 1183 672 1239 Nobeiotheoa
692 1184 809 1240 dicitur:
865 1185 1056 1258 suspicentur.
1088 1185 1143 1242 Sed
1169 1186 1280 1242 llebraei
1309 1187 1435 1243 efferunt
1459 1204 1527 1244 eum
1562 1188 1597 1244 da
1632 1188 1719 1261 stirpe

76 1273 394 1332 mutatoriorum
418 1273 534 1328 lemiliae
549 1272 676 1343 ipsorum
693 1272 811 1345 oppida·
867 1274 980 1330 Naehor
1005 1289 1067 1331 ease
1096 1275 1305 1346 progenilnm3
1334 1276 1417 1332 Philo
1444 1282 1550 1343 autem,
1579 1277 1610 1333 in
1645 1277 1719 1332 libro

74 1364 141 1437 regi,
156 1379 188 1419 ac
202 1363 315 1418 minuto
329 1363 445 1417 castella
472 1367 501 1417 et
517 1361 608 1416 tribus
634 1361 739 1417 horum
757 1378 810 1433 ap·
866 1362 1064 1429 Quaestionum
1080 1378 1166 1434 snper
1180 1363 1323 1430 Genesim,
1342 1370 1440 1420 narrat
1467 1365 1513 1420 his
1540 1366 1720 1438 temporibus

75 1468 114 1509 na
139 1452 315 1508 celebrantur
340 1451 377 1505 ab
400 1467 456 1505 una
480 1465 512 1504 ex
528 1449 569 1505 eis
594 1449 685 1505 Cadur
707 1449 738 1504 io
757 1450 811 1505 de·
865 1468 933 1508 eum
948 1450 1035 1507 luisse
1050 1455 1078 1506 et
1105 1451 1245 1524 accepisse
1273 1468 1393 1509 uxorem
1427 1453 1536 1516 Diuum,
1563 1455 1653 1510 llliam
1669 1456 1720 1510 Ja-

74 1543 202 1599 ttllome
215 1541 271 1596 aliu
286 1539 375 1612 ragio,
393 1543 421 1594 et
434 1538 594 1594 Theberam
617 1538 810 1610 odanstrom,
864 1541 935 1598 cob:
952 1546 979 1598 et
1008 1545 1072 1596 ante
1098 1540 1264 1596 tentationis
1289 1557 1349 1597 sue
1386 1547 1531 1598 certamen
1560 1543 1630 1599 dicit
1655 1558 1720 1600 eam

74 1646 124 1687 ma
137 1630 174 1686 ad
187 1629 362 1686 orientalem
378 1629 502 1700 plagam.
826 1672 848 1728 B
867 1635 976 1704 septem
1002 1629 1078 1685 lilios
1105 1635 1134 1686 et
1156 1636 1213 1685 tres
1240 1629 1314 1685 lilios
1335 1630 1379 1686 illi
1406 1647 1568 1703 generasse,
1597 1632 1649 1705 qui
1672 1648 1719 1688 ax-

87 1721 133 1777 32.
148 1749 184 1760 -
199 1719 311 1776 cetea.
345 1716 438 1789 (Rae.)
452 1716 538 1782 Quasi
561 1716 712 1788 copulato,
736 1716 812 1771 unda
867 1719 964 1775 atiocti
987 1723 1054 1775 sunt
1080 1718 1300 1775 intentatione.
1327 1719 1381 1776 Sed
1407 1720 1435 1776 ei
1463 1725 1563 1776 sanato
1596 1720 1721 1777 reddidit

74 1812 139 1865 onir
171 1807 283 1863 liebroei
312 1822 377 1862 eum
406 1821 467 1860 esse
494 1808 570 1876 Agar
599 1820 676 1876 quas,
699 1809 813 1860 mortua
867 1804 1007 1862 Dominus
1032 1807 1131 1863 omnia
1157 1806 1292 1878 duplicia,
1306 1813 1335 1863 et
1363 1808 1434 1864 item
1461 1813 1570 1881 septem
1589 1809 1664 1865 lilios
1691 1813 1722 1865 et

74 1895 265 1953 sconenbina
287 1894 434 1951 transierit
461 1894 491 1950 io
518 1911 648 1963 uxorem,
675 1911 711 1951 oe
726 1909 812 1949 senex
868 1902 925 1951 tres
948 1897 1023 1952 illias
1047 1895 1196 1968 praedictas
1217 1911 1289 1952 oxor
1311 1898 1421 1969 genuit,
1450 1913 1576 1970 quorum
1602 1896 1721 1954 nomina

74 1990 190 2055 rguator
205 1985 314 2056 nuptiis
329 1983 481 2040 lascivisse.
867 1985 969 2042 eadem
982 1985 1100 2041 luerunt
1123 2000 1189 2057 qnae
1212 1985 1354 2057 priorum,
1381 1986 1410 2041 id
1433 1992 1487 2055 est,
1515 1986 1643 2059 Eliphaa,
1664 1989 1719 2043 Ar·

74 2072 136 2131 Filii
151 2078 249 2129 autem
264 2074 392 2141 cotnra,
411 2073 495 2144 juxta
518 2071 669 2128 historicos
678 2071 813 2128 llcbraao-
867 2089 943 2143 moe,
959 2072 1084 2136 lliesmb,
1101 2072 1233 2141 Philome,
1265 2074 1479 2145 lliphurceluth,
1507 2075 1629 2143 Thalen,
1643 2075 1721 2131 illio-

74 2166 270 2234 eeupevcruol
286 2161 508 2230 Trooonitidam,
532 2161 581 2217 alii
603 2160 813 2217 Traconitidam
868 2175 934 2217 rum
948 2176 1014 2217 varo
1024 2161 1113 2228 lderu,
1126 2161 1234 2225 Linath,
1248 2161 1317 2218 zeli.

74 2251 157 2309 iarn:
173 2267 239 2324 quaa
257 2267 334 2306 nunc
348 2254 466 2307 vocatur
496 2251 642 2318 Eidormo,
671 2266 763 2323 usqua
777 2249 813 2305 ad
901 2253 999 2322 bocru,
1013 2254 1066 2306 etc.
1086 2250 1157 2316 Quas
1174 2256 1216 2306 ast
1237 2252 1324 2307 bosor
1343 2251 1441 2307 civitas
1457 2250 1489 2307 in
1514 2253 1627 2308 deserto
1641 2256 1720 2309 hana

74 2339 154 2397 lubri
168 2339 316 2395 terminos.
866 2341 1020 2396 lordaoem
1037 2339 1068 2394 in
1080 2339 1157 2394 tribu
1185 2339 1297 2395 liuban.
1325 2341 1493 2412 Appellator
1517 2346 1546 2397 ct
1560 2342 1617 2397 alio
1631 2342 1721 2398 bosor

74 2430 139 2487 riae.
154 2428 339 2484 Ablssorim
353 2428 450 2500 Syrios
475 2428 593 2502 quidam
613 2433 731 2484 recatus
740 2443 814 2483 con·
866 2428 966 2485 civitas
981 2430 1053 2486 Esau
1077 2429 1109 2485 in
1124 2429 1271 2485 montibus
1290 2430 1426 2497 ldumeo,
1455 2429 1490 2487 de
1506 2446 1564 2502 qua
1588 2430 1717 2487 dicitur:

74 2521 140 2589 l,at
154 2534 171 2574 a
184 2517 330 2590 plerisque
352 2517 420 2573 liliis
450 2518 572 2574 abrahe
589 2517 625 2574 de
652 2517 756 2573 Cetura
769 2532 814 2572 oc·
869 2519 987 2574 dulcido
999 2519 1157 2574 assumento
1166 2517 1226 2587 ejus
1257 2519 1385 2574 collocor.

74 2622 156 2664 rasae
168 2607 257 2663 indiae
268 2605 410 2678 regiones.
902 2607 986 2662 Voss.
1002 2607 1047 2662 le.
1067 2632 1105 2646 -
1127 2607 1336 2662 Tlamuoorom.
1366 2607 1494 2661 Theman
1522 2605 1719 2678 regisaTha-

74 2738 76 2747 .
93 2698 138 2754 33.
160 2726 195 2738 -
212 2697 315 2766 prer.
341 2693 437 2766 (lina.)
462 2693 512 2749 llic
533 2693 638 2750 dicitur
652 2698 751 2749 contra
766 2693 813 2750 lai-
867 2709 937 2748 man
951 2693 1012 2748 lilio
1026 2692 1143 2764 Eliphaz
1154 2692 1256 2748 sortita
1270 2692 1449 2748 vocobulum.
1466 2694 1614 2765 Estusqoe
1631 2690 1719 2747 hodie

74 2784 214 2841 xercitum
235 2783 359 2853 duxisse,
388 2782 429 2838 ihi
442 2781 533 2838 victor
560 2782 733 2851 consedisse,
758 2799 812 2854 po·
867 2780 934 2835 villa
948 2780 1085 2847 Theman,
1111 2780 1221 2837 distans
1248 2780 1284 2835 ab
1309 2781 1380 2836 orbe
1402 2781 1487 2836 Petra
1504 2780 1633 2853 quinque
1656 2779 1720 2835 mil·

74 2888 150 2930 nean
162 2873 279 2929 nomine
291 2873 354 2944 ejus
366 2871 492 2928 timeam
509 2887 701 2943 nuncupasse.
868 2868 953 2936 libus,
967 2873 996 2925 et
1010 2869 1059 2924 obi
1074 2870 1271 2924 Romanorum
1296 2867 1420 2924 militum
1439 2868 1607 2940 praesidium
1634 2867 1717 2935 sedit,

74 3006 80 3021 .
108 2965 153 3019 et.
184 2962 321 3019 Tiamou.
363 2960 516 3027 Quaritur,
543 2976 608 3015 cum
630 2959 760 3016 Thamna
781 2959 812 3014 in
827 2964 849 3022 c
866 2964 975 3030 dequo
990 2957 1053 3013 loco
1075 2957 1132 3012 luit
1158 2956 1273 3029 Eliphuz
1306 2972 1355 3012 rex
1383 2958 1617 3013 Themaoorum:
1644 2972 1719 3011 onos

92 3050 205 3123 legetur
228 3048 387 3104 concubina
415 3064 475 3104 essa
501 3048 619 3121 Eliphar
646 3048 681 3106 de
705 3063 812 3121 genere
866 3045 1232 3118 quoquaflliornmlsmaol
1247 3045 1448 3117 appellabatur
1466 3046 1603 3101 Theman.
1624 3044 1719 3101 Scien-

74 3153 179 3207 aorum,
207 3137 257 3211 qui
283 3137 360 3209 epod
395 3136 537 3192 ldumaeos
564 3137 766 3193 habitaverunt
781 3138 812 3192 in
865 3134 935 3189 dum
961 3127 1058 3191 autam
1085 3135 1162 3206 quod
1191 3134 1285 3195 omnis
1316 3135 1449 3190 australis
1474 3134 1554 3206 ragio
1584 3133 1719 3190 Hebraico
1747 3184 1754 3195 ,

74 3227 120 3296 air,
141 3243 206 3300 qum
225 3227 338 3299 peperit
361 3224 389 3281 ei
414 3226 541 3291 Amalec,
555 3223 713 3297 ‚quomodo
735 3225 813 3280 inter
864 3222 994 3280 Theman
1011 3222 1128 3279 dicilm.

74 3319 229 3382 emeretur,
248 3331 314 3372 cum
335 3314 366 3370 in
396 3313 583 3387 aequantibus
609 3314 722 3385 legator
748 3312 813 3384 ipsa
897 3313 979 3368 Vsus.
1002 3312 1048 3368 lb.
1071 3340 1108 3354 -
1134 3310 1260 3378 Medma,
1280 3311 1410 3368 civitasa
1436 3310 1559 3367 minimo
1590 3310 1719 3367 illiorum

74 3420 186 3461 raoror
207 3406 305 3460 lotam
329 3402 382 3459 lilii
403 3401 475 3469 Scir,
504 3401 555 3474 qni
571 3407 601 3457 et
628 3400 812 3457 lidom‘lSed
864 3400 1009 3457 Abraham
1035 3404 1065 3456 at
1092 3401 1223 3456 Cethurae
1246 3399 1288 3456 sic
1311 3405 1418 3456 vocata
1451 3401 1499 3457 list
1526 3404 1622 3457 aotam
1639 3405 1719 3456 tram

74 3492 177 3550 ibreica
200 3493 310 3565 pilosus
339 3491 455 3560 dicitur,
484 3490 535 3563 qui
561 3490 617 3546 tuit
639 3489 670 3544 in
692 3489 811 3546 modum
863 3488 999 3545 Arabiam
1024 3489 1056 3544 in
1079 3489 1192 3545 deserto
1220 3489 1427 3546 Saracenorum
1452 3493 1552 3545 contra
1577 3488 1718 3546 orientem

74 3580 210 3654 hispidus.
240 3581 327 3636 lidum
351 3584 446 3636 autom
475 3578 612 3635 llcbraice
635 3578 742 3634 rubeus
766 3580 811 3634 val
864 3579 953 3634 maris
963 3578 1064 3647 Rubri,
1081 3579 1157 3634 unde
1173 3583 1313 3634 vocantur
1338 3579 1495 3648 lledionari,
1522 3578 1720 3636 elladianoea

77 3671 121 3729 eb
148 3687 183 3726 eo
201 3670 290 3740 igitur
310 3669 387 3741 quod
416 3668 505 3724 rubeo
526 3667 591 3724 cibo
610 3667 739 3723 vendidit
751 3668 810 3739 pri-
864 3667 954 3740 regio.
971 3666 1052 3723 Tillo
1080 3681 1196 3739 qnoque
1222 3666 1313 3722 soceri
1338 3666 1427 3738 ldoysi
1450 3667 1518 3723 lilia
1546 3668 1659 3723 ldadian
1673 3666 1717 3725 di·

75 3761 106 3815 ts
126 3773 187 3826 soa,
212 3758 302 3814 Edem
330 3760 444 3811 vocatus
470 3760 523 3811 est.
554 3753 666 3810 llebraei
689 3770 756 3810 varo
769 3754 809 3810 ila
863 3764 987 3825 cuntur;
1017 3755 1067 3812 sed
1094 3754 1156 3811 haec
1183 3754 1240 3811 alia
1266 3754 1366 3810 civitas
1394 3758 1437 3810 est
1470 3770 1630 3828 ononymos
1656 3756 1718 3829 ejus

74 3846 201 3902 ‚Dicunt
228 3846 387 3901 Themnem
420 3842 612 3898 concubinam
641 3842 729 3899 fnisse
753 3842 809 3898 Eli·
860 3846 943 3918 juxta
958 3847 1113 3901 armonem
1138 3847 1167 3899 at
1194 3842 1371 3916 Areopolim,
1398 3843 1480 3915 cujus
1507 3843 1600 3900 adhuc
1624 3847 1717 3902 ruinae

74 3936 89 3991 =t
117 3949 267 4006 &narasse
291 3933 318 3989 ei
338 3933 463 4002 Amalec,
476 3932 525 3988 sed
553 3936 692 4004 tanquam
720 3931 810 3988 liliam
864 3935 1072 3989 monstrantur.

74 4022 168 4080 horeb
181 4022 244 4094 ipso
259 4021 517 4078 loissaeducatam.
894 4022 978 4077 Veas.
1005 4021 1051 4077 te.
1081 4049 1116 4062 ·-
1144 4019 1295 4076 Robobotlt.
1322 4018 1394 4076 Urbs
1424 4022 1467 4074 est
1488 4018 1571 4091 juxte
1595 4018 1716 4076 fluvium

74 4112 185 4168 ,lu-
211 4112 314 4179 Abom,
337 4112 388 4184 qni
410 4111 444 4166 de
470 4125 574 4182 genera
605 4108 810 4166 llorrhesorom
863 4110 913 4166 ubi
927 4113 1050 4165 aratrex
1081 4108 1183 4176 Edem,
1208 4112 1348 4182 utusque
1370 4107 1456 4165 hodie
1477 4113 1521 4164 est
1547 4108 1716 4181 presidium

77 4200 181 4259 &nasi
209 4200 353 4267 scribitur,
375 4200 509 4269 Aluham,
537 4198 568 4255 id
586 4203 630 4255 ost
655 4200 810 4255 exolutus.
863 4199 895 4255 io
930 4198 1048 4272 regione
1082 4197 1235 4266 Gabalena,
1264 4201 1296 4253 et
1332 4197 1411 4253 ricus
1439 4196 1557 4271 grandis
1597 4197 1648 4272 qui
1677 4199 1716 4253 sic

74 4289 232 4364 lipomanis
258 4306 324 4345 vero
345 4289 439 4356 Aban,
462 4286 492 4344 id
507 4292 551 4342 est
564 4288 685 4359 ejectus,
715 4285 844 4365 signi-p
864 4291 989 4345 vocatur.

74 4378 119 4452 gui
144 4378 273 4435 llorrhari
300 4377 414 4433 exaltati
439 4381 507 4432 sunt
533 4380 688 4448 antequam
718 4374 808 4432 Edem
904 4378 986 4432 Vsus.
1016 4376 1059 4432 30.
1081 4405 1114 4417 -
1140 4374 1249 4431 llotred
1274 4376 1348 4447 lilia,
1374 4380 1428 4432 etc.
1456 4378 1525 4433 lloaa
1552 4379 1660 4432 matres
1669 4376 1717 4433 hic

74 4482 175 4524 eorum
189 4473 315 4539 caperet,
329 4471 396 4539 post
407 4481 473 4522 vero
488 4465 580 4537 ejecti.
862 4468 1063 4532 numerantur,
1080 4463 1113 4519 ad
1134 4462 1355 4536 significandum
1386 4464 1565 4537 mysterium,
1591 4468 1623 4521 ut
1637 4464 1716 4521 aori·

74 4555 281 4628 Llllrmou.)ld
304 4560 357 4623 est,
384 4554 495 4627 unipes.
511 4554 543 4609 ln
565 4551 668 4610 Genesi
700 4553 807 4626 Sepho,
862 4554 910 4612 lex
951 4553 1100 4626 mouisset
1123 4552 1368 4626 dispensatricem,
1397 4558 1428 4610 et
1444 4553 1632 4626 dispensatrix
1658 4555 1715 4610 llo·

74 4643 147 4716 ripas
162 4661 170 4712 ;
187 4649 447 4715 utromqoeteman
461 4643 552 4714 perui
575 4641 655 4697 schin
669 4641 808 4713 litterum,
862 4643 936 4700 mini
970 4641 1189 4715 benignitatem,
1219 4641 1288 4714 qnia
1316 4656 1351 4696 ex
1388 4642 1581 4714 profunditate
1616 4656 1717 4698 sensus

74 4737 147 4790 amm
161 4733 274 4800 dicitnr,
300 4733 398 4806 quiae
416 4747 550 4802 processo
575 4730 715 4801 temporis
732 4732 809 4788 mul-
860 4731 1120 4789 nuscitorlacuoda
1149 4730 1255 4787 locutio
1284 4746 1349 4802 quae
1377 4730 1465 4787 fldem
1486 4731 1626 4786 mundam
1647 4744 1714 4802 gra·

74 4822 197 4879 rsobolis
221 4823 359 4894 majorem
386 4818 542 4878 elllcaciem
565 4818 698 4875 habuerit
718 4835 807 4891 quam
861 4821 932 4879 tiam
953 4821 1005 4877 llai
1025 4824 1209 4894 promeretur
1235 4819 1356 4893 gignere
1385 4819 1416 4874 in
1444 4818 1579 4875 cordibus
1605 4819 1715 4876 andito-

74 4926 102 4967 rii
691 4940 694 4945 ·
861 4925 936 4967 filma

92 5000 138 5057 lt.
151 5001 329 5056 -ilomroc
354 4999 387 5053 ln
416 4994 641 5068 Paralipomenis
669 4997 805 5066 llamrao,
896 5001 978 5057 Vara.
994 5000 1039 5056 tl.
1058 5028 1095 5042 -
1118 5001 1213 5065 Duces,
1242 5002 1296 5054 etc.
1330 4995 1494 5052 Notandum
1534 4996 1613 5069 qnod
1632 4995 1714 5069 prius

74 5087 236 5155 uhricatns,
264 5087 394 5142 sordidus
418 5086 462 5141 vel
488 5085 678 5140 tumulentus.
709 5087 742 5142 ln
757 5086 808 5143 Ga·
860 5104 944 5162 reges
959 5087 1032 5146 dixit
1051 5089 1086 5146 de
1114 5087 1213 5152 Edem.
1240 5092 1340 5158 postea
1363 5087 1448 5142 duces
1462 5101 1529 5142 cuna
1557 5085 1637 5160 prius
1651 5085 1715 5142 loe·

74 5177 148 5244 iden,
164 5176 193 5232 id
203 5181 246 5232 est
256 5173 483 5247 concupiscibilis
496 5193 503 5241 ;
517 5173 569 5229 sed
581 5179 704 5246 utraque
719 5176 806 5232 unius
860 5182 930 5234 runt
940 5193 948 5234 ε
959 5193 1083 5251 quorum
1097 5177 1236 5250 quasdam
1250 5181 1356 5231 matres
1368 5174 1549 5244 nominatur
1563 5174 1714 5232 oolibama

74 5265 216 5323 anomioa
230 5269 306 5320 sont.
860 5271 889 5323 et
903 5267 1041 5323 namna.
1278 5336 1282 5347 ¹

97 5355 144 5411 lt.
175 5384 208 5398 -
231 5357 326 5411 locon.
353 5353 445 5427 (aia.)
473 5354 560 5410 lacau
573 5352 651 5409 filim
677 5354 749 5411 esar
769 5355 806 5412 da
891 5357 956 5412 Duo
972 5353 1071 5411 Atto.
1101 5353 1170 5410 lllva
1191 5351 1222 5409 in
1245 5352 1348 5411 Genesi
1367 5352 1483 5424 legitur,
1512 5353 1595 5426 enjus
1622 5353 1711 5411 inter·

88 5445 282 5508 llorrmorom,
302 5443 334 5499 io
360 5442 463 5500 Genesi
484 5445 562 5499 Acen
585 5441 760 5512 nominator,
775 5441 805 5499 id
859 5443 984 5516 protetio
1007 5441 1189 5510 elaratio;in
1217 5441 1444 5514 Paralipomanis
1475 5441 1570 5514 Aliha,
1608 5443 1638 5500 id
1655 5446 1709 5500 ast.

74 5533 172 5590 nlator.
203 5534 234 5589 ln
264 5531 491 5604 Paralipomenis
514 5531 611 5599 lacau,
638 5530 668 5586 id
695 5536 738 5588 est
752 5532 805 5588 tri·
860 5548 948 5605 super
961 5546 1037 5589 aem.
1693 5552 1702 5559 ··
