3892 6106
71 247 127 299 925
650 248 778 305 CLOSSA
796 249 997 308 onnlullltta.
1020 280 1051 292 -
1072 251 1141 308 hle.
1165 251 1287 307 Psatll.
1535 266 1545 279 ·
1775 255 1829 310 926

71 373 153 421 creta
164 366 225 433 Dei,
241 383 307 438 qnae
328 365 358 421 in
372 365 526 438 scripturis
553 369 726 426 continetur.
747 374 846 428 Molliti
859 377 962 431 sunta
980 377 1097 443 seiuges,
1121 375 1257 445 damper
1273 373 1385 444 llagella
1413 371 1466 427 Dei
1480 372 1661 444 resipiscant,
1686 376 1730 430 vel
1757 377 1827 435 dum

70 470 216 509 semones.
245 454 346 522 (Cass.)
377 454 649 522 Velideohocillis,
675 458 742 531 quia
758 460 924 518 mollierunt
978 462 1051 516 iram
1079 461 1129 517 Dei
1146 462 1313 533 praevident.
1340 464 1372 517 ln
1394 463 1828 532 irapopulosconltinpes.0uie

70 560 221 597 sermones
250 543 403 625 adulando,
432 543 482 616 qui
510 551 576 600 sunt
595 547 692 616 jacula
717 547 784 602 dnm
808 550 921 606 dicunt:
979 556 1068 605 terres
1091 551 1339 618 tribulationibus,
1366 555 1431 618 etc,
1449 550 1827 619 usqueadetireconsum·

72 635 142 687 Reus
166 637 205 687 est
232 635 335 687 mortis.
365 635 459 701 (aaa.)
487 633 542 688 Sed
566 633 590 687 si
604 634 656 689 tibi
680 652 770 707 puero
787 639 837 709 qni
851 639 923 695 lacte
977 639 1094 709 pticnis,
1111 655 1167 710 qua
1182 640 1249 694 mali
1263 638 1425 710 puniuntur
1444 638 1479 693 ad
1494 640 1736 709 peremptionem.

70 719 193 773 minoris
224 718 360 773 doctriua
404 719 521 774 nutriris
563 720 656 775 adhuc
696 721 761 777 duri
785 728 861 793 sunt,
887 742 923 781 aa
952 788 969 803 .
1013 730 1095 784 Vens.
1108 733 1133 785 9.
1152 760 1186 769 —
1210 731 1294 798 Deus,
1310 734 1395 784 vitam
1406 744 1491 783 meam
1504 731 1672 784 annuntiant
1687 731 1748 786 tibi.
1764 731 1826 787 Tri·

70 807 204 861 irascaris
230 807 365 861 uberibus
385 807 591 873 Ecclesiee35ed
616 809 692 879 jacta
709 811 737 864 in
754 812 921 879 Dominum,
977 816 1045 888 pler
1070 816 1282 871 vitslromiuis:
1309 822 1509 886 naturaque
1533 815 1655 870 vivimus
1681 822 1710 871 et
1733 817 1827 888 spira-

71 913 132 949 non
159 896 246 949 alium
261 896 311 967 qui
339 901 503 967 portasset,
523 897 922 972 relsarumnavinonpor·
978 922 1056 975 mns;
1097 906 1206 977 gratiae,
1239 922 1296 976 qna
1335 905 1363 957 in
1391 905 1502 959 Christo
1530 903 1668 970 vivimns;
1706 904 1824 976 peccati,

70 983 263 1039 taslluctnati
291 985 321 1038 in
354 984 467 1039 saeculo.
491 986 552 1054 Ipsi
586 1002 728 1050 inmanes.
754 991 922 1057 staffines.)
977 1009 1042 1063 quae
1069 992 1099 1046 in
1121 992 1313 1063 vitiisagitur.
1342 992 1492 1046 Duoesunt
1514 1008 1531 1044 a
1555 991 1622 1057 Deo,
1648 991 1826 1061 quiaboaoe,

71 1073 145 1137 Quia
161 1071 264 1126 molliti
286 1089 345 1126 non
372 1073 658 1144 perduntvirtntem‚
679 1076 784 1131 sedeis
808 1094 922 1133 erman·
977 1082 1033 1135 vita
1055 1080 1161 1135 scilicet
1186 1087 1308 1145 naturas,
1338 1085 1366 1134 et
1389 1079 1446 1133 vita
1471 1079 1588 1150 gratiae:
1610 1079 1695 1133 tertia
1717 1086 1760 1134 est
1788 1080 1825 1137 ab

70 1166 120 1215 tur
139 1161 333 1230 evairgelistae,
360 1166 388 1215 et
403 1161 510 1216 feriunt
523 1163 610 1218 corda
627 1165 778 1220 hominum
791 1167 825 1220 ed
842 1184 921 1222 emo·
977 1169 1289 1241 homine,quiamale.
1319 1170 1360 1223 lla
1388 1184 1489 1222 omnes
1517 1168 1574 1222 lieo
1590 1168 1761 1223 anunntiare
1775 1170 1824 1224 de·

71 1266 133 1304 rem
149 1250 237 1320 pacis,
263 1254 292 1303 et
314 1249 486 1321 aperpleris
500 1250 699 1307 haereticorum
716 1255 922 1326 questionibus
976 1259 1086 1313 hernus.
1101 1258 1202 1326 (Cass.)
1225 1259 1305 1324 Deus,
1321 1259 1416 1311 vitam.
1433 1257 1605 1325 confringes,
1621 1260 1649 1309 et
1662 1272 1714 1327 ego
1728 1257 1765 1311 ad
1780 1255 1824 1312 in·

72 1337 348 1393 liberantiufirlnos⁸
977 1345 1155 1400 stitutionem
1177 1361 1277 1399 eorum
1305 1345 1390 1400 vitam
1417 1359 1510 1399 meam
1526 1349 1602 1411 aute,
1630 1360 1695 1415 quae
1710 1359 1826 1413 semper

109 1428 189 1481 Vens.
223 1429 268 1482 23.
302 1457 337 1467 -
374 1428 474 1483 aaran
508 1432 584 1483 tuam
624 1431 717 1497 (lota.)
756 1432 830 1488 Cura
868 1449 922 1488 sae·
976 1434 1061 1489 mala.
1090 1430 1183 1488 Vitam
1200 1435 1257 1489 Deo
1281 1433 1632 1505 nuntiet‚quipeecatum
1655 1432 1823 1488 confitetur:

71 1515 137 1577 culi,
170 1520 235 1582 etc,
258 1530 343 1584 usque
368 1515 426 1570 ad:
453 1518 494 1570 ito
521 1519 576 1570 uiri
605 1520 697 1573 tristia
730 1525 804 1576 nocet
835 1521 920 1576 cordi.
977 1538 1033 1575 non
1055 1522 1145 1575 Deum
1174 1521 1287 1588 docens,
1318 1521 1366 1575 sed
1395 1538 1424 1575 se
1450 1520 1601 1590 damnans,
1632 1526 1664 1576 ut
1688 1522 1822 1577 solvatur.

72 1604 294 1657 fluctuationem.
326 1604 360 1656 Et
385 1603 408 1657 si
436 1603 493 1667 hie,
523 1605 608 1660 verba
638 1607 831 1664 fluctuationis
858 1610 920 1666 ine·
976 1611 1095 1664 Posuisti
1118 1610 1263 1679 lacrymas,
1289 1614 1342 1663 etc.
1375 1611 1468 1675 (Aac.)
1497 1608 1555 1662 Piae
1586 1608 1731 1680 lacryma,
1758 1624 1823 1681 quae
1897 1680 1900 1685 Δ

72 1697 155 1746 runt:
172 1693 429 1746 Contristetussum
447 1695 477 1747 in
492 1697 692 1763 concitatione,
713 1702 766 1752 etc.
978 1714 1030 1769 pro
1041 1697 1165 1752 inimicis
1188 1702 1305 1769 rogant:
1323 1696 1423 1751 etideo
1448 1700 1570 1767 acceptae
1585 1697 1655 1763 Deo,
1671 1696 1743 1752 sicut
1761 1697 1823 1768 ipse

108 1781 190 1834 Vens.
221 1781 265 1834 hl.
295 1811 328 1819 -
354 1783 393 1835 Tu
419 1797 492 1850 vero,
527 1788 579 1837 etc.
609 1785 702 1850 (Aua.)
728 1785 844 1841 llitunc
865 1804 922 1842 non
977 1786 1121 1856 promisit.

75 1868 263 1931 fluctuabunt,
281 1873 345 1936 etc,
372 1884 457 1938 usque
485 1869 522 1924 ad
536 1869 600 1925 Vre!
617 1872 667 1942 qni
680 1878 799 1942 peccant
820 1879 849 1928 et
864 1891 924 1932 nau
1012 1874 1094 1928 Varis.
1113 1875 1154 1928 lo.
1166 1903 1201 1912 —
1217 1875 1251 1929 ln
1272 1889 1432 1944 quacunque
1455 1873 1509 1939 dic,
1524 1878 1578 1928 etc.
1594 1872 1695 1941 (Cass.)
1714 1872 1779 1928 Sive
1792 1872 1824 1929 in

73 1957 221 2028 poenitent.
253 1957 318 2011 Dies
334 1972 405 2025 suos,
432 1973 478 2025 epo
494 1963 593 2028 autem,
617 1965 670 2014 etc.
688 1961 782 2029 (loia.)
818 1962 923 2019 Volua·
979 1961 1109 2031 pueritia,
1127 1961 1223 2016 sivein
1244 1959 1563 2027 mediaaetate‚sirein
1588 1959 1824 2016 finevites.ldira
1919 1991 1922 1999 ·

74 2046 161 2099 tarios
177 2062 235 2100 non
250 2047 335 2101 alteo
352 2046 529 2103 constitutas.
977 2049 1214 2122 clementiaque
1228 2049 1378 2121 quodlibet
1386 2053 1500 2119 tempus
1513 2047 1707 2103 conversionis
1719 2053 1824 2103 nostrae

977 2142 1129 2209 exspectat,
1149 2142 1178 2191 et
1193 2136 1424 2207 quandocunque
1440 2140 1567 2207 rogatur,
1587 2135 1732 2207 indulget!
1749 2137 1824 2192 Deua

379 2187 537 2243 PSALMUS
554 2188 606 2243 LV·
977 2241 1050 2280 meus
1064 2240 1101 2292 es,
1117 2230 1156 2280 tu.
1174 2227 1267 2291 (Ana.)
1283 2223 1340 2278 Etsi
1358 2223 1501 2290 omnium,
1532 2239 1614 2277 meus
1629 2223 1758 2294 proprie,
1773 2223 1825 2296 qui

108 2309 199 2363 Vens.
234 2311 561 2379 l.-1nltnem,etc.
591 2313 684 2379 (Ano.)
714 2314 842 2383 Populus,
874 2318 924 2384 qui
977 2314 1049 2368 mihi
1073 2314 1219 2379 subvenis,
1236 2329 1321 2383 quem
1344 2312 1406 2366 colo
1423 2317 1451 2365 et
1466 2300 1549 2366 amos
1567 2311 1624 2365 Alii
1643 2312 1730 2365 alieni
1747 2317 1823 2367 sunt.

69 2414 87 2450 a
111 2391 214 2451 sanctis
229 2398 305 2465 lanne
319 2400 351 2466 fit
377 2401 496 2453 intituli
518 2402 711 2469 inscriptione:
742 2402 788 2455 cui
812 2407 923 2456 contra·
1013 2403 1093 2456 Vsus.
1125 2405 1167 2456 ll.
1195 2403 1276 2456 -ln
1302 2404 1352 2456 Deo
1369 2398 1621 2454 laudabouerburn.
1639 2399 1734 2467 (ibid.)
1753 2401 1824 2454 Ver·

68 2485 142 2540 dicit
158 2485 350 2554 tamJudaeus,
368 2502 455 2557 quam
480 2487 573 2541 omnis
588 2487 638 2560 qui
661 2504 718 2543 non
742 2488 801 2543 vult
815 2489 922 2546 habere
976 2491 1056 2557 bum,
1094 2489 1123 2544 id
1154 2494 1205 2552 est,
1227 2488 1385 2544 doctrinam
1412 2493 1440 2541 et
1465 2502 1646 2553 sermonem:
1682 2486 1823 2559 quidquid

67 2589 172 2639 regem
196 2573 356 2642 Christum;
379 2579 407 2629 et
433 2575 499 2645 ipsi,
516 2576 565 2646 qui
592 2575 733 2632 tribulant
752 2578 920 2635 Ecclesiam:
976 2579 1089 2649 loquar,
1108 2577 1230 2632 landabo
1249 2579 1279 2632 in
1295 2577 1427 2644 Domino,
1439 2577 1468 2630 id
1488 2581 1541 2642 est,
1567 2580 1595 2630 et
1611 2575 1779 2630 attribuam:
1796 2580 1824 2630 et

68 2666 262 2732 contraquos
290 2661 335 2716 hic
362 2663 488 2732 psalmus
513 2665 664 2718 confirmat
693 2665 858 2721 Ecclesiam.
889 2669 923 2724 ln
977 2667 1001 2720 si
1025 2666 1093 2738 quid
1124 2670 1208 2737 urget
1221 2665 1344 2736 speravi,
1367 2669 1396 2720 et
1421 2663 1486 2719 ideo
1512 2680 1571 2719 non
1593 2662 1710 2718 timebo.
1726 2665 1822 2731 (ilua,

70 2750 150 2804 tituli
171 2751 347 2819 inscriptione
359 2752 415 2819 ipsi
439 2752 531 2807 Dauid
558 2768 618 2807 cum
642 2757 759 2810 tenerent
780 2769 849 2810 eum.
875 2757 922 2810 Ti·
977 2757 1069 2824 ilisa.)
1091 2755 1150 2820 Vel,
1177 2755 1208 2809 in
1238 2756 1294 2810 Deo
1318 2757 1403 2810 Patre
1425 2754 1561 2821 Verbum,
1587 2753 1615 2808 id
1641 2758 1684 2807 est
1707 2752 1823 2816 Filium,

71 2839 127 2893 tuli
155 2839 313 2909 inscriptio,
331 2845 398 2910 etc,
426 2843 561 2911 usquead
589 2846 850 2916 persecutoresqui
869 2847 921 2901 Ec·
977 2844 1045 2913 qnia
1060 2843 1201 2914 quidquid
1221 2843 1256 2897 de
1284 2845 1375 2907 Patre,
1404 2842 1517 2897 etFilio
1541 2841 1646 2895 dicitnr
1664 2839 1823 2895 secundum

68 2927 199 2992 alesiam,
215 2928 288 2982 sicut
314 2944 392 2994 uvas,
422 2930 540 2984 calcant.
563 2931 714 3000 atlapayu.
746 2932 824 2988 Idem
847 2935 920 3005 quod
942 2929 1176 2998 Csahstantiam,
1197 2935 1226 2985 et
1248 2932 1283 2986 de
1305 2930 1412 3003 Spiritu
1438 2935 1545 2984 sancto.
1564 2930 1620 2983 lloc
1636 2928 1670 2982 de
1694 2926 1824 2999 potentia

64 3017 188 3085 populus
213 3019 262 3084 qui
275 3032 293 3070 a
308 3019 412 3072 sanetis
437 3020 514 3087 longe
532 3020 623 3086 sactus
650 3025 699 3074 est.
724 3021 803 3087 Geth,
829 3022 920 3092 idest,
974 3019 1060 3073 Verbi
1088 3019 1202 3086 dicitur,
1227 3035 1285 3091 qna
1312 3024 1353 3073 est
1381 3024 1523 3073 eternum
1546 3022 1574 3072 et
1598 3015 1824 3071 consubtantialis

67 3104 100 3157 in
126 3103 273 3157 torculari.
303 3103 418 3170 Legitur
448 3104 545 3171 David,
561 3110 715 3178 clamaque
729 3108 767 3162 ad
780 3109 840 3177 sed,
856 3125 922 3164 eam
977 3107 1062 3173 Patri,
1088 3108 1278 3179 etposteade
1303 3107 1490 3172 humanitate,
1508 3105 1619 3159 subdit:
1649 3105 1681 3158 ln
1700 3105 1821 3168 Domino,
1896 3124 1899 3133 ¹

67 3191 225 3264 premitur,
241 3191 476 3246 sterilisnouest.
973 3193 1001 3249 id
1030 3201 1081 3261 est,
1107 3196 1136 3250 in
1162 3196 1284 3263 Christo,
1314 3195 1365 3267 qui
1389 3194 1514 3248 Verbum
1538 3208 1603 3246 caro
1632 3191 1739 3245 factum
1770 3194 1821 3244 est.

105 3281 189 3334 Vane.
201 3282 226 3333 2.
238 3310 273 3319 —
299 3281 424 3335 Miserere
444 3282 507 3348 mei,
526 3282 607 3337 Deus.
625 3283 725 3352 (Cass.)
746 3285 813 3341 Orat
826 3287 921 3342 Eccle-
976 3284 1105 3338 Laudabo
1118 3299 1274 3351 sermonem,
1286 3288 1351 3346 etc..
1367 3281 1459 3349 idest,
1475 3279 1703 3351 pradicationes,
1717 3278 1823 3350 quihus

65 3368 122 3435 sia,
147 3366 312 3421 summatim
327 3373 448 3439 tangens
470 3368 679 3438 tribulationes,
696 3372 726 3426 in
751 3373 855 3443 quibus
870 3390 922 3445 per
976 3372 1105 3442 regulam
1132 3372 1243 3426 vivendi
1257 3377 1286 3426 et
1310 3372 1432 3424 salutem
1448 3369 1556 3424 mundo
1573 3367 1662 3422 dedit.
1685 3368 1750 3421 llaec
1764 3365 1822 3420 duo

67 3472 153 3527 spem
174 3455 224 3511 bei
249 3458 311 3525 {init
332 3473 362 3510 se
377 3473 436 3511 non
461 3456 574 3523 timere,
591 3457 619 3512 id
635 3464 687 3527 est,
703 3459 805 3515 iuliae
820 3461 922 3532 primae
974 3459 1110 3529 praedicat
1145 3461 1208 3525 iste,
1235 3457 1396 3529 potentiam
1434 3456 1523 3516 verbi,
1552 3457 1581 3510 el
1612 3454 1821 3510 humanitatem

68 3544 161 3616 partis
196 3544 264 3599 dicit
296 3561 325 3599 se
355 3561 413 3600 non
440 3545 555 3600 timere.
588 3547 754 3617 lrnpupnans
780 3550 922 3607 tribulavit
975 3547 1090 3603 Christi.
1107 3549 1139 3603 ln
1163 3551 1215 3602 Deo
1230 3547 1357 3602 laudabo.
1387 3545 1437 3600 Vel
1461 3545 1554 3610 itaut
1568 3543 1692 3598 Trinitas
1711 3544 1823 3597 naturae

68 3649 122 3699 me,
146 3637 198 3687 eto.
233 3636 326 3700 (Ano.)
355 3633 445 3688 liomo
472 3633 637 3690 visibiliter:
667 3636 798 3692 diabolus
825 3639 922 3694 invisi·
975 3636 1166 3707 personaliter
1187 3652 1240 3706 per
1266 3637 1321 3690 trie
1347 3634 1443 3700 verba,
1468 3649 1533 3705 quae
1549 3632 1824 3702 ponit.'1nDeoPa·

68 3720 177 3786 biliter‚
193 3721 267 3775 nude
282 3721 467 3792 periculosior
476 3727 517 3776 est
532 3722 688 3778 tribulatio.
974 3730 1016 3778 tre
1043 3723 1162 3779 laudabo
1192 3723 1317 3786 Verbum,
1349 3722 1378 3778 id
1393 3726 1445 3786 est,
1472 3721 1575 3775 Filium
1589 3736 1595 3786 ;
1608 3722 1640 3774 ln
1659 3722 1780 3784 Domino,
1792 3718 1822 3775 id

106 3810 193 3865 Vens.
220 3810 247 3864 l.
276 3839 311 3848 —
336 3810 382 3863 Ab
409 3809 564 3864 altitudine.
590 3811 691 3878 (Cass.)
718 3812 842 3868 Altitudo
866 3813 922 3869 diei
974 3816 1027 3878 est,
1051 3811 1083 3866 in
1109 3811 1216 3881 Spiritu
1231 3815 1327 3865 sancto
1342 3809 1459 3865 laudubo
1471 3823 1628 3872 sermonem,
1645 3807 1672 3861 id
1700 3810 1752 3871 est,
1773 3806 1821 3860 Fi-

68 3897 210 3962 mundus,
222 3896 416 3968 ubisnperbioe
427 3902 537 3953 tumor:
550 3899 704 3970 nigrantur
715 3900 750 3954 sit
760 3900 919 3969 tribulatio,
974 3898 1058 3953 lium.

68 3986 143 4039 dicit
157 4001 187 4039 se
202 4002 217 4039 a
234 3985 365 4056 superbis
388 3986 560 4042 conculcari.
579 3991 673 4055 (Ano.)
696 3989 742 4042 Ab
763 3989 918 4047 altitudine.
1009 3987 1092 4041 Vens.
1122 3987 1163 4040 n.
1179 4015 1213 4025 -
1232 3987 1264 4040 ln
1279 3994 1320 4040 me
1333 3987 1405 4039 sunt.
1424 3984 1516 4049 lutus,
1536 3996 1600 4051 quae
1615 3996 1632 4033 a
1647 3977 1731 4033 nobis
1745 3994 1821 4033 nun·

66 4073 134 4128 Alia
149 4073 255 4139 littere,
270 4079 335 4141 ete,
350 4089 436 4144 usque
451 4074 488 4129 od
502 4091 560 4130 non
576 4075 631 4130 ait:
648 4077 711 4130 Nan
726 4076 843 4144 timebo,
859 4078 919 4145 sed,
975 4089 1062 4144 Qum
1073 4072 1224 4138 recedunt;
1252 4075 1321 4128 Vota
1347 4072 1514 4126 laudationis
1527 4085 1593 4140 qliae
1614 4068 1644 4121 iu
1660 4065 1821 4121 eternitate

66 4161 186 4230 sperabo
210 4160 239 4214 in
267 4166 304 4216 te.
332 4165 390 4216 ltiei
414 4165 484 4226 lites,
509 4163 637 4218 Christus
661 4169 714 4230 est,
743 4165 824 4235 cujus
847 4164 917 4221 duo·
937 4161 1140 4258 Dreddentun
1159 4161 1258 4229 (Cass.)
1274 4163 1308 4217 ln
1329 4175 1371 4214 me
1386 4163 1459 4214 sunt.
1476 4157 1597 4213 Ecclesia
1606 4156 1668 4227 jam
1683 4156 1718 4210 de
1739 4153 1821 4209 malis

66 4248 162 4305 decim
178 4248 267 4311 horre.
290 4249 440 4303 duodecim
454 4254 520 4304 snat
533 4250 677 4322 Apostoli:
691 4252 766 4306 unde
783 4253 844 4324 ipse
858 4254 916 4308 ait:
974 4248 1071 4302 soeculi
1096 4248 1186 4303 libera
1211 4248 1242 4302 iu
1267 4248 1364 4303 futura
1378 4245 1567 4312 beatitudine,
1595 4245 1639 4299 vel
1660 4243 1745 4298 etiam
1762 4241 1819 4307 hic,

65 4340 164 4393 Nonne
178 4336 316 4392 duodectrn
341 4338 413 4392 aare
437 4344 501 4393 sunt
523 4338 601 4393 diei?
633 4340 723 4411 liujus
741 4339 798 4394 diei
821 4342 918 4396 altitu·
972 4336 1086 4392 laudem
1101 4337 1151 4391 Dei
1167 4341 1344 4391 cantaturam
1360 4351 1389 4390 se
1405 4335 1482 4390 dicit.

65 4425 158 4480 ditem
187 4424 295 4478 inimici
310 4439 368 4479 non
388 4431 509 4495 possunt
534 4426 683 4498 attingere,
710 4428 831 4482 nudein
856 4445 919 4499 pas·
1008 4425 1087 4479 Vm·
1127 4428 1168 4480 ¹3·
1196 4455 1230 4465 -
1256 4426 1391 4490 timiam
1413 4423 1549 4492 trivillin·
1581 4421 1681 4488 (effi-l
1706 4417 1755 4472 V⁶¹
1784 4416 1820 4472 ‘¹⁶

64 4513 150 4568 sione
164 4511 417 4569 Christi2Tenebrae
430 4515 511 4581 sactae
524 4521 597 4570 sunt.
631 4528 634 4533 ·
971 4511 1068 4568 iutaro
1093 4517 1187 4584 potest
1202 4512 1293 4583 accipi
1317 4512 1367 4575 sic,
1389 4516 1455 4576 etc,
1479 4524 1565 4578 usque
1592 4508 1629 4563 ad
1658 4507 1707 4561 irbi
1732 4504 1820 4560 eham

102 4601 184 4655 Vsus.
200 4602 226 4655 6.
242 4630 276 4641 -
292 4604 359 4657 Toto
385 4602 438 4669 die,
456 4606 512 4656 etc.
541 4602 640 4672 (Cass.)
663 4603 816 4659 Enumerat
831 4605 916 4671 mala,
970 4597 1487 4672 perfectebeoplaaet,anaeadai::
1505 4596 1753 4666 occaecando.
1825 4588 1832 4604 ⁸

65 4705 133 4762 quae
164 4689 333 4744 sustinendo
363 4689 395 4744 lit
419 4694 448 4744 et
462 4689 645 4744 inimicorum
669 4691 826 4758 conversio,
841 4692 917 4747 unde
1274 4739 1432 4795 PSALMUS
1449 4736 1506 4791 LVI

64 4782 93 4831 et
123 4792 177 4847 per
202 4793 282 4848 spem
316 4777 367 4832 Dei
396 4793 426 4833 se
449 4793 508 4833 non
537 4777 650 4845 timere,
676 4778 749 4833 sicut
773 4779 854 4850 prius
876 4779 917 4834 le·
1510 4775 1516 4788 “

65 4869 152 4918 cerat.
1006 4864 1087 4918 Vens.
1104 4866 1169 4919 l.-
1181 4865 1218 4918 In
1227 4867 1314 4934 finem.
1327 4866 1420 4930 (linc.)
1432 4858 1819 4916 Psalmusderesurrectione

102 4956 192 5009 Vsus.
209 4958 234 5008 7.
262 4982 296 4992 -
310 4953 517 5010 lababitabunt.
534 4957 625 5022 (Ana.)
639 4954 700 5018 Vel,
715 4954 803 5027 aliqui
823 4971 856 5011 ex
871 4955 917 5011 his
970 4958 999 5008 et
1014 4952 1145 5024 passione
1164 4954 1295 5008 breviter.
1312 4955 1369 5008 Hoc
1383 4951 1444 5023 agit
1462 4951 1589 5022 psalmus
1600 4964 1641 5017 ne,
1658 4953 1701 5013 tu,
1717 4946 1817 5018 Pilato,

66 5042 116 5112 qai
132 5043 252 5113 longae
274 5040 387 5109 sanctis,
403 5047 469 5110 etc,
486 5058 571 5113 usque
593 5044 630 5099 ad
645 5044 670 5099 si
694 5043 773 5100 enim
788 5043 859 5099 falsa
876 5044 917 5099 di·
969 5042 1013 5096 vel
1031 5046 1061 5096 tu
1090 5041 1265 5113 quicunque,
1291 5054 1447 5109 cwumpas
1473 5037 1571 5099 maid,
1595 5042 1661 5102 eta,
1685 5035 1818 5107 negando

65 5132 137 5184 cunt
150 5129 185 5183 de
201 5132 239 5191 te,
254 5127 357 5182 ooelnm
367 5144 425 5183 non
439 5129 582 5195 auferunt,
597 5145 650 5184 nec
665 5129 712 5183 isti
725 5133 838 5183 nocent.
970 5145 1078 5200 regem,
1095 5130 1163 5201 quia
1176 5133 1267 5183 tactus
1282 5143 1365 5182 corne
1389 5125 1464 5198 fugit
1483 5142 1500 5179 a
1525 5124 1691 5196 cognitione
1702 5124 1817 5179 Judaeo·

12 5222 17 5234 ’
102 5217 191 5273 Vens.
216 5217 241 5270 8.
271 5244 304 5255 -
330 5217 382 5270 Pro
394 5217 474 5271 nihil.
505 5216 606 5288 (ibid.)
630 5215 702 5284 Quia
721 5216 817 5272 nullus
849 5215 916 5272 inde
969 5233 1035 5271 rum
1054 5216 1148 5288 (lota.)
1177 5216 1276 5271 Nullus
1300 5215 1400 5270 titulus
1415 5212 1568 5284 inscriptus
1581 5216 1623 5266 est
1637 5211 1737 5280 David,
1753 5216 1817 5276 etc,

64 5304 120 5359 tibi
135 5303 226 5371 labor,
238 5301 319 5376 quasi
334 5302 407 5358 nihil
421 5303 489 5360 inde
509 5304 561 5359 tibi
580 5304 627 5372 sit,
643 5307 721 5376 quie,
744 5303 797 5360 etsi
813 5304 914 5375 despe-
969 5319 1054 5375 usque
1072 5304 1166 5360 odubi
1181 5303 1263 5358 latuit
1276 5302 1404 5357 Christus
1420 5300 1582 5371 incognitus
1592 5300 1708 5356 tndoeis.

63 5391 130 5456 rati,
157 5396 256 5445 umen
281 5388 368 5444 verbo
392 5407 488 5458 enras;
509 5392 551 5445 rel
568 5392 721 5461 prcnnllis
744 5406 843 5446 eorum
858 5406 915 5445 me·
1005 5393 1085 5448 Vane.
1112 5395 1138 5448 2.
1166 5421 1202 5433 -
1233 5394 1358 5447 Miserere
1383 5392 1445 5445 mei.
1468 5389 1567 5454 (Cass.)
1604 5388 1747 5459 Propheta
1786 5387 1818 5447 in

63 5480 138 5550 ritis,
167 5479 216 5535 sel
246 5477 336 5551 gratis
358 5495 411 5552 per
433 5480 579 5554 pietatem.
602 5483 635 5537 ln
659 5480 828 5554 irapaputos
852 5496 914 5536 corr·
969 5496 1095 5551 persona
1119 5478 1243 5547 Domini,
1259 5479 1327 5554 quie
1348 5479 1378 5534 in
1404 5494 1439 5534 eo
1463 5475 1612 5544 Dominus,
1633 5477 1714 5550 qnasi
1742 5477 1819 5532 inter
