3892 6106
89 238 143 292 stt
239 260 242 267 ·

663 233 798 293 -dtosst
816 233 1019 293 oubtusultl.
1038 265 1073 275 -
1094 237 1160 295 bid.
1183 236 1295 294 tstrt.

1803 242 1856 303 Μ

90 354 248 426 geliiauro
272 351 360 426 legis3
381 357 449 409 tuuc
467 353 550 426 juata
578 353 752 426 Ezechielem
767 355 882 427 signum
898 368 985 427 gen
1004 360 1101 424 uetur,
1116 355 1185 429 quia
1206 361 1271 429 post
1291 372 1400 429 Quum
1419 357 1449 414 in
1472 372 1555 414 cuns
1567 357 1757 427 immolatum,
1772 363 1853 434 seip-
1896 363 1902 379 ¹

94 444 245 500 mentibus
259 441 404 514 ligabatur
419 442 450 497 in
462 442 555 498 tronto
568 442 638 519 theu
652 444 761 513 (dacels.
776 443 835 516 vrrs)
853 467 860 498 ·.
876 460 952 499 nune

92 536 246 604 portantes
272 546 386 586 crucem
407 530 549 586 dicimus:
577 532 716 599 sinuatum
738 536 779 586 est
807 546 889 602 super
903 545 952 588 uos

92 621 303 684 tumrultus,
318 621 438 687 horesius,
452 623 505 674 etc.
521 619 606 689 (Psul.
619 627 668 691 rs.)

130 709 205 764 Auri
228 707 479 764 laminainiroute
493 707 647 780 pontilicis,
671 711 701 764 et
719 724 826 764 nomeu
842 708 893 764 Dei
908 708 952 763 iu·

93 798 255 868 scriplum;
279 796 377 851 omnia
400 812 465 868 quae
492 813 578 868 super
601 801 708 852 terram
722 804 790 852 sunt
805 796 856 852 hei
876 797 951 852 arbi-

94 886 153 941 trio
166 885 322 956 gubernari
337 885 509 956 siguilicuut.
532 887 645 941 lustum
664 884 742 940 euim
757 891 820 940 erat
835 890 867 940 ut
882 900 953 957 pou·

94 974 168 1030 tiles
197 974 259 1037 liei,
282 979 480 1029 creaturarum
504 973 634 1029 omnium
649 978 750 1045 typum
774 979 893 1045 portans
921 972 952 1028 iu

96 1062 228 1118 restibus
248 1062 317 1130 suis,
342 1062 483 1117 indicaret
506 1067 607 1118 cuncta
626 1062 677 1118 ltei
693 1061 889 1117 misericordia
907 1062 952 1119 iu·

95 1153 211 1224 digere,
225 1157 255 1207 et
268 1167 334 1206 cum
350 1151 532 1218 sacrilicuret,
558 1151 720 1223 expiaretur
734 1150 862 1206 conditio
886 1150 951 1205 uni-

96 1241 218 1295 versalis
235 1257 242 1295 :
260 1239 308 1295 ubi
324 1255 384 1294 neu
401 1255 452 1311 pro
470 1239 577 1307 liberis,
598 1238 780 1311 parentibus,
795 1243 824 1294 et
836 1239 952 1310 propin-

97 1328 177 1401 quis,
199 1326 251 1383 sed
274 1342 326 1398 pro
342 1327 423 1382 omui
439 1331 570 1382 creatura
592 1343 658 1382 voce
677 1331 705 1381 et
720 1326 822 1382 habitu
850 1342 952 1398 preca·

100 1421 192 1473 retur.
260 1462 261 1466 ,

138 1507 225 1561 Vnus.
252 1505 295 1561 ltl.
321 1535 356 1546 -
376 1504 457 1567 Tulit,
490 1508 542 1561 etc.
572 1504 634 1577 lpse
656 1507 697 1560 est
729 1503 791 1570 Dei,
822 1503 874 1576 qni
898 1518 953 1557 un·

1006 461 1072 500 sum
1094 445 1214 514 obtulit;
1236 446 1312 502 unde
1327 448 1421 502 Aaron
1441 462 1527 518 super
1540 452 1627 518 copul
1639 447 1737 504 arietis
1752 465 1855 506 manus

1006 531 1145 604 imposuit
1159 548 1224 587 cnm
1247 532 1314 587 filiis
1337 533 1407 601 suis,
1436 534 1505 606 qrsia
1532 550 1716 592 communem
1743 552 1854 594 coeuam

1005 635 1072 676 cum
1087 619 1233 693 discipulis
1255 620 1315 675 suis
1330 620 1457 677 Christus
1483 621 1651 690 celebravit;
1675 623 1726 680 sed
1747 624 1857 697 tdoyses

1006 707 1167 779 specialiter
1187 707 1241 763 hoc
1259 707 1431 763 sacrilicium
1450 708 1567 777 obtulit,
1599 710 1669 782 quia
1697 711 1763 782 plus
1790 713 1856 768 aliis

1006 795 1129 868 ligurum
1148 796 1253 852 Christi
1277 796 1427 870 expressit,
1454 797 1504 870 qui
1531 797 1658 854 maxime
1684 800 1855 859 sacrificium

1006 901 1091 940 suum
1106 884 1180 940 lecit.

1042 974 1121 1030 Vens.
1159 974 1204 1030 nt.
1239 1002 1274 1017 -
1314 975 1415 1044 Tetiuit
1443 979 1594 1031 extremum
1632 978 1772 1047 auriculis,
1800 983 1855 1035 etc.

1005 1059 1035 1117 Si
1074 1076 1126 1134 per
1169 1064 1264 1118 Aaron
1304 1061 1447 1118 Christum
1486 1062 1653 1135 accipimus,
1693 1072 1854 1125 extremum

1006 1147 1142 1204 auriculae
1157 1149 1219 1220 ejus
1233 1149 1372 1221 sanguiue
1385 1153 1492 1205 tectum
1508 1149 1571 1217 luit,
1586 1152 1655 1222 quia
1670 1152 1746 1208 Patri
1765 1170 1856 1227 nsque

1006 1236 1042 1292 ed
1057 1241 1178 1293 mortem
1206 1236 1342 1293 obedivit.
1363 1236 1394 1294 Si
1417 1237 1578 1294 sacerdotes
1615 1239 1743 1295 Ecclesia
1770 1258 1855 1298 aures

1006 1341 1105 1381 eorum
1120 1325 1269 1398 tangendae
1279 1331 1355 1394 sunt,
1366 1326 1542 1400 pollicesque
1552 1332 1727 1385 manuumet
1737 1332 1855 1402 pedum,

1006 1418 1039 1470 ut
1052 1414 1239 1470 eminentiam
1253 1415 1399 1471 actionum
1415 1421 1443 1472 et
1452 1432 1603 1488 gressuum
1618 1418 1742 1475 Domino
1756 1435 1856 1477 conse·

1006 1508 1101 1559 crent.
1123 1505 1223 1572 thtpit
1247 1510 1407 1573 extremum,
1433 1510 1487 1561 etc.
1508 1505 1628 1572 Quissit
1654 1506 1742 1578 hujus
1768 1505 1856 1562 sacri·
1888 1576 1891 1581 Ι

100 1591 951 1668 gitetqniungitnr:ungensserbodivinitatis,secundum
1006 1591 1064 1648 licii
1086 1592 1204 1649 effectus
1222 1593 1318 1648 unctio
1346 1593 1460 1650 aurium
1475 1598 1504 1649 et
1522 1610 1661 1650 manuum
1690 1594 1855 1668 pedumque

99 1683 260 1756 quodcum
280 1684 362 1737 Patre
379 1686 407 1737 et
423 1681 533 1753 Spiritu
550 1687 646 1737 sancto
662 1681 747 1736 babet
760 1681 859 1736 omnia
875 1696 953 1736 coru·
969 1667 990 1724 Β
1009 1681 1209 1737 demonstrat:
1239 1690 1358 1754 propter
1384 1682 1578 1739 obedientium
1592 1682 1701 1756 quippe
1726 1689 1856 1740 uestrum

100 1771 212 1827 munia.
236 1771 364 1841 Atl'utre
380 1771 499 1841 ungitur
520 1770 677 1825 secuudum
703 1768 798 1824 illud:
828 1769 914 1825 libuit
929 1773 955 1824 te
1007 1771 1193 1843 actionesque
1217 1770 1318 1841 bonas,
1331 1774 1360 1827 et
1371 1771 1618 1827 conversationem
1632 1772 1804 1839 celebretur,
1822 1776 1854 1828 ut

98 1863 179 1926 heus,
197 1860 272 1914 Deus
296 1863 359 1914 tuus
380 1859 435 1914 oleo
458 1859 568 1927 tatitte,
583 1863 639 1913 etc.
660 1857 744 1929 (Psoi.
760 1856 843 1927 ιιιι).
868 1856 953 1912 linxit
1008 1858 1203 1915 inobedientia
1230 1858 1300 1915 Ado
1324 1865 1455 1916 carentes
1486 1859 1633 1932 unigeniti
1660 1860 1855 1918 obedientiam

98 1966 167 2005 eum
181 1947 305 2020 Spiritus
315 1950 430 2002 sanctus
450 1946 608 2002 secundum
624 1945 725 2001 isaiam
737 1960 745 1999 ι
759 1947 884 2014 Spiritus
902 1947 952 2000 lto·
1007 1962 1230 2019 consequamur.

97 2037 169 2089 mitti
187 2049 271 2104 super
288 2048 342 2100 me,
361 2047 391 2088 σο
410 2030 483 2104 quod
504 2034 616 2088 “merit
638 2032 757 2103 melita·
786 2031 851 2103 ul)-
883 2030 953 2096 01¹oe
1042 2038 1140 2093 uanos
1160 2036 1231 2106 ejus,
1256 2040 1310 2093 etc.
1330 2038 1365 2093 Ut
1387 2036 1417 2093 iu
1433 2036 1510 2093 bona
1524 2037 1636 2095 actione
1649 2037 1857 2096 confortemur.

98 2128 197 2178 aulem
214 2124 296 2177 Peter
310 2126 340 2176 et
351 2120 475 2193 Spiritus
490 2126 614 2185 sanctus,
636 2121 698 2176 hoec
723 2119 822 2175 eadem
844 2118 911 2175 iacit
925 2123 954 2175 et
1007 2123 1211 2181 Couiortaulur
1225 2123 1303 2180 euim
1327 2140 1392 2198 quse
1409 2130 1566 2198 unguntur,
1588 2126 1775 2184 destruuntur
1790 2144 1855 2200 quas

101 2211 199 2268 Filius.
219 2209 391 2279 Unssitltrgo
405 2207 759 2275 sceltndumdivinitdtem,
776 2206 952 2278 ungiiltrse·
1008 2230 1067 2270 non
1082 2221 1242 2287 unguntur,
1271 2214 1324 2271 Ubi
1350 2214 1429 2271 enim
1452 2215 1550 2271 unctio
1565 2214 1857 2289 nonfuitgmguinis

100 2299 229 2356 cundum
252 2297 472 2354 humanitatem.
500 2295 578 2353 Unde
597 2300 626 2351 et
646 2295 744 2352 liuuiel
764 2295 894 2352 oblatum
916 2296 954 2350 il·
1007 2300 1159 2371 immolari,
1179 2304 1393 2376 percutiebatur
1419 2305 1568 2376 Egypt&
1595 2304 1651 2361 Sed
1671 2303 1751 2377 prin,
1764 2320 1857 2361 mu.

102 2388 163 2444 lum
182 2387 271 2452 videt,
296 2384 465 2441 offerentem
485 2400 544 2440 non
570 2383 656 2450 sidat,
674 2384 743 2456 quia
768 2383 955 2456 semetipsum
1008 2390 1071 2459 dns,
1086 2395 1114 2449 al
1129 2396 1228 2464 postea
1251 2392 1305 2449 lilii
1327 2392 1389 2465 ejus
1410 2393 1593 2464 ungebantur
1620 2393 1772 2466 sanguiue,
1789 2393 1858 2465 qnia

103 2485 197 2542 offert.
227 2483 314 2541 Uuait
328 2498 398 2555 ergo
414 2482 521 2555 lloyscs
545 2484 573 2538 et
591 2481 685 2549 offert,
705 2481 811 2537 Christi
830 2481 954 2554 ligurem
1008 2480 1137 2537 Christus
1153 2481 1262 2553 primus
1278 2481 1449 2555 sanguinem
1465 2480 1574 2555 accepit
1602 2480 1635 2537 in
1648 2497 1740 2550 coeue,
1754 2481 1859 2539 deinde

104 2590 221 2646 gerens.
1010 2569 1159 2642 discipulis
1171 2570 1260 2628 dedit.

138 2663 221 2717 teas.
244 2665 272 2717 ll
292 2689 327 2703 -
341 2658 654 2731 Suectitcuut.(0u1o.)
681 2657 832 2730 Significat
857 2673 955 2730 super·
1046 2659 1129 2715 Fudit
1142 2675 1224 2730 super
1247 2660 1345 2716 ultore.
1375 2658 1447 2716 Cum
1473 2657 1551 2714 enim
1569 2657 1651 2726 bibit,
1676 2661 1705 2714 et
1720 2658 1857 2733 apostolis

104 2767 171 2808 uam
194 2754 356 2806 creaturam
386 2747 613 2804 sanctificatione
635 2752 733 2804 nostra
751 2747 895 2804 ditatam:
924 2747 955 2804 id
1008 2746 1086 2803 dedit
1100 2748 1209 2816 bibere,
1236 2748 1449 2820 intelligibilem
1466 2746 1636 2820 sauguinem
1651 2764 1739 2820 super
1756 2748 1857 2816 altare,

105 2847 156 2912 est,
189 2855 244 2912 per
270 2853 390 2895 caruem
417 2836 598 2893 dominicam
625 2853 660 2892 ex
688 2836 771 2892 nobis
798 2841 952 2909 sumptam.
1007 2836 1038 2892 id
1065 2841 1119 2906 est,
1148 2852 1254 2909 corpus
1275 2836 1458 2893 suumiudit.
1488 2835 1612 2893 Ecclesia
1630 2841 1726 2892 auteur
1753 2851 1858 2908 corpus

105 2931 202 2986 ltnde:
217 2934 249 2984 ut
264 2934 360 2983 uotum
373 2925 453 2998 fieret
467 2926 638 2997 principibus
656 2929 682 2981 et
703 2925 883 2996 potestatibus
904 2940 954 2997 per
970 2948 990 3006 ρ
1009 2924 1131 2994 Christi3
1144 2924 1221 2981 unda
1240 2926 1349 2981 Marcus
1364 2941 1372 2981 ι
1392 2928 1428 2982 st
1445 2939 1562 2993 sumens,
1584 2928 1690 2994 probus
1712 2940 1795 2995 noers
1810 2925 1857 2981 de-

104 3020 253 3081 ecclesiuur,
268 3018 326 3071 etc.
1008 3012 1053 3067 dit
1065 3015 1116 3081 eis,
1134 3018 1161 3069 st
1184 3013 1356 3071 biberuetec
1380 3029 1523 3083 eoomacs,
1542 3017 1569 3070 et
1587 3014 1663 3072 dicit
1679 3017 1735 3071 eis:
1753 3016 1858 3071 diceet

138 3107 221 3162 Vsus.
253 3109 294 3160 lt„
310 3132 345 3147 -
359 3102 498 3167 Fundus,
528 3108 583 3159 etc.
609 3104 702 3174 Caput
722 3101 825 3159 Christi
849 3099 955 3157 divini·
1008 3105 1122 3172 suaeuis
1142 3117 1216 3160 meus
1238 3105 1302 3159 noos·
1323 3105 1476 3159 testumurtt
1497 3104 1545 3174 oui
1564 3118 1615 3176 pro
1627 3105 1720 3160 multis
1734 3102 1857 3175 smerde·

105 3202 154 3250 tas.
181 3195 260 3251 Sicut
282 3193 361 3248 euim
385 3198 472 3264 caput
497 3208 515 3246 a
539 3191 659 3263 pedibus
673 3208 731 3247 non
746 3189 891 3256 dividitur,
914 3191 955 3247 sic
1009 3197 1058 3249 tur
1074 3190 1172 3262 (Herc.
1186 3191 1254 3264 su).

108 3282 304 3339 necdisinitas
320 3281 425 3337 Christi
441 3280 477 3335 ab
504 3279 685 3335 humanitate
700 3283 764 3350 post
787 3278 954 3334 unctionem
1044 3281 1164 3352 Adipsru
1196 3297 1268 3338 uero.
1293 3280 1369 3346 Ouid
1394 3281 1456 3338 blec
1483 3279 1658 3353 significent,
1680 3280 1711 3337 in
1737 3281 1856 3338 salutari

107 3375 128 3442 tt
146 3374 209 3429 cor.
223 3373 277 3440 ιι).
303 3370 384 3426 Unde
398 3369 439 3424 ait
453 3385 461 3424 ι
477 3370 564 3426 ttuett
587 3371 612 3423 te
626 3369 953 3435 Deus,1)eustuus‚etc.
1009 3369 1158 3435 sacriticio,
1183 3368 1229 3426 vel
1256 3371 1441 3441 pacilimrum
1477 3369 1586 3426 dictum
1610 3375 1663 3438 cst,
1696 3370 1759 3427 htx
1790 3386 1858 3427 sero

108 3462 194 3532 (Psnt.
209 3460 278 3530 ιιι.)
290 3458 337 3515 Sic
350 3457 427 3513 enim
449 3458 523 3513 bens
535 3457 654 3528 ungitur
666 3462 696 3513 et
714 3456 919 3512 sanctificatur.
1008 3474 1061 3531 pro
1084 3458 1185 3524 cauda,
1208 3458 1354 3527 lumbum;
1385 3475 1437 3531 pro
1464 3458 1618 3526 intestinis,
1645 3459 1856 3527 ventriculum3

139 3552 220 3606 l'ras.
253 3551 297 3604 le.
326 3577 361 3590 -
376 3547 473 3608 Filios,
497 3551 550 3601 etc.
570 3546 670 3616 lours..
700 3546 749 3600 ubi
772 3546 882 3616 supru)
904 3547 954 3600 tlt·
1008 3551 1038 3602 ct
1060 3562 1113 3617 pro
1140 3546 1259 3603 reticulo
1277 3546 1393 3618 jecoris,
1417 3545 1537 3619 pinnam
1562 3546 1654 3619 epatis
1678 3547 1856 3605 ediderunt:

109 3640 191 3695 tende
206 3635 399 3694 differentiam
423 3635 569 3691 minorum
582 3632 763 3690 sacerdotum
784 3634 820 3689 ad
834 3634 956 3706 majores
1010 3650 1068 3690 nou
1087 3634 1194 3690 trustra
1220 3641 1318 3692 antem
1336 3634 1425 3692 etiam
1444 3635 1566 3691 nuncin
1580 3636 1669 3692 ariete
1685 3652 1857 3693 commemo·

108 3734 167 3792 etc..
183 3741 271 3796 usque
284 3724 324 3780 ud
337 3723 448 3781 etiamsi
461 3721 549 3794 primi
564 3737 671 3778 nomen
692 3721 844 3794 acceperit.
1012 3728 1122 3779 rantur.

143 3817 323 3886 vestivitque,
358 3817 413 3868 etc.
440 3812 520 3868 Filiis
551 3814 646 3866 Aaron
656 3808 764 3867 similes
795 3811 901 3866 tunice
926 3813 956 3866 et
1047 3812 1129 3866 Vsus.
1143 3813 1179 3865 td
1203 3840 1238 3853 -
1262 3811 1491 3878 Gabuleum,
1514 3811 1694 3868 canistrum:
1721 3827 1860 3870 cousum-

109 3921 186 3961 zouoe
208 3903 252 3959 rel
281 3900 369 3958 baltei
392 3905 421 3956 et
439 3898 549 3956 cidares
571 3899 616 3955 vel
639 3898 732 3955 mitre
754 3899 953 3971 imponuntur,
1009 3898 1154 3967 metionis,
1175 3914 1240 3971 quea
1273 3905 1316 3954 est
1335 3899 1436 3970 lingua
1451 3900 1575 3968 Domini,
1592 3915 1658 3974 ques
1682 3901 1858 3975 praecipuam

108 3996 201 4066 ipsum
216 3993 294 4047 enim
309 3990 444 4056 induunt,
459 3989 521 4061 ipso
544 3987 709 4058 cinguntur,
730 3987 826 4058 ipsunt
842 3990 957 4059 poneret
1009 3987 1223 4060 perfectamque
1249 3987 1406 4043 doctrinam
1434 3987 1603 4044 introdusit.
1628 3989 1692 4044 Nou
1710 3989 1790 4046 euim
1811 4007 1859 4047 se·

107 4084 135 4139 in
148 4082 259 4155 eapite3
276 4079 369 4136 lumbi
391 4078 471 4134 enim
498 4076 715 4148 pracingnntur
730 4076 859 4143 veritate,
889 4091 955 4147 ques
1011 4075 1054 4131 nit
1071 4076 1180 4131 solvere
1195 4076 1301 4147 legem,
1318 4076 1367 4131 sed
1387 4076 1546 4148 adimplere
1564 4076 1672 4146 (llottb.
1699 4077 1769 4148 arn).
1794 4078 1860 4134 ttae

106 4178 146 4229 est
160 4171 301 4232 Christus,
329 4172 360 4223 et
380 4166 541 4223 induuntur
554 4163 642 4221 lorice
658 4164 798 4237 justitie:
826 4163 956 4221 Christus
1010 4163 1084 4220 bene
1111 4163 1268 4224 canistrum
1303 4164 1408 4221 dicitur
1430 4169 1548 4237 propter
1581 4167 1690 4219 textum
1722 4165 1859 4222 doctrinae

107 4267 203 4317 autem
218 4267 220 4270 ’
226 4255 339 4331 justitia
364 4259 407 4311 est
425 4255 498 4311 simu
520 4257 549 4310 et
562 4254 646 4326 galea
658 4253 769 4323 salutis,
793 4253 857 4325 ipse
877 4252 955 4309 enim
968 4235 992 4295 ⁰
1011 4253 1082 4324 ejus,
1098 4267 1164 4309 cum
1187 4254 1279 4308 mulla
1298 4251 1331 4309 iu
1357 4253 1500 4325 parabolis
1525 4252 1645 4309 dixerat.
1668 4253 1735 4310 Erat
1763 4260 1859 4311 anum

108 4349 286 4405 estsalutare
299 4343 360 4400 hei.
1011 4345 1041 4397 et
1059 4340 1200 4396 ferculum
1222 4345 1251 4396 et
1265 4356 1365 4396 mensa
1391 4340 1478 4396 totius
1505 4340 1654 4399 doctrines.
1681 4343 1767 4397 ilecto
1790 4357 1859 4415 ergo

142 4438 226 4493 Vsus.
241 4436 283 4492 lt.
298 4432 461 4498 -Obtulit,
476 4433 529 4486 etc.
547 4429 653 4501 (lucu.)
665 4427 735 4494 Qum
748 4428 785 4485 sit
801 4427 887 4502 buius
914 4430 956 4484 le·
1010 4429 1046 4486 de
1067 4428 1191 4486 canistro
1212 4429 1467 4488 consummationis
1491 4431 1641 4505 mysticum
1667 4446 1770 4504 panem
1788 4447 1858 4504 pro·
1905 4460 1906 4464 =

108 4527 149 4598 gis
162 4525 265 4592 virtus,
280 4527 348 4590 etc,
360 4535 446 4591 usque
460 4519 498 4575 ud
509 4517 668 4573 necessario
677 4523 775 4573 autem
792 4517 846 4573 tilii
859 4520 956 4573 Aaron
1013 4517 1109 4591 ponit.

108 4623 246 4686 tauquam
265 4608 510 4668 communicantes
533 4604 561 4662 ei
583 4603 721 4662 nuileio
742 4619 846 4661 manus
866 4603 957 4678 impo-
1045 4609 1159 4665 Panem.
1183 4607 1377 4680 Apostolicam
1402 4605 1571 4664 doctrinam
1607 4607 1798 4680 legalemque,
1829 4611 1860 4664 et

111 4709 192 4760 unul,
1012 4695 1220 4769 propheticam.
1256 4696 1311 4752 Lux
1336 4695 1424 4764 euim,
1444 4700 1474 4752 et
1499 4696 1660 4767 prophetes,
1683 4699 1713 4752 et
1735 4695 1857 4768 aposloli

144 4792 241 4864 tuuc„
257 4791 355 4860 quast.
379 4789 415 4842 2³
443 4787 476 4840 in
504 4782 604 4855 teuit.)
634 4782 704 4839 Cum
727 4780 867 4838 modicia
904 4796 958 4854 pro
1011 4784 1183 4841 memoriam
1194 4784 1256 4856 ejus
1278 4784 1395 4841 iaciunt.
1421 4785 1476 4839 ber
1490 4784 1568 4838 enim
1582 4782 1650 4839 dicit
1666 4799 1673 4839 :
1690 4784 1739 4838 liic
1754 4788 1793 4839 est
1806 4799 1859 4854 pu·

108 4878 231 4952 percruu
252 4878 436 4940 memoraret,
466 4877 521 4928 etc.
545 4885 630 4942 usque
658 4869 696 4924 ud
725 4873 756 4925 et
781 4869 957 4943 sauguinem
1010 4874 1054 4929 sris
1085 4888 1164 4943 quem
1190 4871 1267 4928 dedit
1290 4869 1365 4928 uobis
1381 4869 1514 4926 Dorostorus
1540 4871 1642 4940 ltieod.
1673 4872 1757 4945 xxvi).
1787 4873 1858 4928 Pro·

108 4970 202 5025 lusum
213 4967 249 5023 ad
265 4964 357 5021 basim
368 4961 466 5018 altoris
479 4958 694 5016 sacrificiorum.
1012 4962 1100 5032 pbeta
1125 4965 1245 5017 autem:
1272 4962 1357 5017 Portis
1380 4960 1439 5030 ejus
1454 4958 1576 5027 dubitur,
1591 4963 1645 5016 etc.
1661 4960 1729 5032 (teu.
1750 4963 1858 5028 narrt)

140 5057 257 5121 Obtulit,
281 5059 339 5109 etc.
370 5051 475 5123 (isica.)
511 5049 566 5104 Lex
585 5047 762 5102 sacerdotem
790 5045 821 5102 iu
852 5047 953 5104 mullis
1012 5048 1183 5121 Prophelica
1209 5053 1306 5105 aotam
1339 5053 1369 5104 et
1393 5047 1493 5119 legalis
1521 5046 1650 5104 doctrina
1683 5049 1779 5105 miuus
1808 5065 1861 5107 uu·

110 5146 254 5202 Christum
280 5141 467 5213 figurantem,
496 5142 562 5205 etc,
581 5151 666 5205 usque
694 5135 732 5190 ud
760 5135 860 5191 ovlhus
885 5151 959 5208 pra·
1012 5138 1205 5211 triuutquam
1220 5136 1383 5209 apostolica.
1400 5136 1480 5193 Unde
1495 5138 1600 5193 Paulus
1616 5153 1623 5195 :
1639 5140 1813 5196 Posuitlieus
1830 5139 1859 5194 iu

110 5236 194 5307 sapin
1012 5228 1123 5284 eccesia
1158 5229 1279 5297 primum
1324 5226 1472 5296 apostotos,
1511 5225 1609 5282 deinde
1645 5227 1794 5299 propbetas
1838 5228 1861 5299 lt

137 5323 254 5390 Obtulit,
269 5330 323 5376 etc.
349 5316 547 5389 llysteriorum
576 5314 773 5382 traditionem,
801 5320 830 5372 et
853 5316 960 5388 pasche
1013 5317 1072 5375 Cor.
1088 5319 1148 5387 ιιι).
1161 5313 1291 5386 Apostoli
1314 5318 1412 5371 eutem
1430 5312 1503 5385 legis
1530 5318 1560 5370 el
1587 5315 1860 5387 prophetarumdu·
1901 5334 1905 5341 ·

110 5412 275 5487 mysticum,
295 5407 374 5480 qnod
396 5406 526 5462 Christus
551 5404 704 5461 celebravit
719 5419 786 5459 cum
812 5403 960 5476 discipulis
1013 5407 1082 5460 cunt
1096 5401 1268 5471 testimonia,
1284 5419 1335 5475 per
1350 5418 1416 5476 quae
1431 5401 1472 5457 sis
1486 5401 1623 5475 collyrida
1639 5404 1778 5477 etlogane
1792 5408 1860 5460 suut

111 5503 170 5559 suis
183 5499 296 5571 (tlatth.
322 5494 409 5566 ιιιι),
430 5493 574 5567 siguificat
595 5494 668 5549 ortu
681 5508 688 5547 :
703 5490 836 5549 usuardus
860 5493 958 5568 nomi·
1014 5492 1152 5564 subjecte.
