3892 6106
96 301 168 356 luta
655 295 785 355 GhOSSX
803 297 1005 357 ottutttlltla.
1027 324 1059 340 —
1080 299 1147 356 Lib.
1165 295 1289 354 Psnctt.
1785 298 1852 355 teet

90 435 189 476 unum.
207 420 305 490 (Aua.)
335 419 392 474 lloc
412 418 448 472 de
462 416 595 474 omnihus
610 416 789 485 Christianis,
808 420 858 475 sed
877 435 944 491 pro·
959 420 982 475 Δ
998 420 1131 475 laudate.
1150 418 1246 475 Primo
1270 418 1493 474 demonstrativa
1502 418 1632 475 oratione
1647 424 1756 484 manet,
1779 425 1848 491 etc,

91 510 159 582 prie
175 507 310 564 convenit
321 506 512 573 monasteriis,
529 505 664 578 aquibus
692 509 792 562 tamen
810 508 845 563 ad
860 512 944 564 caete·
1000 524 1085 578 usque
1103 507 1141 563 ad
1159 508 1249 580 quiet
1261 522 1349 580 quare
1368 507 1487 563 laudare
1503 507 1626 563 debeant
1648 507 1762 565 subdit:
1778 510 1852 564 Lau-

92 596 314 654 rosbenedictio
331 595 488 662 descendit,
505 599 537 650 ut
559 595 647 651 eliam
675 595 732 650 illis
741 594 877 653 iratribus
910 598 945 654 de
999 596 1169 664 detereret.

93 688 204 754 Judcaa,
221 685 378 757 dequibus
404 683 532 738 dicitnr:
562 685 699 740 Bratillis
725 700 770 741 cor
791 700 886 755 rmum,
917 690 947 743 et
1035 685 1118 741 Vens.
1134 687 1160 741 3.
1177 714 1211 725 -
1225 684 1348 739 Laudato
1362 684 1520 753 Dominum,
1531 689 1584 739 etc.
1597 684 1695 757 (Aua.)
1710 683 1739 740 Si
1754 684 1853 741 omnia

93 778 266 832 animouna.
1000 773 1163 837 laudantur,
1175 772 1243 844 quia
1257 773 1342 840 bona,
1357 776 1423 842 etc,
1437 787 1524 842 usque
1539 774 1576 827 ad
1591 773 1622 828 in
1637 773 1741 846 quihus
1756 778 1851 830 totum

132 867 215 920 Vsus.
235 867 262 918 i.
290 893 324 902 -
339 863 416 918 Sicut
428 866 603 928 unquentum.
617 860 747 932 (Tenon.)
773 862 874 919 Oleum
902 878 946 918 sa·
1001 877 1099 916 semen
1113 861 1199 916 lsrael
1214 860 1397 932 intelligitur,
1412 865 1471 915 tota
1484 860 1608 916 Ecclesia
1620 859 1774 932 cogitatur.

93 953 251 1021 cerdotale,
267 954 342 1021 jeta,
364 951 506 1020 usquead
532 950 665 1022 perfectae
691 951 805 1006 virtutis
829 951 947 1007 odorem
1036 950 1261 1005 Psallitenomini
1273 949 1341 1017 ejus,
1367 948 1464 1016 idest,
1489 949 1605 1004 laudate
1627 965 1704 1017 eum,
1721 947 1850 1020 eoquod

93 1041 219 1114 perlicit.
249 1040 383 1094 Barbam.
405 1041 498 1107 (Aua.)
528 1039 596 1093 Ecce
620 1038 834 1109 determinatio,
862 1040 948 1096 idest
1000 1037 1029 1093 id
1044 1037 1212 1109 tecit,quod
1235 1052 1280 1092 res
1301 1037 1345 1091 sui
1368 1036 1492 1092 numinis
1513 1036 1611 1108 exigit,
1636 1052 1701 1092 cum
1718 1035 1853 1092 saincar·

93 1131 127 1186 in
143 1130 290 1200 apostolos
304 1133 333 1182 et
360 1127 431 1182 alios
456 1126 617 1198 primitivos
640 1132 762 1195 sanctos,
778 1129 828 1200 qui
851 1129 947 1202 primo
1002 1132 1102 1184 natum
1116 1127 1193 1182 dedit
1202 1126 1368 1181 hominibus
1383 1125 1503 1198 gustari.

94 1219 152 1275 tide
168 1220 360 1283 certaverunt,
377 1215 425 1270 sed
447 1214 523 1269 vinci
547 1229 606 1270 non
621 1219 786 1286 potuerunt,
806 1216 946 1289 quiajam
1037 1217 1117 1271 Vens.
1145 1217 1173 1270 l.
1203 1244 1237 1257 -
1259 1213 1353 1270 Jacob.
1379 1214 1443 1287 (ln.)
1472 1216 1606 1270 Luctator
1633 1211 1850 1284 interpretatur,

93 1313 182 1377 caput
197 1321 313 1378 passum
329 1308 548 1375 praecesserunt.
560 1305 665 1360 Aaron.
680 1304 828 1375 Sacerdos,
852 1305 947 1378 quise
1002 1309 1031 1361 et
1042 1303 1257 1377 significatillos
1271 1303 1322 1376 qui
1337 1307 1435 1358 eontra
1452 1302 1614 1375 spirituales
1640 1302 1785 1374 nequitias
1806 1302 1852 1356 lu·

91 1395 190 1468 ipsum
215 1393 331 1459 obtulit,
347 1397 412 1459 etc„
437 1407 523 1462 usque
537 1392 575 1447 ad
593 1392 643 1448 sed
664 1392 740 1448 uinci
762 1409 822 1448 non
844 1398 948 1464 potue·
1003 1398 1117 1448 ctantur
1133 1394 1219 1448 Israel
1235 1395 1265 1447 in
1289 1394 1491 1462 possessionem.
1515 1391 1557 1446 ad
1571 1391 1707 1446 litteram.
1729 1391 1853 1447 Ceteras

93 1487 174 1539 runt.
199 1484 239 1539 Ab
263 1481 333 1537 illis.
363 1484 395 1536 ln
415 1496 501 1538 orum.
517 1478 620 1552 (tirso.)
633 1478 684 1536 Vel
713 1498 765 1553 per
792 1497 949 1554 oramqure
1003 1486 1102 1553 gentes
1121 1481 1173 1536 sub
1203 1481 1311 1552 angelis
1342 1480 1543 1536 custodiendas
1567 1479 1705 1535 Dominus
1731 1479 1849 1552 posuit:

93 1575 137 1627 est
156 1571 222 1626 linis
247 1570 343 1637 restis,
372 1574 437 1636 ete,
466 1569 603 1638 usquead
623 1570 753 1626 subditos
768 1586 861 1642 usque
876 1586 949 1626 eon·
1001 1569 1264 1640 laeobsihielegit,
1284 1585 1370 1640 quem
1385 1573 1533 1640 ntegrum
1553 1569 1668 1638 coleret,
1684 1567 1851 1637 seminaret,
1924 1568 1927 1575 ’

95 1659 201 1717 cordiae
220 1659 329 1715 utilitas
344 1657 485 1730 pervenit.
962 1706 982 1761 Β

131 1750 214 1804 Vsus.
245 1750 271 1804 3.
299 1776 334 1789 -
362 1747 438 1803 Sicut
466 1760 519 1802 ras.
546 1745 608 1818 (lo.)
635 1746 691 1802 Ros
734 1745 830 1802 tenuis
857 1763 943 1818 aqua,

1004 1658 1164 1732 possideret
1178 1661 1312 1712 servaret.

1036 1745 1118 1800 vans.
1134 1748 1160 1800 6.
1176 1776 1210 1785 -
1226 1747 1325 1805 Omrtia
1340 1760 1503 1816 quaecamque
1514 1788 1520 1801 .
1533 1746 1596 1816 (ln.)
1618 1746 1704 1810 Quasi
1716 1745 1848 1802 diceret:

95 1837 173 1893 unde
188 1840 265 1891 terra
279 1834 433 1906 germinat,
450 1832 632 1905 etsignillcat
657 1833 789 1906 gratiam,
805 1850 862 1906 qua
876 1850 943 1905 pee-
999 1834 1118 1905 ldagnus
1144 1833 1230 1888 estin
1260 1834 1395 1903 essentia,
1424 1849 1547 1904 magnus
1574 1833 1606 1888 in
1621 1834 1767 1906 operibus,
1783 1838 1850 1903 ete,

94 1930 206 1982 catores
236 1926 452 1979 convertuntur.
474 1924 603 1977 Humor.
618 1924 723 1989 (ilua.)
747 1922 788 1978 Ad
818 1921 945 1978 litteram
998 1922 1134 1992 usquead
1163 1923 1210 1978 sed
1226 1923 1345 1995 spiritus
1359 1922 1486 1978 hominis
1508 1922 1670 1995 ignoratur,
1696 1922 1773 1979 unde
1788 1937 1853 1979 ecce

94 2018 273 2069 monstrans
297 2012 462 2080 Jordanem,
487 2014 552 2078 etc,
578 2011 726 2079 usquead
753 2009 850 2066 cmteri
865 2027 944 2066 assu-

95 2107 230 2174 muntur,
242 2101 334 2173 quiin
342 2116 426 2156 unum
440 2098 525 2154 corde
541 2101 616 2153 sunt.

382 2221 539 2279 Psthtltts
560 2220 695 2276 CXXXIII.

133 2332 206 2386 Vnus
238 2333 263 2384 l.
288 2359 323 2369 -
349 2329 492 2385 Canticum
519 2326 665 2395 mederum.
695 2326 801 2395 (Cass.)
824 2325 946 2392 Quintus

96 2419 228 2476 decimus
238 2418 343 2490 gradus
360 2415 509 2472 :Charitas
532 2414 638 2470 saeculi.
655 2416 691 2470 Et
712 2420 755 2469 est
773 2415 819 2470 hic
843 2416 946 2471 tertius

95 2508 227 2580 psalmus
250 2507 285 2561 de
300 2504 438 2560 charitate
455 2503 516 2569 llei,
533 2503 567 2558 de
583 2519 640 2574 qua
663 2502 710 2558 hic
724 2501 793 2574 agit,
809 2501 882 2558 sicut
895 2519 946 2557 sn·

97 2612 153 2670 pra
178 2596 213 2653 de
242 2594 379 2651 charitate
418 2591 555 2664 proximi.
598 2592 662 2649 Non
695 2591 752 2647 alia
790 2593 883 2663 gratia
910 2591 948 2648 sit

96 2702 157 2758 qua
171 2684 301 2756 diligitur
316 2685 401 2751 Deus,
421 2685 451 2737 et
473 2681 530 2736 alia
544 2696 602 2752 qua
630 2680 791 2751 proximus.
809 2680 862 2736 Sed
879 2681 948 2753 quia

96 2775 224 2831 disemos
239 2779 318 2828 actus
335 2772 422 2826 hahet
434 2769 537 2843 gratia,
551 2774 581 2824 et
603 2769 714 2825 diversa
729 2769 889 2841 diliguntur
903 2786 946 2824 aa.

96 2865 272 2933 llonetergo
284 2860 321 2917 ad
340 2859 519 2932 diligendum
532 2860 633 2914 Deum.
654 2857 759 2924 Primo,
772 2858 873 2913 invitat
885 2859 948 2929 plu-

95 2953 196 3008 raliter
211 2949 382 3006 benedicere
406 2951 513 3018 Beum3
539 2946 675 3012 secundo,
696 2951 778 3019 optat
804 2947 936 3002 benedici

91 3041 145 3107 ibi,
175 3039 329 3096 Benedicat.

137 3132 215 3198 Bere,
242 3125 467 3184 demonstrantis
491 3128 543 3180 eat.
580 3126 614 3180 Bt
640 3123 746 3196 quibas
765 3124 849 3180 iaciat
875 3125 951 3181 hanc
1005 3164 1104 3234 (ωε.)

95 3215 385 3280 demonstrationem,
401 3213 639 3279 determinatius
656 3215 729 3268 semi
740 3215 857 3269 Domini.

132 3308 229 3364 suris.
258 3305 411 3361 Servorum
430 3306 547 3370 estnon
562 3301 663 3357 sedere
679 3301 709 3356 in
723 3301 810 3359 domo
827 3302 947 3358 domini.

95 3396 158 3460 Vel,
168 3395 204 3450 de
220 3394 328 3449 eisdem
341 3391 533 3463 intelligitur:
549 3392 582 3446 Et
591 3406 644 3462 per
668 3390 791 3457 domum
811 3390 950 3463 intelligi·

94 3488 145 3539 tur
155 3483 287 3549 Ecclesia,
316 3497 367 3553 per
381 3483 466 3548 atria,
494 3479 617 3536 latitudo
630 3478 787 3534 eharitatis.
803 3480 836 3535 ln
851 3479 948 3534 ehari-

93 3577 155 3627 tate
166 3571 256 3642 enim,
273 3586 339 3642 quoe
349 3568 513 3625 extenditur
521 3583 614 3638 usque
625 3567 660 3623 ad
670 3567 811 3633 inimicos,
827 3568 950 3623 latitudo

94 3665 148 3725 est,
164 3661 195 3715 in
224 3659 291 3714 odio
316 3657 459 3730 angustia.
476 3656 561 3721 Quasi
584 3656 704 3725 diceret,
728 3672 779 3710 ros
793 3656 950 3721 bertedicite,

96 3751 148 3821 qui
173 3752 265 3815 statis,
280 3747 310 3804 id
322 3752 366 3802 est
378 3745 578 3818 perseveratis,
593 3747 626 3800 ln
640 3745 718 3799 dome
731 3744 844 3811 domim,
860 3745 890 3800 id
906 3749 950 3800 est

95 3839 129 3894 in
155 3837 300 3903 Ecclesiis;
317 3841 346 3891 et
369 3836 418 3906 qui
430 3837 521 3902 statis,
533 3835 566 3889 ln
579 3835 662 3889 atriis
676 3833 770 3888 domus
789 3835 838 3888 Dei
851 3835 948 3900 nostri,

98 3926 128 3983 id
142 3932 185 3981 est
199 3926 230 3981 iu
240 3924 389 3981 latitudine
408 3922 565 3990 charitatis,
582 3921 630 3978 uhi
646 3921 742 3976 nullus
756 3921 947 3992 angustiatur.

135 4017 217 4070 Vens.
244 4017 272 4070 2.
292 4043 326 4055 -
341 4012 471 4068 Entellite
492 4026 588 4066 manus
616 4014 729 4064 uestras.
752 4008 831 4064 Sicut
843 4010 949 4080 lloysee

97 4121 205 4161 manus
229 4119 294 4159 suas
313 4101 418 4157 levavit
431 4104 581 4172 pugnante
609 4098 715 4170 populo
741 4098 827 4154 lsrael
849 4104 949 4154 contra

96 4192 227 4259 Amalec,
237 4192 368 4248 Entellite
381 4189 457 4259 dieo,
470 4192 500 4244 in
512 4193 626 4245 sancta:
643 4193 676 4242 ut
690 4187 850 4243 intentione
865 4192 948 4243 aeter-

98 4298 171 4338 num
185 4282 295 4337 honum
308 4277 480 4350 operemini,
495 4277 579 4332 aliter
593 4276 670 4331 enim
686 4292 745 4331 non
755 4276 839 4331 valet.

134 4370 281 4427 Benedicat
304 4373 329 4424 te
343 4369 471 4424 Dominus
494 4365 625 4422 Secunda
641 4381 716 4436 pars,
734 4365 782 4420 ubi
796 4369 875 4436 optat
895 4364 946 4421 be·

97 4459 195 4516 nedici
209 4457 317 4513 fideles.
332 4456 419 4522 Quasi
428 4455 545 4522 diceret,
561 4455 717 4521 benedicite,
733 4459 763 4508 et
773 4456 806 4508 ut
818 4454 873 4508 hoc
885 4470 948 4524 pas·

97 4545 171 4615 sitis,
186 4547 332 4602 Benedicat
346 4550 371 4601 te
395 4547 533 4613 Bominm,
553 4541 754 4599 benedictione
769 4558 835 4614 quae
850 4547 893 4598 est
912 4559 947 4598 eu

98 4634 173 4690 Sion
190 4634 245 4698 Qui
258 4638 362 4706 potest,
379 4632 448 4705 qaia
475 4632 538 4705 ipse
561 4636 613 4698 est,
630 4631 681 4704 qui
694 4631 764 4688 tecit
787 4632 891 4687 culum
919 4635 948 4687 et

98 4726 217 4778 terram.
234 4723 505 4791 (maurianensem.
530 4721 622 4793 Supra
634 4721 766 4776 hortatur
778 4723 874 4792 plures
897 4720 947 4777 be-

98 4810 232 4866 nedicere
247 4812 348 4878 Deum,
375 4809 436 4882 ipse
456 4826 522 4865 vero
546 4825 638 4865 unum
666 4808 810 4865 benedicit
824 4811 946 4876 tantum,

99 4899 179 4971 quia,
195 4899 247 4954 etsi
269 4900 367 4970 plures
389 4898 455 4968 sint,
472 4904 569 4955 tamen
592 4898 622 4953 in
637 4913 729 4954 unum
747 4903 823 4966 sunt,
837 4902 867 4952 et
879 4896 945 4952 uni-

100 4988 153 5044 tati
168 4989 299 5043 convenit
313 4986 487 5044 benedictio.
508 4986 588 5042 Unde
602 5001 678 5042 unus
693 4985 724 5041 in
739 4985 849 5058 piscina
861 5000 945 5039 sana·

97 5075 195 5142 batur,
210 5075 261 5148 qui
271 5075 352 5148 prior
362 5076 562 5132 descendebat.
586 5076 652 5130 Bato
665 5074 773 5147 ergoin
787 5090 857 5141 uno,
868 5077 896 5129 et
912 5072 947 5129 ad

99 5171 128 5221 te
141 5164 291 5236 perveniet
305 5164 476 5221 benedictio.

366 5270 522 5327 Psanlttls
535 5269 667 5326 CXXXIV.

134 5378 220 5433 Vens.
239 5378 461 5433 l.-1llleluio.
482 5376 589 5444 (Cass.)
608 5374 800 5446 Postgradus,
816 5373 867 5446 qui
893 5373 946 5430 du·

99 5470 170 5522 cunt
185 5466 220 5521 ad
229 5465 418 5521 aeternitatem
439 5463 622 5537 componitur
635 5462 761 5527 alleluia,
776 5467 810 5518 ut
825 5461 948 5519 Ecclesia

98 5557 215 5616 truatur
238 5554 371 5613 laudibus
395 5554 457 5624 liei,
481 5553 528 5611 eui
541 5553 599 5610 tale
613 5566 719 5610 munus
737 5556 870 5624 paratum
893 5555 945 5610 est.

999 2010 1112 2065 dieitur.

1034 2100 1118 2155 Vens.
1148 2104 1173 2154 7.
1190 2129 1224 2139 -
1251 2100 1307 2166 Qui
1328 2098 1456 2169 producit
1479 2103 1570 2155 uentos
1584 2100 1617 2155 de
1633 2100 1768 2156 thesauris
1783 2101 1851 2156 suis.

999 2187 1053 2254 Qui
1061 2190 1197 2257 percussit
1217 2189 1408 2258 primogenita.
1423 2186 1487 2259 (ln.)
1501 2187 1584 2243 Fides
1593 2189 1672 2244 unde
1685 2187 1852 2260 incipimus,

1000 2276 1130 2348 querire
1144 2275 1261 2348 proficit
1274 2277 1362 2332 homo
1381 2276 1412 2331 in
1424 2276 1539 2344 melius,
1555 2278 1693 2348 AEgyptus
1709 2276 1829 2331 afflictio
1844 2293 1852 2345 ;

1000 2364 1166 2436 quicunque
1180 2380 1250 2436 ergo
1263 2363 1375 2436 {aflligit
1398 2363 1564 2434 Ecclesiam,
1584 2368 1612 2418 et
1624 2363 1757 2419 scandala
1772 2363 1851 2434 lacit,

1000 2453 1054 2509 etsi
1069 2452 1248 2510 Christianus
1262 2452 1377 2522 dicitur,
1389 2453 1484 2524 perdit
1499 2452 1597 2508 fldem.

1035 2543 1078 2598 Ab
1108 2547 1236 2598 entremo.
1269 2542 1332 2599 Sive
1362 2542 1398 2597 ab
1441 2542 1501 2598 imo
1527 2546 1622 2609 terrm,
1652 2541 1709 2596 sire
1750 2557 1767 2595 a
1795 2542 1853 2597 cir-

1000 2631 1183 2687 cumdatione
1211 2631 1314 2688 finium
1341 2636 1434 2687 terrm.
1456 2632 1577 2700 Bulquro
1591 2635 1616 2687 et
1639 2631 1773 2700 pluuium.
1789 2628 1853 2688 rul-

1001 2736 1057 2792 gur
1071 2725 1222 2789 terrorem,
1238 2719 1333 2793 pluvia
1349 2706 1487 2792 gaudium
1514 2720 1592 2788 lacit,
1621 2719 1676 2785 Qui
1704 2734 1773 2791 ergo
1791 2723 1851 2774 ter·

1001 2809 1061 2863 ruit
1078 2809 1202 2880 fulgure,
1218 2808 1311 2864 reficit
1324 2808 1431 2880 pluvia.

1039 2897 1116 2952 Vnus.
1133 2900 1159 2952 8.
1180 2927 1215 2938 -
1242 2898 1295 2964 Qui
1322 2899 1466 2968 percussit.
1484 2895 1546 2968 (In.)
1563 2897 1621 2951 lloc
1639 2895 1670 2950 in
1684 2894 1852 2951 hominibus

940 2988 947 3015 ’
966 2988 987 3045 C
1006 2984 1075 3041 feeit
1089 2990 1207 3073 propter
1229 2987 1365 3056 poculum
1380 3001 1473 3040 sunm.
1503 2984 1531 3041 si
1549 2983 1621 3039 dixit
1634 2979 1699 3055 quoe'
1729 3000 1851 3052 amares,

1003 3073 1072 3129 audi
1086 3077 1114 3128 et
1139 3090 1204 3146 quae
1232 3073 1342 3129 timeas.
1374 3074 1420 3128 Ab
1451 3074 1556 3128 bomine
1588 3088 1673 3142 usque
1697 3071 1736 3127 ad
1758 3087 1850 3143 pecus.

1132 3164 1190 3217 lloc
1216 3178 1292 3234 saepe
1321 3162 1436 3233 repetit,
1461 3166 1524 3224 ete„
1549 3175 1634 3232 usque
1657 3159 1694 3214 ad
1717 3175 1783 3232 qum
1798 3159 1850 3216 de·

1003 3250 1088 3305 struit
1098 3249 1129 3305 in
1143 3249 1335 3320 prudentibus
1346 3253 1374 3304 et
1388 3249 1494 3304 idiotis.

1038 3341 1120 3395 Vnus.
1147 3341 1189 3394 ltl.
1218 3368 1253 3380 -
1280 3341 1364 3408 Reges
1391 3338 1487 3404 sortes.
1518 3335 1692 3405 (ln.)l{undi
1714 3335 1850 3408 spiritus:

1002 3427 1052 3499 qui
1085 3431 1153 3483 sunt
1181 3426 1275 3496 occisi,
1304 3427 1374 3483 ditm
1406 3429 1557 3498 nequeunt
1596 3425 1627 3481 in
1653 3424 1736 3480 nobis
1775 3424 1853 3496 quod

1003 3514 1112 3570 volunt.

1039 3603 1118 3659 Vnus.
1156 3607 1198 3659 ll.
1228 3633 1262 3643 -
1292 3603 1379 3659 &bon
1404 3618 1493 3671 regem
1531 3604 1762 3662 Amorrhaeorum.
1791 3604 1849 3658 ete.

1003 3690 1059 3745 lloe
1073 3689 1126 3745 sub
1149 3692 1242 3761 lloyse
1260 3691 1363 3745 laetum
1380 3708 1386 3745 :
1405 3691 1440 3746 de
1463 3691 1517 3745 hoc
1539 3689 1570 3745 in
1586 3690 1658 3745 libro
1680 3688 1798 3744 Numeri
1812 3689 1854 3744 le·

1002 3779 1089 3850 gitur,
1103 3779 1181 3850 quod
1201 3794 1266 3833 cum
1290 3778 1478 3850 prohiberent
1499 3778 1573 3833 filios
1590 3777 1676 3832 lsrael
1704 3792 1758 3848 por
1780 3775 1853 3831 lines

1002 3883 1068 3922 suos
1084 3865 1216 3932 transire,
1227 3866 1355 3937 percussi
1382 3871 1449 3920 sunt
1472 3866 1508 3920 ab
1532 3880 1578 3935 eo,
1602 3868 1631 3920 et
1658 3863 1785 3935 possedit
1798 3880 1850 3934 po·

1001 3956 1087 4028 pulus
1100 3954 1185 4009 lsrael
1198 3958 1304 4010 terram
1315 3970 1425 4010 eorum.

1038 4045 1183 4099 Obanaan.
1250 4043 1314 4114 (ln.)
1366 4041 1543 4111 humiliatio,
1596 4040 1682 4108 mala,
1745 4038 1853 4095 scilicet

1003 4133 1117 4206 quando
1127 4132 1163 4188 ab
1176 4131 1288 4187 honore
1298 4129 1540 4186 sanetidecidunt.

1038 4223 1122 4277 vans.
1152 4224 1193 4276 li.
1220 4251 1255 4262 —
1287 4223 1323 4277 Bt
1354 4220 1431 4275 dedit
1458 4223 1559 4275 terram
1589 4233 1680 4274 eorum
1703 4216 1852 4272 beredita-

1003 4318 1055 4368 tcm
1083 4310 1152 4383 qln.)
1183 4309 1213 4365 ld
1252 4314 1304 4376 est,
1344 4308 1486 4365 coelestem
1515 4307 1733 4373 beatitudinem,
1763 4320 1850 4376 quam

1001 4399 1146 4454 demones
1160 4414 1213 4470 per
1226 4397 1391 4470 superbiam
1400 4398 1598 4465 deseruerunt,
1613 4394 1692 4450 dedit
1707 4393 1850 4449 fidelibus.

1002 4490 1067 4545 neec
1083 4493 1127 4545 est
1140 4503 1210 4544 vera
1222 4493 1299 4543 terra
1313 4486 1523 4560 promissionis,
1551 4502 1617 4558 quae
1632 4485 1726 4540 verius
1748 4482 1853 4540 dicitnr

1000 4576 1164 4644 hareditas,
1190 4592 1256 4648 quar
1294 4576 1325 4631 in
1364 4591 1435 4646 pace
1459 4580 1512 4645 est,
1542 4590 1629 4647 quam
1655 4573 1704 4628 illa
1735 4569 1853 4627 actualis

1000 4682 1089 4738 quam
1123 4681 1199 4737 srepe
1237 4665 1397 4719 amiserunt
1436 4662 1488 4718 lilii
1528 4663 1628 4718 lsrael.
1661 4658 1852 4718 Hereditatem

1000 4755 1101 4812 Israel.
1117 4755 1216 4823 (Aac.)
1230 4752 1395 4819 Hereditas,
1425 4756 1493 4807 sunt
1505 4755 1606 4823 gentes
1635 4750 1734 4819 lsrael,
1757 4747 1852 4804 tidelis

1001 4842 1108 4898 scilicet
1126 4843 1235 4915 populi,
1251 4858 1338 4914 quem
1361 4845 1482 4912 pascunt
1509 4839 1703 4908 tribulatione,
1718 4838 1852 4893 docentes

1001 4931 1181 5004 patientiam,
1214 4930 1258 4985 rel
1283 4945 1355 5002 quas
1403 4929 1491 4985 lsrael
1515 4929 1620 4984 excolit
1644 4925 1851 4984 conformando

1001 5021 1065 5077 albi.

1036 5110 1116 5165 vans.
1171 5112 1213 5165 te.
1268 5110 1299 5163 ln
1339 5109 1536 5178 generationem
1583 5110 1608 5161 et
1642 5107 1850 5175 emersionem.

1001 5199 1064 5265 (ln.)
1088 5196 1241 5253 Generatio
1261 5210 1320 5251 una
1348 5199 1401 5266 est,
1423 5211 1480 5267 qua
1505 5194 1684 5251 renascimur
1711 5209 1764 5266 per
1797 5192 1850 5248 ha·

1002 5285 1151 5359 ptismum,
1171 5285 1261 5340 altera
1289 5301 1346 5357 qua
1369 5296 1577 5356 resurgemus:
1596 5300 1654 5339 non
1673 5287 1717 5339 est
1744 5281 1853 5339 oblitus

1001 5376 1077 5431 [leus
1086 5374 1118 5429 in
1129 5375 1182 5430 hae
1198 5389 1308 5440 vocare,
1322 5373 1353 5429 in
1365 5373 1412 5430 illa
1422 5390 1570 5429 coronare.

1036 5465 1117 5518 Vnus.
1145 5465 1186 5518 lt.
1208 5491 1245 5504 -
1268 5463 1338 5530 Quia
1358 5462 1506 5533 judicabit.
1524 5463 1625 5530 (Cass.)
1641 5462 1732 5517 Causa
1746 5460 1849 5530 laudis,

1000 5551 1070 5626 quia
1084 5551 1155 5608 vidit
1171 5551 1309 5609 [lominus
1323 5550 1465 5625 populum
1475 5549 1522 5608 cui
1548 5554 1590 5607 tot
1604 5549 1682 5620 feeit,
1697 5550 1852 5624 prophetas
