3892 6106
101 230 153 285 sss
430 217 630 274 waarrruoi
648 216 771 272 srnasi
786 211 1075 272 ruanuouorr.
1092 211 1181 268 rans
1194 212 1216 267 1.
1235 239 1270 251 -
1283 208 1516 270 runoaooroa.
1672 176 1678 185 ’
1703 190 1706 195 ’
1802 217 1856 272 aas

99 350 214 406 reticam
227 343 407 419 pravitatem,
428 355 551 412 quarum
565 344 686 410 astraque
697 342 725 392 et
740 351 807 391 suos
818 335 951 408 nequiter
965 334 990 392 Α
1008 333 1228 406 manifestatque
1238 337 1424 397 sacramenta,
1441 349 1507 405 qure
1519 333 1637 390 luerunt
1658 334 1827 391 abscondita
1840 352 1858 392 a

101 434 253 493 nutriendo
268 429 417 494 interimit,
434 433 462 481 et
476 425 585 481 alienos
601 440 752 496 quousque
767 423 867 494 perdat
884 422 950 477 alli·
1005 422 1116 477 saeculis
1135 426 1163 477 et
1177 421 1420 492 generationibus,
1435 426 1466 476 ut
1486 423 1701 478 consideremus
1726 424 1854 479 beatitu-

101 525 202 581 ciendo
215 521 375 594 persuadet.
396 518 472 571 luter
486 515 556 569 duas
569 514 702 568 mutieres
719 511 866 580 Dominus,
881 512 950 566 dum
1005 510 1103 564 dinem
1115 510 1293 579 angelorum,
1308 508 1460 563 utilitatem
1472 509 1634 579 hominum,
1653 511 1790 567 astutiam
1803 511 1859 567 dre·

100 615 129 670 id
143 612 216 684 quod
228 613 337 682 justum
350 610 391 660 est
405 603 505 674 spiritu
521 602 632 657 orissai
647 600 766 663 dirimit,
795 600 950 671 unicuique
1004 612 1136 662 monum,
1160 601 1199 664 et,
1215 596 1401 669 reprobantes
1416 596 1494 669 quod
1508 599 1617 654 malam
1641 603 1696 670 est,
1711 605 1857 656 secamur

100 702 175 776 qnod
191 694 311 755 debetur
323 693 456 749 restituit.
1005 684 1080 757 qnod
1091 685 1199 740 bonum
1215 689 1268 739 est.

136 789 214 841 Tuas.
231 783 275 837 ii.
287 810 321 823 -
340 780 420 832 Darat
434 790 505 843 erpo.
524 775 617 846 (uua.)
640 774 785 829 Simulans
811 773 950 844 ignoran·
1003 767 1007 774 '
1346 773 1458 830 CAPUT
1478 775 1509 829 v,

100 877 168 931 tiam
182 875 322 928 humanos
333 882 385 939 pro
395 863 606 936 dispensatione
627 862 720 916 curnis
749 861 867 917 metitur
879 860 949 915 alie·
1040 862 1120 917 Vsus.
1145 863 1220 916 3.-
1238 862 1351 930 thuia
1371 877 1426 918 aaa
1441 866 1565 932 potuerit
1578 863 1719 934 adificare
1733 846 1854 931 demta,

100 969 171 1029 ctos,
187 959 260 1013 sieut
282 961 311 1010 et
337 953 401 1008 ibi:
419 953 470 1007 Ubi
493 952 611 1020 posuisti
636 966 695 1005 eum
718 949 814 1019 (Jooa.
830 946 901 1016 ΠΗ
916 946 951 1002 Et
985 953 1057 1006 eto.
1082 950 1175 1016 (Bana,
1200 954 1295 1018 quest.
1315 952 1346 1004 ia
1373 950 1420 1005 tib.
1437 951 1513 1022 lieu.)
1527 952 1635 1008 Domus
1656 968 1747 1026 quam
1775 953 1855 1009 Sala-

99 1050 167 1106 alibi
182 1066 191 1103 r
205 1047 316 1113 duisme
329 1043 417 1109 tetigit
431 1041 507 1109 (Eue.
522 1040 582 1108 arri)
597 1039 612 1092 ‘i
1004 1052 1072 1092 mon
1087 1036 1247 1106 aedificavit,
1263 1036 1392 1093 Ecclesiae
1418 1037 1512 1111 ligura
1523 1039 1588 1109 luit,
1608 1047 1675 1109 ete„
1705 1056 1794 1111 usque
1821 1041 1857 1097 aa

135 1140 216 1192 vans.
244 1135 289 1189 25.
304 1159 341 1173 -
374 1128 506 1184 Diuidite.
537 1128 598 1198 (lo.)
627 1126 729 1181 Tentat
753 1130 950 1179 naturamna·
1003 1125 1035 1179 in
1049 1125 1218 1197 quibusdum
1232 1131 1416 1182 remunerata
1428 1142 1495 1182 cum
1507 1127 1617 1200 angelis
1628 1128 1785 1186 hominum
1799 1145 1855 1186 cer

97 1233 171 1283 tnrae
189 1223 336 1286 Dominus,
350 1222 378 1273 et
387 1218 447 1271 vult
457 1214 614 1271 secundam
638 1214 789 1285 utriusque
819 1214 950 1269 volunta·
1002 1212 1312 1268 taminademonstrat.

99 1321 167 1379 tem,
183 1313 326 1368 virentem
341 1307 443 1368 lilium.
459 1305 489 1359 in
504 1305 598 1376 legem
613 1303 794 1374 gratiamque
812 1301 947 1358 dividere:
1040 1301 1103 1369 ilo„
1121 1300 1175 1356 lib.
1193 1300 1226 1355 de
1240 1301 1337 1371 tempto
1351 1301 1467 1364 Salam..
1493 1319 1556 1375 cap.
1573 1304 1609 1374 t.)
1625 1305 1705 1361 lianc
1732 1304 1849 1361 domum

100 1420 158 1459 non
173 1401 249 1474 quod
266 1398 378 1471 probet,
393 1395 442 1449 sed
463 1393 498 1447 ed
515 1392 689 1461 arguendam
707 1391 866 1462 synagogae
899 1405 949 1444 ca-
1003 1388 1184 1458 spitituulem
1213 1389 1301 1443 etiam
1329 1390 1546 1447 tabernaculum
1575 1392 1606 1447 in
1633 1409 1731 1448 eremo
1746 1393 1850 1449 luctum

101 1491 240 1546 lumniam
255 1486 308 1540 hoc
323 1484 434 1537 seruile
448 1479 527 1535 dicit.
1003 1477 1156 1547 significat,
1172 1481 1239 1544 etc,
1255 1492 1341 1547 usque
1360 1479 1399 1533 ad
1424 1483 1453 1534 et
1472 1480 1594 1535 sulutem
1619 1481 1752 1537 omnium
1782 1497 1850 1553 gen·

135 1582 215 1634 Tuas.
246 1577 290 1629 26.
307 1602 342 1612 -
377 1571 461 1624 Dua
482 1573 582 1623 autem.
624 1566 684 1638 (lo.)
720 1565 852 1630 Ecclesia,
884 1581 955 1636 qaue.
1002 1564 1075 1618 tium
1091 1563 1122 1619 io
1138 1565 1250 1620 Christo
1264 1566 1363 1620 multis
1378 1566 1473 1622 modis
1489 1568 1620 1624 ostendat
1639 1572 1668 1624 et
1682 1568 1800 1641 figuret.

101 1669 152 1723 seit
168 1680 252 1721 snam
273 1676 344 1726 esse,
379 1658 503 1712 libenter
523 1655 653 1710 concedit
675 1654 798 1720 oemuloe,
823 1659 855 1707 nt
875 1653 949 1708 vivat
1039 1654 1119 1709 Tuas.
1135 1656 1160 1708 6.
1181 1682 1216 1694 -
1242 1655 1503 1724 Precipeipiturut
1524 1657 1680 1728 presideat
1695 1658 1777 1721 milti,
1799 1662 1851 1713 ata.

100 1757 200 1811 saltem
214 1750 289 1822 apud
305 1764 380 1814 eum,
396 1760 432 1800 ne
447 1744 521 1798 inter
535 1743 627 1813 legem
643 1741 749 1797 divisus
772 1745 799 1796 et
813 1740 946 1811 gratiam,
1001 1743 1091 1814 (Rau.)
1107 1741 1186 1797 Serri
1204 1741 1300 1797 iliram
1314 1743 1503 1813 praecidentes
1529 1746 1628 1800 cedros
1649 1744 1801 1802 Salomoni
1815 1745 1848 1801 de

101 1841 205 1900 Christi
229 1851 365 1894 mucrone
401 1833 529 1898 feriatur,
560 1831 660 1885 unde:
688 1833 752 1885 Ecce
778 1844 826 1897 epo
845 1830 948 1885 Paulus
1003 1830 1121 1898 libano,
1137 1835 1203 1897 etc,
1217 1833 1354 1900 usquead
1378 1833 1482 1888 melius
1497 1834 1651 1905 gentilium
1671 1850 1784 1890 errores
1799 1850 1850 1890 no·

101 1928 254 1994 diaconiis,
300 1926 368 1995 quio
397 1923 515 1989 sttepem
535 1919 696 1979 obseruatis.
724 1917 850 1975 cbristus
872 1916 948 1971 uobis
1002 1922 1111 1986 serant,
1128 1924 1157 1974 et
1169 1918 1235 1974 ideo
1250 1919 1430 1975 artificiosius
1442 1922 1656 1993 expugnabant.

100 2018 172 2073 stitit
192 2013 315 2085 proderit
329 2010 434 2082 (Galat.
450 2008 489 2076 vt.
1037 2009 1096 2063 Scis
1110 2010 1180 2062 enim
1198 2008 1329 2076 quamodo
1350 2023 1405 2064 aaa
1419 2013 1459 2064 est
1477 2011 1507 2064 ia
1522 2010 1625 2080 popula
1646 2024 1704 2065 meo
1731 2012 1777 2065 air
1806 2011 1854 2079 qui

537 2149 545 2165 ,
606 2148 613 2161 ,
1001 2098 1106 2151 nocuit
1124 2097 1210 2164 tiana,
1235 2100 1288 2151 etc.
1316 2096 1412 2164 litans,
1433 2102 1464 2152 ut
1491 2097 1599 2168 supra.)
1625 2097 1786 2153 Dicendum
1810 2101 1852 2153 ast

455 2148 566 2206 ΕΔΜ
579 2147 624 2202 μ’
1001 2183 1082 2253 prius
1095 2183 1131 2238 de
1154 2184 1293 2254 operariis
1308 2185 1419 2256 templi,
1436 2185 1486 2257 qui
1502 2187 1545 2241 vel
1564 2185 1641 2241 unde
1668 2185 1798 2254 luerunt,
1825 2188 1853 2241 et

135 2284 216 2338 Vsus.
231 2283 276 2335 ti.
292 2306 324 2320 -
339 2275 420 2332 cibus
434 2274 594 2330 Salomonis.
612 2271 705 2341 illan.)
726 2269 851 2326 Refectio
867 2267 949 2324 euri·
1002 2272 1038 2328 de
1065 2274 1129 2343 ipsa
1150 2273 1278 2337 matoria,
1308 2277 1373 2341 eto,
1400 2290 1484 2344 usque
1507 2275 1552 2347 ad⁴
1565 2274 1704 2344 turicum,
1735 2275 1851 2341 icitioei,

101 2372 147 2440 sti,
163 2371 213 2443 qui
226 2366 439 2441 pasciturrecta
453 2361 508 2416 lide
524 2365 552 2414 et
565 2359 702 2430 operibus
716 2357 809 2424 bonis,
825 2372 890 2428 quse
904 2355 947 2411 illi
1003 2360 1082 2416 verbi
1105 2361 1166 2428 liei,
1196 2363 1292 2417 oleum
1328 2362 1483 2430 charitatis,
1510 2363 1655 2419 unctionis
1676 2367 1704 2419 at
1728 2363 1852 2435 Spiritus

100 2459 227 2535 quotidie
242 2455 404 2511 offeruntur
413 2448 447 2505 ab
460 2448 583 2504 Ecclesia
597 2446 746 2501 catholica.
1003 2449 1091 2504 sancti
1107 2449 1339 2506 illuminationis,

135 2551 214 2604 Vsus.
232 2547 276 2601 23.
293 2572 327 2582 —
347 2536 633 2608 Vigintiboues.(lo.t
664 2532 949 2589 PraedicatoresNovi
1038 2537 1111 2590 Vnus
1146 2538 1188 2592 l0.
1213 2566 1247 2576 -
1273 2538 1373 2608 Itaque
1395 2539 1493 2593 iliram
1507 2537 1591 2593 dabat
1609 2538 1749 2594 suoram
1775 2540 1852 2607 amia

100 2633 284 2700 Testamenti,
300 2629 349 2703 qni
364 2627 446 2700 quasi
467 2624 643 2696 &minatum
679 2623 852 2692 Deculogom
874 2622 948 2676 iuss
1002 2624 1113 2680 cedrina
1136 2629 1162 2679 et
1188 2626 1263 2694 tipnu
1283 2625 1410 2695 abiegna,
1423 2627 1507 2695 iusta
1533 2641 1646 2693 omnem
1666 2632 1721 2682 etc.
1750 2628 1849 2699 Tyrus,

99 2726 215 2792 habent,
231 2737 296 2778 curn
321 2719 431 2773 Novum
451 2718 481 2769 et
511 2714 593 2766 Vetus
620 2713 833 2767 Testamentum
854 2725 949 2781 aequa·
1001 2713 1078 2767 unde
1092 2729 1140 2768 rex
1160 2713 1270 2779 iliram,
1297 2713 1435 2769 insulaet
1454 2714 1551 2770 dedita
1574 2715 1777 2787 negotiationi,
1800 2714 1850 2771 ubi

99 2815 164 2871 liter
181 2810 341 2885 praedicans
355 2803 434 2876 pleni
450 2801 602 2858 dilectione
619 2799 669 2854 liei
684 2804 713 2854 et
730 2798 865 2870 proximi.
1002 2805 1085 2855 erant
1097 2800 1199 2871 optimi
1214 2800 1398 2856 subnecteres
1413 2802 1568 2872 lignorum,
1585 2803 1635 2875 qui
1651 2804 1759 2859 dabant
1772 2804 1852 2876 ligna

134 2905 260 2972 Eacepta
286 2896 435 2952 uenatione.
465 2889 619 2945 Venatione
640 2887 817 2942 diversorum
840 2886 981 2987 anima·C
1003 2889 1127 2960 pretiosa
1141 2887 1311 2960 accipientes
1325 2889 1443 2945 cibaria.
1464 2890 1568 2946 vivunt
1582 2891 1660 2946 enim
1676 2907 1730 2947 non
1747 2907 1850 2964 agrurn

97 2993 170 3048 lium
185 2985 363 3057 suntquies
396 2980 514 3037 diversis
533 2976 666 3049 gentibus
693 2975 823 3047 qnotidie
838 2974 946 3030 retihm
999 2977 1127 3044 colendo,
1143 2977 1193 3032 sad
1212 2977 1396 3050 negotiando.
1426 2979 1469 3035 lbi
1484 2983 1526 3035 est
1545 2995 1629 3035 mons
1654 2980 1790 3051 Libanus,
1809 2982 1845 3038 da

97 3076 243 3152 Evangelii
256 3090 308 3145 per
334 3069 496 3142 spirituales
520 3070 668 3122 venatores
697 3064 860 3137 capiuntur,
876 3069 906 3119 et
914 3063 945 3119 in
999 3067 1080 3138 cnjus
1090 3065 1176 3137 lignis
1186 3066 1259 3121 lucta
1274 3071 1317 3122 est
1327 3066 1431 3122 domas
1441 3067 1567 3124 Domini.
1585 3068 1665 3125 Unde
1679 3075 1709 3125 et
1724 3070 1849 3127 Libanus

97 3174 211 3241 pastum
225 3161 377 3219 silvatoris
391 3157 570 3227 rediguntur.
999 3155 1104 3211 dicitm
1121 3155 1161 3209 ibi
1177 3170 1185 3208 ε
1201 3155 1299 3224 Aperi,
1314 3153 1429 3219 Libane,
1440 3160 1537 3226 portas
1551 3161 1613 3211 tuas
1628 3156 1727 3226 (Zaot.
1746 3161 1794 3227 ιι).

131 3257 214 3309 Vsus.
237 3253 283 3305 26.
312 3277 347 3288 -
374 3245 574 3311 Quadraginta.
600 3246 653 3296 etc.
681 3241 736 3295 Per
755 3239 946 3312 quadraginta
1034 3244 1114 3298 Vsus.
1142 3245 1184 3299 la.
1200 3273 1235 3282 -
1256 3243 1398 3315 Eleqitque
1412 3260 1462 3299 rea
1482 3244 1617 3300 Salamm
1634 3245 1733 3314 (Esou,
1760 3249 1848 3302 utin.

96 3347 229 3412 tempora
244 3336 346 3409 priscas
376 3333 445 3404 legis
470 3330 668 3400 designantur,
685 3343 772 3399 wem
800 3328 945 3383 llosesac-
996 3347 1060 3402 pra,
1076 3346 1138 3401 cup.
1167 3330 1206 3402 3.)
1232 3331 1293 3385 Non
1311 3330 1418 3387 frustra
1439 3331 1587 3404 operarios
1612 3332 1647 3387 de
1666 3333 1746 3388 omni
1761 3333 1847 3390 lsrael

96 3436 231 3502 cepturus
258 3422 398 3496 jejunarit
422 3418 612 3492 qnadraginta
631 3416 743 3482 diebus,
765 3421 795 3471 et
823 3418 947 3487 populns
999 3418 1096 3491 elegit,
1110 3421 1177 3488 etc,
1191 3433 1276 3488 usque
1288 3418 1326 3473 ed
1338 3418 1369 3474 in
1381 3435 1439 3492 qua
1453 3436 1534 3475 mens
1546 3418 1676 3475 fidelium
1691 3436 1707 3474 a
1724 3421 1847 3478 nomino

96 3521 147 3593 qui
162 3534 196 3573 eu
219 3512 425 3574 instruebatur,
455 3505 647 3580 quadraginta
674 3504 758 3559 anuis
784 3503 817 3558 in
834 3503 946 3559 deserto
999 3505 1166 3579 quotidiana
1181 3504 1372 3561 illustratione
1388 3506 1469 3578 quusi
1483 3508 1553 3562 lana
1575 3508 1665 3562 asale
1681 3509 1844 3580 respicitur.

96 3609 160 3665 luit.
1038 3593 1183 3663 Operarias
1203 3593 1236 3647 de
1249 3594 1323 3648 omui
1339 3595 1438 3663 quat,
1463 3598 1489 3649 et
1513 3598 1573 3648 erat
1596 3593 1711 3650 indictio
1729 3599 1846 3667 triptota

132 3697 165 3750 Et
175 3690 326 3747 duodecim.
342 3685 395 3742 Hic
409 3699 547 3739 numerus
562 3696 689 3754 praesens
711 3683 825 3751 tenipus
850 3679 945 3750 signi·
998 3683 1086 3736 mittio
1099 3683 1230 3736 uirorum.
1248 3681 1282 3735 lli
1298 3687 1461 3752 operatores
1473 3686 1556 3737 erant
1569 3683 1716 3755 proselyti.
1735 3686 1842 3742 Horum

94 3784 169 3850 licat,
188 3780 219 3834 in
239 3793 296 3850 quo
325 3773 482 3845 apostolica
511 3770 640 3827 doctrina
662 3768 732 3824 Novi
771 3769 945 3824 Testamenti
998 3769 1128 3840 magistri
1141 3769 1176 3824 de
1190 3768 1307 3838 tudaeis,
1323 3767 1391 3840 quia
1406 3785 1465 3825 non
1491 3769 1560 3824 lecit
1582 3785 1760 3844 quemquam
1784 3790 1844 3829 ser·

33 3895 35 3898 ·
92 3871 232 3944 populum
247 3864 346 3921 nutrit.
997 3857 1058 3911 rire
1072 3856 1107 3912 de
1123 3856 1219 3911 lsrael.

130 3959 270 4014 Tanais
286 3951 543 4016 -Hordeum,etc.
571 3949 611 4002 Ne
627 3946 696 4019 quid
710 3945 785 4001 desit
812 3945 842 4000 in
859 3946 945 4001 domo
1032 3947 1114 4001 Vsus.
1145 3945 1187 4000 it.
1204 3943 1406 4001 -Adoniram
1424 3950 1580 4017 eratsuper
1603 3947 1843 4018 tnjmcemodr'in·

93 4041 494 4119 regis‚ordoprredicau>rnm
519 4034 668 4092 scribendo
688 4037 717 4089 et
739 4033 883 4105 loquendo
899 4035 944 4089 la·
997 4034 1148 4090 dictionem.
1162 4034 1260 4102 (Beni,
1271 4032 1351 4102 ibid.)
1376 4032 1514 4089 Dominus
1526 4050 1608 4090 meus
1627 4037 1765 4092 excelsus.
1796 4037 1845 4093 llic

92 4134 185 4201 barat,
201 4137 232 4188 nt
244 4133 383 4187 inmensa
400 4125 514 4183 Domini
527 4123 664 4192 abundet,
679 4122 756 4178 unde
780 4122 945 4177 nutrientur
997 4126 1039 4178 est
1053 4121 1190 4187 Christus,
1205 4121 1256 4193 qui
1283 4120 1423 4194 operariis
1442 4122 1545 4194 templi
1566 4123 1758 4195 preponitur,
1779 4130 1843 4196 etc,

92 4223 200 4279 lideles.
956 4208 1130 4294 „usquead
1158 4213 1189 4262 ut
1204 4207 1381 4262 orationibus
1407 4212 1436 4264 et
1449 4208 1569 4281 jejuniis
1593 4226 1718 4282 superno
1746 4213 1842 4285 inspe-

130 4311 211 4366 Vsus.
233 4310 277 4364 32.
294 4334 329 4347 -
345 4304 500 4371 Etlberuat
518 4299 642 4354 earmina
656 4299 724 4368 ejus.
757 4297 873 4353 Constat
888 4313 942 4352 ne·
997 4302 1075 4353 ctare
1085 4301 1113 4351 et
1126 4296 1272 4351 visitatore
1283 4295 1370 4367 digna
1387 4297 1433 4351 sit.

47 4386 54 4399 “
93 4397 288 4471 quecarminu
318 4406 412 4463 neque
427 4388 636 4460 disputationes
671 4385 832 4441 Salomonis
859 4386 942 4441 hodie
1032 4385 1112 4438 Vsus.
1144 4386 1186 4438 l5.
1201 4412 1236 4424 -
1261 4387 1489 4454 Fueuntr'taque
1514 4385 1652 4442 Satorum
1669 4390 1844 4458 septuaginta

93 4504 161 4544 esse.
996 4473 1086 4527 millia
1100 4485 1201 4537 auum,
1213 4472 1263 4541 qui
1279 4485 1362 4526 caera
1378 4473 1538 4541 portabunt,
1555 4478 1581 4528 et
1592 4476 1730 4541 adaptata
1754 4479 1844 4534 mittio

129 4578 254 4646 Quinque
284 4572 382 4627 mittio.
407 4569 528 4638 Propter
555 4563 683 4637 quinque
712 4578 823 4632 sensus,
859 4578 941 4636 quos,
997 4560 1156 4614 tatamomm
1171 4561 1201 4612 ia
1214 4563 1314 4614 mauu.
1330 4560 1424 4630 (Banu,
1440 4560 1520 4633 ibid.)
1538 4562 1594 4617 Nec
1608 4567 1843 4633 pretereundum

94 4667 144 4739 qni
160 4665 190 4720 in
203 4657 486 4720 diversisrirtutibus
509 4654 582 4709 bene
604 4653 688 4723 regit,
721 4651 821 4706 beatus
849 4657 901 4721 est,
915 4657 943 4708 et
997 4648 1072 4719 quod
1097 4647 1281 4719 septuaginta
1306 4652 1336 4702 et
1365 4649 1513 4719 octoginta
1548 4651 1641 4706 millia
1675 4655 1839 4724 potentium

92 4771 145 4828 per
160 4769 208 4808 eos
223 4745 441 4822 quasicsrmina
466 4739 698 4815 quinquemillia
718 4739 839 4795 Domino
854 4741 942 4796 canit.
998 4752 1085 4791 onera
1101 4742 1130 4792 et
1145 4739 1317 4791 latomorum
1330 4752 1395 4792 eum
1407 4737 1569 4810 praepositis
1578 4739 1637 4793 suis
1651 4754 1712 4795 non
1725 4741 1845 4799 inerunt

129 4844 208 4897 Vsus.
227 4841 270 4894 33.
287 4866 321 4876 -
349 4836 510 4903 Hpssopum.
549 4827 643 4898 (Rau.)
670 4827 827 4898 Hyssopus,
854 4828 942 4882 herba
997 4825 1141 4891 israelitae,
1166 4829 1232 4892 etc,
1257 4839 1343 4894 usque
1369 4824 1407 4879 ad
1433 4824 1557 4890 Quidam
1582 4829 1706 4899 utraque
1737 4829 1846 4888 ruente

93 4930 211 4987 humilis
224 4931 253 4983 et
279 4939 346 4979 saxa
370 4923 493 4987 haerens,
521 4921 586 4983 etc,
611 4915 753 4986 usquead
774 4920 842 4970 trino
865 4914 943 4969 enim
996 4913 1112 4985 praediti
1125 4912 1162 4968 ad
1183 4927 1255 4984 opus
1270 4913 1373 4968 domus
1389 4912 1503 4968 Domini
1526 4915 1718 4986 conveniunt3
1743 4920 1845 4976 unde:

93 5020 223 5083 cedrum,
238 5015 267 5070 id
281 5018 334 5079 est,
347 5008 542 5082 arrogantiam
567 5005 664 5061 saculi
690 5003 839 5059 inclinarit
853 5018 943 5075 usqua
997 5002 1131 5071 corripite
1155 5002 1301 5070 inquietos,
1339 5002 1516 5057 umalamiai
1550 5005 1750 5076 pruillanimes,
1791 5015 1846 5067 etc.

94 5107 130 5163 ad
144 5104 336 5162 humilitatem
349 5098 475 5171 hyssopi,
494 5095 526 5152 id
552 5100 597 5150 ast
618 5108 710 5165 usqru
733 5091 770 5147 ad
792 5090 942 5146 stultitiam
999 5091 1023 5163 (l
1038 5091 1114 5145 Tbes.
1133 5089 1171 5160 r).

95 5195 194 5252 crocu
1033 5179 1215 5233 cotoneum.
1255 5176 1351 5247 (Bran,
1387 5176 1479 5248 ibid).
1514 5178 1625 5234 Latomi
1651 5185 1718 5237 sant
1755 5198 1843 5240 caeso.

130 5286 165 5340 Et
185 5280 327 5336 disseruit.
355 5277 421 5347 (lo.)
459 5275 557 5332 Omnia
584 5273 655 5327 enim
679 5269 755 5325 auda
792 5275 818 5324 et
846 5271 944 5338 aperta
998 5282 1044 5322 res
1072 5265 1212 5339 lapidum,
1226 5269 1293 5333 etc,
1309 5265 1446 5336 usquead
1468 5266 1626 5338 quiaeruti
1647 5268 1683 5324 de
1702 5273 1846 5342 potestate

93 5375 157 5427 suat
176 5370 281 5427 cbristo
292 5366 383 5434 (Hebr.
411 5363 460 5435 rr).
484 5362 617 5433 Disputat
641 5362 748 5427 autem,
762 5373 826 5413 cum
843 5355 945 5427 singa-
998 5354 1183 5411 tenebrarum
1198 5352 1235 5408 ad
1260 5366 1354 5409 arcem
1369 5353 1509 5411 virtutum
1523 5369 1589 5428 quse
1603 5360 1647 5413 est
1678 5356 1710 5414 in
1733 5359 1845 5416 unitata

94 5459 189 5515 loram
204 5455 343 5511 rationem
373 5452 455 5508 nobis
486 5449 619 5521 proponit
646 5448 677 5502 in
696 5444 849 5518 scripturis
872 5443 941 5510 suis,
1001 5443 1130 5499 Ecclesia
1141 5440 1335 5515 pervenimus.
