3892 6106
169 275 234 328 toti
475 267 674 324 watelalbl
694 265 816 322 sabaal
836 263 935 322 auin.
958 265 1038 322 aon.
1058 265 1133 324 ΟΡΡ.
1154 267 1246 324 Pras
1265 266 1286 324 l.
1306 296 1340 307 —
1359 265 1585 324 annotantes.
1853 270 1912 326 tan

164 399 243 472 qnod
263 400 367 454 allevat
381 402 505 461 ruentes,
525 395 611 465 erigit
627 394 730 458 elisos3
754 393 831 448 unde
856 393 1016 447 recordatio
1034 394 1058 447 Α
1073 393 1222 465 quaritur,
1237 409 1254 447 a
1269 409 1338 463 quo,
1355 392 1400 446 cui
1414 392 1469 447 hoe
1483 391 1667 447 consulitur?
1680 390 1714 447 Si
1738 390 1845 446 dieitur
1857 408 1914 447 euro

163 488 309 541 suavitatis
325 486 454 543 babetur.
477 491 504 536 et
521 484 550 536 in
565 482 695 536 laudibus
709 482 771 551 ejus
785 486 940 536 eructatur.
1069 483 1218 536 corisulcre
1246 482 1361 548 animae,
1376 496 1436 535 uun
1450 481 1562 536 ridetur
1574 480 1631 536 hoc
1645 497 1711 535 esse
1730 496 1843 547 rerum,
1857 497 1915 536 cum

197 578 282 630 Vens.
316 576 366 630 14.
383 605 416 613 —
444 574 495 638 Qnr'
521 576 662 627 corruunt.
692 570 816 641 (Gisia
842 569 1011 639 malissuis,
1065 586 1082 624 a
1110 570 1223 625 meliori
1249 575 1309 624 eta
1330 569 1457 638 digniori
1486 570 1576 624 soleat
1602 568 1741 624 inferiori
1769 568 1834 624 dari
1854 585 1914 623 ciru-

164 663 460 734 quosomnesailerat
482 661 564 714 Deras.
594 659 702 725 l'el,ab
722 657 766 712 his
793 657 1010 729 temporalibus,
1066 659 1181 713 silium:
1220 675 1286 713 caro
1315 665 1411 712 autem
1440 657 1559 712 inferior
1583 663 1628 713 est
1667 658 1781 713 anima.
1822 659 1915 713 Anime

164 751 349 814 sicutsancti,
379 748 482 811 ottob,
504 748 553 818 qni
579 746 608 799 in
633 745 737 800 sacculo
754 745 864 817 aliquid
887 745 1012 816 perdunt
1065 747 1154 812 euim,
1171 747 1237 800 lieet
1255 746 1413 815 vituperata
1425 745 1493 816 quia
1508 746 1664 816 peccatrix,
1695 752 1799 800 tamen
1823 747 1914 801 melior

163 846 192 894 et
217 838 319 908 abjecti
349 838 431 904 liunt,
462 836 624 890 decidentes
650 841 734 888 sunt:
762 834 810 887 sed
837 833 887 887 hos
912 849 1011 888 omues
1064 835 1381 905 dieiturpernaturem
1397 834 1693 905 eorporelaudatoiu
1721 850 1777 889 auo
1807 850 1911 905 genem,

162 927 322 991 confirmet,
339 925 407 995 quia
421 924 526 993 septies
549 924 623 977 cadit
636 924 729 994 justus
744 927 773 975 et
800 920 938 991 resurgit;
959 919 1011 973 im·
1064 923 1132 995 quia
1146 924 1302 994 spiritualis
1317 929 1543 994 naturapreestat
1557 939 1692 994 corpore,
1709 938 1803 995 quam
1816 930 1911 989 moi-et,

161 1015 202 1086 pii
219 1011 557 1068 auteminlirmanturin
574 1011 656 1065 malis
672 1013 765 1076 (frou.
785 1009 868 1079 xxiv).
1065 1012 1149 1082 regit,
1176 1011 1327 1079 sensificat,
1358 1012 1457 1082 capit:
1484 1013 1586 1082 etipsa
1602 1012 1731 1075 infinita,
1760 1011 1856 1066 vicine
1878 1017 1912 1066 est

196 1104 429 1168 Eterigitomnea
446 1103 546 1155 elisos.
569 1100 669 1170 (Aue.)
694 1099 736 1152 Ad
763 1114 793 1152 se
819 1097 1008 1169 pertinentes,
1065 1102 1232 1156 substantie
1253 1102 1373 1156 baisio
1397 1117 1510 1166 aurum,
1538 1101 1741 1170 vituperatum
1766 1099 1838 1170 quia
1862 1116 1912 1154 sor·

162 1190 230 1262 quia
245 1189 373 1261 superbis
393 1189 507 1242 resistit.
1066 1189 1176 1254 didam,
1197 1195 1301 1260 praeest
1324 1189 1441 1260 plumbo
1457 1188 1488 1242 iu
1502 1187 1628 1259 puritate
1651 1186 1789 1241 laridatio
1804 1170 1864 1241 z‘sie
1889 1193 1913 1242 et

197 1280 278 1332 Vnus.
297 1280 338 1332 15.
355 1278 481 1333 -Oculi
506 1278 668 1331 emniumin
692 1280 716 1329 te
738 1279 859 1345 sperum.
887 1275 1010 1329 Domine.
1066 1277 1260 1332 malushomo
1283 1278 1392 1348 optimo
1408 1292 1493 1347 equo.
1522 1276 1585 1330 Nou
1612 1275 1703 1331 datur
1730 1291 1807 1346 ergo
1829 1275 1910 1330 consi·

163 1354 229 1439 (lu.)
256 1368 296 1421 De
320 1367 433 1437 justitia
459 1367 544 1419 latius
568 1365 638 1434 agit,
667 1369 698 1418 ut
722 1365 773 1434 qui
799 1362 1011 1417 misericordem
1067 1368 1136 1420 lium
1153 1366 1396 1430 nnimaencarne‚
1412 1362 1557 1436 'quamuis
1579 1363 1692 1420 domita
1718 1365 1808 1420 valde
1827 1371 1857 1419 et
1873 1381 1909 1436 pe

162 1456 252 1522 audit,
273 1456 382 1526 jarstum
412 1455 529 1508 timeat:
551 1458 579 1506 et
596 1452 715 1522 justitiae
738 1458 780 1505 est
804 1456 836 1505 ut
865 1456 1012 1521 sperantes
1066 1458 1838 1525 cata:quaatamenmortuaestpropterpeecatum.
1867 1453 1913 1506 dee

162 1545 245 1597 satiet
277 1543 463 1613 corporaliter
504 1542 547 1594 vel
573 1541 769 1610 spiritualiter.
813 1541 874 1594 Non
899 1553 1012 1609 semper
1066 1543 1152 1597 etiam
1164 1557 1229 1596 caro
1244 1541 1373 1595 mortalis
1386 1542 1544 1595 immortali
1568 1541 1696 1595 consulit
1719 1541 1842 1608 aninaae,
1856 1542 1912 1612 quia

163 1633 238 1685 enim
262 1631 355 1684 danda
382 1635 424 1684 est
454 1637 591 1694 esen,scd
620 1628 651 1682 iu
674 1634 803 1697 tempore
825 1632 1009 1698 opportuno:
1065 1631 1263 1701 semperinlra
1282 1631 1478 1696 auimamest3
1495 1630 1544 1684 sed
1565 1630 1782 1700 superiorpars
1808 1631 1913 1698 anime,

163 1720 262 1773 multis
289 1718 364 1772 enim
399 1715 730 1787 petentibussalubriter
753 1715 893 1771 diilertur.
917 1717 953 1770 Et
982 1720 1012 1768 tu
1065 1720 1277 1786 scilieetmcus,
1311 1735 1375 1790 qliae
1388 1718 1495 1788 cogitat
1508 1718 1680 1789 sapientiam
1706 1718 1849 1786 divinam,
1878 1718 1913 1772 illi

163 1809 213 1861 dus
241 1823 328 1860 escam
350 1808 458 1859 illorum
484 1807 514 1859 in
546 1810 662 1872 tempore
685 1810 844 1874 opportuno.
876 1804 940 1875 (ln.)
960 1804 1013 1858 Dat
1065 1809 1253 1862 inlraerenset
1271 1808 1300 1861 in
1326 1808 1573 1876 illamsuspiraus
1602 1805 1685 1860 videt
1708 1809 1851 1877 quasdem
1875 1806 1912 1860 sui

164 1912 231 1966 ergo
258 1895 385 1948 medicus
406 1894 577 1964 agroquud
602 1894 746 1962 convenit,
774 1897 838 1960 ete,
867 1908 952 1961 usaue
975 1891 1012 1945 ud
1066 1903 1160 1966 partes
1178 1895 1339 1967 perturbari
1355 1896 1478 1948 motibus
1503 1895 1612 1963 saeculi,
1640 1895 1807 1964 cupuditate
1834 1902 1913 1949 terre·

163 1983 333 2040 benedicens
348 1984 436 2035 Deum
451 1983 479 2034 in
496 1980 727 2051 omnitempore.
1066 2001 1168 2039 norum
1180 1985 1215 2040 ad
1230 1985 1370 2038 exteriora
1393 1984 1455 2054 rapi
1471 2000 1479 2037 t
1506 1984 1583 2038 uude
1611 1983 1647 2038 ad
1665 1983 1812 2037 interiora
1837 1989 1863 2037 et
1875 2000 1912 2036 su·

121 2127 124 2132 ,
199 2073 279 2124 Vana.
296 2074 336 2124 in.
353 2100 387 2110 -
411 2074 511 2139 Aperte
527 2076 689 2124 tumunum.
716 2069 778 2138 (ln.)
797 2069 854 2123 Etsi
880 2083 938 2122 uon
962 2069 1012 2124 das
1065 2073 1178 2142 periura
1195 2078 1396 2127 revocateam.
1412 2072 1447 2126 Se
1464 2086 1533 2141 ergo
1559 2072 1722 2124 secuudum
1750 2071 1910 2125 sensualita-

164 2158 328 2229 aliquundo‚
357 2158 408 2212 dus
429 2165 525 2212 tantan
551 2164 734 2228 opportune:
761 2157 858 2212 dillers
883 2157 1010 2227 quidem,
1065 2166 1123 2214 tem
1144 2161 1297 2214 exhortans
1326 2160 1417 2214 dicit:
1434 2158 1532 2213 Lnndu
1551 2164 1730 2224 animemed,
1764 2160 1907 2214 Donatum.

164 2263 222 2301 raon
237 2246 339 2299 aufers.
1065 2248 1138 2311 Ouid
1155 2248 1231 2301 enim
1248 2247 1300 2300 tibi
1315 2247 1408 2317 placet
1422 2246 1450 2300 in
1466 2247 1521 2301 boc
1535 2245 1660 2300 sacciula?
1677 2247 1777 2300 itiaisu
1804 2263 1856 2317 per
1875 2251 1908 2299 tot

201 2337 284 2389 Vens.
306 2339 347 2388 Π.
364 2366 397 2374 -
413 2334 518 2389 iustus.
534 2336 617 2405 (Cas.)
640 2336 704 2404 lpse
730 2333 847 2388 nomine
867 2333 1010 2403 justitiam
1064 2338 1233 2390 saeculorum
1254 2351 1351 2389 aarum
1369 2350 1491 2400 amores,
1507 2334 1609 2404 collige
1634 2339 1662 2389 te
1681 2335 1719 2389 ad
1745 2342 1907 2389 auctorem:

164 2424 265 2492 aperit,
282 2421 477 2476 utmeniieste
499 2423 666 2477 ostendatur
685 2422 732 2476 hic
757 2421 818 2475 laus
846 2422 882 2475 de
901 2422 1011 2491 justitia
1066 2424 1178 2478 hictibi
1206 2440 1257 2494 pax
1283 2430 1312 2478 et
1335 2424 1479 2477 securitas.
1508 2422 1614 2476 Deinde
1640 2425 1804 2493 respondet
1824 2424 1908 2478 anima

164 2528 235 2564 esse.
255 2513 388 2564 Viaesunt
403 2511 603 2580 dispositiones
627 2520 655 2562 et
676 2512 845 2577 volrrutates,
861 2526 924 2581 qum
948 2527 1010 2565 our·
1067 2513 1164 2579 menti,
1190 2513 1273 2582 qrrnsi
1294 2513 1340 2566 hic
1364 2518 1540 2583 praegravata
1554 2527 1613 2565 nun
1640 2513 1744 2566 valens
1772 2513 1908 2573 desistere.

164 2615 215 2653 nes
227 2601 324 2668 justae,
341 2599 427 2653 etiam
443 2600 466 2652 si
483 2600 620 2653 verberat.
1066 2606 1097 2655 ut
1119 2600 1239 2670 dignum
1267 2605 1321 2654 est.
1348 2599 1477 2654 Laudato
1489 2601 1517 2652 in
1531 2601 1599 2653 uite.
1617 2598 1668 2653 llic
1693 2600 1725 2654 iu
1752 2605 1846 2654 morte
1856 2603 1909 2654 lau·

193 2687 262 2740 ol'iis
289 2688 358 2749 suis,
382 2698 408 2739 et
449 2692 558 2740 cinctus
586 2688 615 2740 in
642 2686 766 2740 amitibus
790 2688 915 2756 operibus
942 2690 1010 2743 auia.
1065 2688 1138 2743 dabo
1164 2688 1297 2752 tenuiter,
1329 2688 1397 2758 quia
1436 2703 1540 2757 corpus
1573 2692 1713 2758 uygrnaut
1752 2691 1911 2743 unimumet

163 2774 316 2829 Sciendum
340 2775 416 2845 quod
451 2776 506 2830 l'iae
535 2776 567 2830 ad
606 2776 825 2844 dispositionem
854 2778 1010 2847 pertinent,
1066 2781 1172 2831 terrena
1197 2777 1361 2832 inhabitatio
1385 2791 1491 2831 anuum
1510 2775 1642 2845 deprimit
1679 2778 1773 2832 multu
1795 2780 1913 2846 witue-

162 2879 249 2933 opera
265 2863 298 2916 ad
312 2862 442 2917 allectum
460 2879 467 2916 ι
484 2863 544 2917 haec
564 2864 721 2917 sacrandum
741 2879 802 2921 ,nos
832 2864 1009 2928 dividuntur,
1065 2869 1116 2919 tem
1131 2864 1208 2934 (Sap.
1230 2869 1267 2932 aa)
1280 2863 1420 2934 ;lriespes
1434 2864 1608 2933 pasciculus
1622 2865 1652 2917 in
1668 2863 1782 2919 futuro.

164 2950 216 3005 Sed
237 2952 311 3021 apud
336 2951 427 3017 illum,
457 2952 511 3006 huc
535 2959 577 3005 est
595 2953 677 3018 celle,
702 2952 778 3023 quod
803 2952 917 3006 iacere:
943 2954 1047 3023 quiec
1100 2955 1210 3007 trinita
1236 2952 1412 3023 mentesa)
1433 2951 1546 3006 Comei
1570 2951 1696 3022 perlecta
1725 2953 1912 3021 inhaesero,a

164 3055 198 3093 ax
214 3040 276 3109 rJns
292 3041 436 3094 voluntate
450 3056 493 3092 res
508 3040 615 3094 liabent
629 3055 699 3093 esse.
1045 3058 1048 3063 ⁴
1065 3057 1122 3112 quio
1139 3042 1275 3112 separari,
1291 3047 1322 3096 ut
1339 3041 1424 3095 modo
1435 3039 1477 3108 iit,
1503 3046 1660 3095 moreest:
1685 3042 1739 3096 sed
1763 3058 1829 3114 spes
1851 3058 1911 3096 con·

197 3128 279 3181 l'ens.
299 3131 344 3182 aa.
363 3157 397 3168 -
420 3130 506 3197 Prope
536 3134 575 3182 est
598 3128 719 3182 omnibns
742 3127 1009 3182 invocaratibuseum.
1064 3129 1180 3194 solatur,
1193 3131 1221 3183 in
1235 3129 1511 3201 quaquodammodo
1527 3128 1624 3183 vivens
1641 3129 1752 3184 laudat.

162 3216 413 3288 (cislrropiuus,
430 3216 716 3288 mimmenushen
735 3216 902 3287 dejuslitia.
1101 3217 1241 3283 Quandiu.
1275 3219 1336 3272 lion
1363 3217 1437 3288 quod
1460 3217 1615 3287 aliquando
1637 3232 1698 3273 nou
1727 3218 1777 3286 sit,
1799 3219 1909 3291 quiaiu
1942 3224 1943 3243 ¹

198 3306 277 3358 Vans.
299 3308 341 3370 ta,
366 3333 400 3346 -
430 3307 599 3360 Voluntatem
624 3308 777 3360 timentium
793 3320 820 3359 se
832 3308 925 3372 saciet.
948 3304 1008 3375 (lu.)
1064 3312 1205 3360 aeternum
1225 3306 1289 3373 erit,
1306 3311 1334 3360 et
1348 3306 1414 3361 ideo
1426 3306 1562 3361 verediu.

162 3393 313 3448 Concludit
328 3394 639 3464 dejuslitia:mqrrum
658 3399 699 3447 cst
716 3394 793 3448 enim
812 3400 840 3448 ct
858 3394 1010 3464 diligentes
1099 3397 1181 3450 vans.
1211 3399 1237 3450 3.
1262 3425 1296 3434 -
1319 3397 1405 3450 Nolite
1428 3395 1568 3464 retinuere,
1594 3398 1649 3455 etc.
1667 3396 1760 3466 (aas.)
1789 3396 1908 3452 Secunda
1942 3430 1945 3439 ·

162 3483 305 3538 custodire
319 3488 347 3536 et
359 3487 519 3553 peccatores
539 3484 667 3554 perdere.
1063 3499 1140 3555 pars.
1159 3485 1228 3539 [lato
1243 3483 1400 3538 eonsilioct
1426 3484 1581 3549 allirmatu,
1609 3482 1660 3537 ubi
1684 3485 1775 3554 plene
1803 3485 1907 3541 laudare

200 3572 339 3627 tassii.
360 3571 617 3627 -Lunduttonem
635 3570 722 3643 (cis.)
744 3571 885 3642 Expositis
913 3571 1009 3625 omni·
1063 3571 1177 3642 poterit,
1194 3571 1276 3642 quasi
1296 3571 1382 3641 longe
1399 3577 1535 3636 remotus,
1556 3576 1583 3625 et
1606 3570 1729 3626 interim
1743 3574 1817 3629 dum
1845 3575 1907 3628 male

162 3660 223 3724 bns,
239 3659 369 3731 sequitur
390 3659 484 3714 brevis
510 3661 665 3727 conclusio,
682 3676 739 3732 qua
759 3658 906 3716 concludit
931 3661 1009 3733 qnod
1063 3667 1130 3715 sunt
1145 3660 1257 3731 (quibus
1271 3659 1404 3715 turbatur
1417 3660 1534 3727 anima),
1550 3665 1651 3715 monet
1665 3675 1727 3715 uon
1744 3679 1861 3733 sperare
1883 3662 1906 3716 iu

161 3765 219 3803 nun
235 3748 488 3819 potestexplienri.
1061 3749 1188 3814 horriine,
1204 3749 1252 3804 sed
1269 3749 1376 3804 iulleo.
1389 3747 1482 3819 (Ace.)
1501 3748 1550 3802 Vel
1577 3748 1661 3820 quasi
1677 3750 1709 3803 in
1737 3750 1798 3805 line
1823 3750 1905 3806 saeculi

659 3890 666 3903 ‚
1063 3843 1159 3891 mente
1174 3837 1304 3907 positus:
1321 3836 1377 3890 cito
1405 3836 1530 3890 liniendo
1549 3835 1634 3890 docet
1653 3852 1716 3892 non
1741 3855 1842 3894 amare
1864 3854 1905 3910 pro

444 3887 599 3944 psum
625 3888 721 3944 ων·
1062 3926 1192 3993 aeternis;
1208 3925 1289 3998 quasi
1304 3932 1333 3981 et
1348 3941 1412 3980 meo
1427 3926 1570 3996 exemplo,
1592 3926 1677 3980 nolite
1685 3927 1838 3995 considere,
1861 3934 1904 3983 ate

196 4015 279 4067 Vens.
300 4017 375 4067 l.-
398 4013 527 4068 Alleluia.
553 4014 638 4080 (Cas.)
665 4013 723 4066 Vox
747 4014 810 4074 ista,
838 4014 920 4084 qnasi
946 4030 1009 4068 mu·
1062 4013 1901 4086 infilrialrominum.(lu.)lnunotiliobominisestsalus.

159 4102 230 4156 sicas
247 4101 389 4165 salutaris,
403 4106 540 4171 tanquam
558 4099 710 4155 harmonia
723 4103 930 4172 eoelestiaquae
950 4119 1006 4155 non
1061 4108 1091 4158 et
1106 4103 1135 4157 in
1151 4103 1213 4174 ipso
1228 4110 1351 4174 sperate.
1369 4104 1431 4158 Nou
1455 4102 1524 4174 quia
1537 4102 1759 4160 liliusbominis
1785 4111 1840 4176 est,
1866 4104 1903 4159 sed

159 4192 250 4245 solum
264 4189 406 4256 bomne,
429 4189 578 4242 sedetiam
605 4189 722 4259 angelos
741 4189 870 4256 delectat,
892 4190 1005 4245 laudem
1061 4192 1127 4262 quta
1145 4191 1231 4246 Filius
1246 4192 1296 4247 Dei
1310 4196 1361 4246 est.
1378 4192 1439 4247 Non
1453 4195 1572 4261 propter
1585 4190 1658 4246 illud
1685 4193 1772 4264 quod
1793 4195 1903 4266 suscepit

160 4274 210 4326 ttei
226 4275 399 4344 exprimens.
417 4275 485 4339 Qum
496 4290 621 4344 congrua
642 4275 709 4329 huic
735 4276 846 4347 psalmo
876 4282 1004 4347 praescri·
1061 4294 1094 4332 ex
1111 4286 1148 4344 te,
1163 4280 1210 4333 sed
1227 4287 1345 4351 propter
1361 4279 1518 4350 illudquod
1531 4279 1654 4335 serravit
1667 4280 1701 4335 in
1716 4298 1763 4338 se.

158 4361 245 4429 bitur,
262 4362 475 4434 ubinirjustus
499 4363 664 4418 exhortatur
684 4364 810 4419 animam
830 4366 865 4421 ad
892 4367 1005 4421 larrdem
1098 4368 1179 4422 Vens.
1197 4368 1223 4422 4.
1240 4398 1274 4408 -
1299 4371 1395 4424 Ebibit
1422 4370 1537 4438 spiritua
1564 4368 1901 4443 emerentianam

159 4450 209 4503 liei
224 4467 231 4504 ι
244 4451 312 4522 quia
326 4451 356 4505 in
368 4451 493 4506 adversis
505 4452 670 4523 aliquando,
696 4454 765 4507 velit
779 4454 861 4522 nolit,
893 4461 1005 4526 pertur·
1061 4456 1180 4510 mundat
1191 4457 1465 4528 cordaprohibeudo
1479 4457 1609 4526 anesus,
1625 4463 1659 4513 ut
1678 4464 1751 4529 post
1778 4461 1901 4517 alutam

157 4537 242 4593 betur
256 4541 360 4593 anima.
376 4541 455 4594 Unde
484 4557 589 4612 supra:
618 4544 709 4606 Omne
733 4541 822 4598 tristis
848 4559 887 4603 es.
912 4547 1005 4599 citima
1060 4542 1494 4600 intendatmouaudosalubcia.

157 4641 226 4693 meu,
258 4634 284 4682 et
329 4644 414 4697 querc
463 4630 606 4683 concinnius
633 4631 693 4683 me?
724 4630 778 4684 Sed
828 4638 859 4686 ut
895 4636 1006 4687 errierat
1096 4632 1177 4688 Vens.
1201 4635 1227 4686 5.
1250 4661 1286 4672 -
1308 4635 1406 4687 Beatus
1424 4634 1502 4702 cujm
1530 4634 1602 4687 Deus
1616 4636 1715 4690 Jacob.
1733 4639 1820 4708 (Cas.)
1847 4640 1898 4694 Ter·

158 4714 186 4768 ei
206 4715 465 4784 perturbationem,
497 4717 626 4788 suggerit
659 4718 798 4788 gaudium
831 4720 866 4774 de
896 4737 955 4791 spe,
981 4720 1004 4775 si
1059 4720 1099 4774 tia
1116 4736 1192 4790 pars,
1209 4720 1353 4776 ubidocct
1370 4726 1555 4792 totamspem
1581 4720 1611 4776 iu
1631 4722 1837 4798 omnipotenti
1858 4743 1898 4799 pe

155 4819 214 4857 non
228 4804 259 4856 iu
272 4820 301 4857 re
318 4821 325 4858 z
346 4804 431 4873 spera
448 4808 476 4859 in
494 4809 555 4874 Deo,
571 4811 637 4872 etc,
653 4807 750 4877 (auu.)
771 4809 835 4860 linc
849 4825 897 4879 spe
910 4814 1004 4863 erecte
1059 4810 1193 4874 nendum,
1211 4824 1297 4878 quem
1319 4824 1353 4862 ex
1376 4808 1456 4863 lacus
1479 4808 1614 4864 describit
1628 4815 1662 4866 ut
1687 4815 1841 4883 gentilitas
1852 4823 1898 4870 ua

156 4892 252 4945 anima
282 4893 372 4947 Deum
398 4893 497 4948 laudat
520 4894 578 4949 hic.
609 4895 696 4965 (Cas.)
713 4896 818 4964 Primo,
844 4896 897 4950 sibi
921 4897 1004 4966 quasi
1057 4895 1224 4966 frequenter
1237 4895 1513 4967 convictuquiescat.
1528 4897 1624 4968 (aaa.)
1652 4899 1787 4959 Remotis
1811 4903 1897 4963 norb.

155 4980 289 5035 omuibus
327 4982 450 5036 consulit
473 4982 651 5050 laudare,ue
676 4984 707 5037 iu
731 4984 811 5037 vanis
839 4989 953 5051 oretur3
975 4991 1004 5040 et
1057 4984 1838 5059 docetquodsalutisest,scilicetinquosperandnm
1861 4992 1897 5046 sit

155 5068 238 5138 qnasi
274 5070 454 5142 acquiescens
477 5071 606 5137 consilio,
631 5072 734 5126 asserit
760 5088 789 5126 se
818 5072 1003 5128 laudaturum
1056 5073 1181 5140 Adjrttor
1202 5073 1262 5141 ejus
1281 5088 1341 5142 epea
1364 5073 1433 5142 ejus.
1460 5073 1896 5145 (aas.)1psiusteeounent

153 5155 256 5210 ibiubi
275 5158 912 5229 poteritplene.Secuud0,aliosmonetnou
935 5177 999 5231 spe·
1056 5162 1179 5232 adjutor,
1205 5168 1272 5228 etc,
1304 5162 1697 5236 sermocinationis
1726 5170 1788 5224 reri
1813 5149 1893 5227 Jacob.

153 5259 216 5297 rare
234 5245 265 5298 in
284 5244 411 5311 homine,
427 5246 468 5299 ibi
485 5248 595 5303 :Nolite
614 5247 758 5309 confidere.
788 5248 893 5314 Tertio,
918 5248 1002 5304 docet
1056 5249 1128 5303 sicui
1143 5249 1230 5304 illius.

152 5348 267 5385 omnem
305 5349 384 5403 spem
416 5333 446 5387 iu
484 5334 688 5405 omnipotente
726 5336 897 5406 ponendam,
938 5336 999 5392 ibi:
1092 5339 1169 5391 vaus.
1191 5340 1217 5392 6.
1239 5367 1274 5378 -·
1298 5342 1352 5408 (tui
1370 5342 1436 5407 lecit
1458 5340 1552 5395 culum
1563 5343 1590 5395 et
1617 5346 1733 5400 terrum.
1751 5346 1814 5418 (lo.)
1836 5346 1889 5412 0nir

152 5419 258 5481 lteutua¹
274 5424 326 5473 etc.
1054 5433 1083 5480 et
1095 5427 1252 5482 cultoribus
1271 5427 1436 5484 demonum
1454 5445 1519 5500 spes
1532 5436 1576 5485 est
1603 5430 1634 5486 iu
1650 5432 1709 5488 deo
1722 5451 1788 5505 suo,
1816 5438 1887 5493 detur
1945 5472 1946 5475 =

187 5506 267 5562 Vaas.
303 5509 330 5560 2.
359 5536 390 5548 -
418 5508 515 5564 Laude
540 5512 633 5564 orrimu
662 5525 731 5578 mee,
761 5513 917 5569 Domitium.
942 5511 997 5568 Sed
1054 5514 1190 5571 minatiu
1205 5517 1518 5589 quodebetesseapee,
1534 5518 1888 5594 idemiussbrismetiet
