3892 6106
90 257 142 310 875
397 253 593 308 wutalutot
613 253 735 309 stuata
756 253 776 308 F
780 253 855 310 Ubi).
878 253 958 308 ΜΘΝ.
977 252 1053 310 ΟΡΡ.
1076 252 1164 307 tuus
1184 253 1205 308 l.
1225 281 1260 291 ··
1279 250 1507 307 tuuotoutca.
1788 252 1838 310 tto

91 383 169 432 runt.
198 378 284 431 Terra
304 377 377 430 l'ossa
405 376 529 429 tructam
554 375 630 442 lacit,
658 376 697 429 sic
724 375 849 431 tractum
874 375 977 431 silaei.
994 376 1129 431 ditantes.
1156 377 1246 446 Super
1268 391 1378 446 aquam.
1397 374 1640 446 Secundagratia,
1671 390 1749 447 aqua
1771 375 1845 431 reie-

91 467 170 523 dedit
185 466 311 521 Christus
324 466 497 519 uulneratus.
994 464 1106 519 ctionis.

127 557 207 609 Vens.
235 556 277 609 te.
303 583 338 592 —
376 554 620 607 Dinumeraoerunt
658 554 750 606 omnia
782 567 843 607 ossa
867 569 937 609 mea.
1030 555 1114 608 Vnus.
1144 555 1170 608 ³.
1207 553 1390 608 -Animam
1412 568 1508 607 meam.
1530 552 1596 623 (ln.)
1633 551 1732 606 Tertia
1776 567 1842 623 gra-

91 643 192 715 (uass.)
221 639 338 712 Proprie
364 625 534 694 describitur
562 654 647 710 poeua
669 639 770 694 crucis.
806 640 851 694 Sic
875 657 939 697 ossa
993 641 1041 706 tia,
1057 646 1122 707 etc,
1144 656 1229 710 usque
1249 643 1286 695 act
1305 641 1354 695 sed
1369 640 1450 712 prius
1465 640 1597 696 educarit
1621 654 1713 710 super
1739 655 1842 710 aquam

90 732 355 795 dinumeraverunt,
383 727 487 794 idest,
516 727 685 798 Apostolos3
709 744 745 782 ne
772 727 804 782 in
845 728 938 797 majo·
993 729 1163 796 reiectionis,
1197 729 1247 784 sed
1280 730 1361 800 prius
1399 729 1528 785 animem
1563 744 1662 783 meam
1687 728 1838 783 convertit.

90 836 152 874 rem
174 833 329 873 numerum
354 820 526 882 crescerent,
551 816 719 886 querebant
745 816 936 886 exstinguere.
993 819 1123 874 Deducit.
1154 816 1216 888 (lo.)
1242 818 1359 882 Quarta,
1386 817 1464 888 quod
1493 815 1751 887 supercharitatis
1778 832 1843 886 prae

90 910 271 975 inspexerunt
290 920 343 959 me.
375 903 438 975 (ln.)
471 905 542 959 Cum
568 903 720 974 diligentia
761 908 790 958 et
818 904 940 958 delecta·
993 913 1075 978 cepta
1090 907 1181 962 duxit.
1198 908 1285 976 Super
1309 910 1431 962 semitas.
1448 907 1540 974 tina.)
1564 904 1698 961 Arctiora
1712 904 1842 960 mandata

90 996 180 1061 tione,
210 1009 276 1047 cum
304 1010 320 1047 a
343 992 496 1047 re‘crudeli
525 993 635 1047 soleant
663 992 852 1049 oculiaverti.
870 993 938 1046 Ecce
995 1001 1024 1051 et
1050 995 1220 1066 perfectiora
1244 994 1373 1063 consilia,
1399 995 1481 1065 qnasi
1525 993 1638 1050 semitis
1663 992 1751 1064 pauci
1776 994 1842 1064 justi

91 1099 177 1156 quam
207 1082 352 1148 obstinati,
396 1098 453 1135 non
492 1097 556 1136 casu
588 1081 696 1153 aliquid
737 1082 854 1147 lactum,
885 1096 938 1136 nec
993 1085 1150 1150 ambulant,
1166 1084 1358 1138 sicutsemitae
1372 1083 1508 1138 arctiores
1524 1088 1591 1137 sunt
1606 1097 1697 1153 qaam
1712 1081 1777 1137 vise.

90 1176 134 1228 tot
144 1171 288 1227 miraculis
307 1187 356 1226 cor
371 1171 522 1224 mollitum.
1028 1175 1110 1229 Vens.
1138 1174 1164 1226 i.
1184 1201 1216 1215 -
1243 1174 1313 1229 Nam
1334 1177 1360 1227 et
1387 1175 1420 1228 si.
1441 1171 1540 1242 (Cass.)
1563 1170 1684 1236 Quinta,
1711 1171 1790 1242 quod
1815 1171 1841 1226 in

126 1263 208 1316 Vens.
231 1264 273 1316 lo.
299 1291 333 1300 -
361 1261 511 1315 bissenum
532 1259 587 1313 stoi
612 1261 771 1314 uestimenta
797 1275 866 1327 mea,
883 1261 937 1313 etc.
994 1261 1094 1315 umbra
1110 1260 1210 1315 mortis
1240 1261 1621 1316 nontimetmala.÷t1eeum
1643 1275 1681 1314 es.
1701 1261 1792 1329 (Aac.)
1814 1261 1840 1315 ln

91 1350 183 1421 (Aue.)
213 1350 396 1405 Sacramenta
415 1347 504 1419 ipsius
519 1353 676 1419 potuerunt
695 1347 784 1403 dividi
796 1363 849 1418 per
879 1346 937 1401 hae-
992 1350 1075 1404 carde
1091 1349 1296 1420 perfidem,ut
1319 1350 1529 1421 postumbram
1545 1347 1652 1404 mortis
1681 1363 1739 1419 ego
1754 1354 1839 1404 tecum

92 1455 179 1508 reses,
216 1438 266 1492 sed
303 1453 362 1492 non
399 1437 496 1491 tunica
535 1436 668 1507 desuper,
703 1436 733 1491 id
762 1441 852 1501 esta
880 1437 937 1490 Deo
992 1438 1057 1493 airu.
1078 1440 1163 1504 Vtrae
1178 1443 1234 1492 tua.
1261 1437 1362 1509 (Cass.)
1385 1438 1482 1508 Sexta,
1509 1435 1666 1503 correctio;
1684 1437 1730 1491 vel
1770 1438 1841 1508 uirga

93 1528 173 1595 data,
200 1527 260 1581 haec
275 1525 453 1581 estcbaritas
480 1525 524 1578 sel
539 1525 644 1591 unitas,
667 1540 754 1597 quam
773 1540 859 1579 nemo
884 1540 937 1595 po·
992 1527 1142 1593 districtio,
1157 1543 1222 1596 qum
1247 1526 1387 1581 convertit
1411 1527 1489 1582 sitia.
1516 1526 1639 1582 Baculus
1661 1524 1840 1596 gubernatio,

91 1622 149 1672 test
174 1616 310 1670 dividere.
339 1612 438 1684 (Cass.)
467 1614 521 1669 Sed
548 1615 621 1670 forte
650 1620 679 1668 et
702 1614 778 1668 dono
796 1613 845 1668 llei
873 1613 936 1684 qui·
992 1631 1057 1686 quae
1070 1614 1193 1668 sustinet
1207 1614 1315 1668 lideles.
1627 1680 1633 1693 ι

92 1704 213 1760 busdam
240 1702 327 1768 veuit,
351 1706 417 1768 etc.,
455 1716 540 1771 usque
571 1703 608 1756 ad
631 1708 665 1756 ut
690 1718 787 1756 ramus
815 1701 897 1756 oliva
922 1718 939 1755 a
1029 1705 1108 1757 Vens.
1135 1707 1160 1758 5.
1177 1733 1211 1744 -
1231 1705 1341 1759 Parasti
1367 1706 1398 1759 in
1424 1709 1692 1781 conspeetulciss.)
1712 1709 1840 1781 Septima,

92 1792 225 1847 columba
249 1791 360 1845 delatus
384 1790 419 1844 ad
451 1806 556 1844 arcam.
585 1790 677 1861 (Auo.)
704 1791 763 1858 Vel,
793 1805 845 1861 per
878 1789 939 1845 ani·
995 1809 1094 1847 mensa
1111 1792 1236 1861 Domini,
1247 1793 1330 1847 beata
1344 1793 1511 1860 conrivatio,
1528 1799 1665 1852 saturitas
1680 1799 1762 1864 fidei,
1785 1813 1843 1852 esca

93 1896 170 1934 mam
196 1880 311 1934 unicam
337 1884 423 1948 caput
453 1883 482 1932 et
520 1894 633 1950 corpus,
658 1879 735 1950 quod
775 1894 865 1933 unum
903 1877 942 1933 di·
995 1863 1128 1947 caelestis,
1151 1881 1185 1935 de
1210 1897 1267 1951 qua
1287 1882 1455 1952 Apostolus:
1486 1883 1541 1949 Qui
1564 1886 1756 1942 manducatet
1780 1885 1843 1938 aiau

93 1968 239 2023 versitates
254 1967 373 2039 respuit.
996 1971 1106 2037 indique
1123 1969 1259 2041 judicium
1283 1971 1338 2024 sibi
1362 1970 1509 2026 manducat
1530 1977 1555 2026 et
1571 1974 1649 2030 bibit.
1685 1977 1719 2030 ia
1735 1987 1841 2042 conspo-

130 2058 213 2111 Vans.
230 2059 275 2112 Ὦ.
291 2087 325 2096 -
353 2058 536 2119 [inicornium.
561 2056 740 2111 bumilitatem
750 2071 847 2123 meam,
873 2059 940 2121 etc,
996 2065 1243 2113 atumcomensam
1270 2058 1417 2113 :etsinmr
1445 2059 1614 2130 impiorum.
1638 2064 1680 2118 De
1704 2064 1760 2118 hac
1782 2060 1842 2116 dici

95 2146 157 2220 (ln.)
193 2145 296 2209 irruat,
333 2149 447 2200 terrena
484 2150 596 2200 tantum
621 2150 749 2217 petentes
777 2161 784 2200 :
821 2145 876 2211 vel,
907 2144 942 2199 de
997 2150 1065 2201 tur:
1084 2147 1134 2204 Sei
1155 2150 1204 2202 isti
1218 2146 1256 2201 ad
1269 2162 1389 2201 marsum
1405 2147 1511 2214 divitis,
1527 2148 1616 2218 idest,
1631 2151 1753 2217 Christi,
1782 2155 1841 2205 setta

93 2235 171 2290 cultu
198 2233 248 2288 Ilei
271 2233 455 2303 singulariter
479 2249 508 2287 se
532 2235 683 2303 jactantes,
718 2233 763 2288 rel
789 2232 942 2303 singulari·
996 2238 1021 2287 et
1032 2238 1056 2286 te
1073 2235 1176 2287 similia
1196 2233 1289 2287 debere
1296 2248 1463 2303 preparare.
1481 2233 1509 2288 id
1527 2240 1579 2301 est,
1597 2235 1659 2306 pati
1682 2236 1758 2290 sicut
1776 2234 1837 2306 ipse.

95 2328 140 2378 ter
177 2320 385 2393 superbientes,
415 2321 507 2376 occiso
543 2321 629 2376 etiam
654 2321 714 2376 lilio
741 2326 805 2394 post
836 2338 940 2376 servos.
996 2324 1172 2391 lmpinpuisti
1200 2328 1330 2388 :octava
1347 2322 1565 2392 unctiocapitis,
1587 2323 1701 2379 scilicet
1723 2322 1841 2394 {Christi

129 2413 211 2466 Vens.
227 2413 315 2464 ab·
335 2412 389 2475 Qui
404 2412 503 2464 timetis
520 2410 940 2478 Dominum,laudateeum,etc.
997 2408 1074 2479 quod
1097 2409 1177 2462 nulla
1191 2407 1322 2461 ariditate
1348 2407 1456 2477 peccati
1484 2408 1606 2475 exaruit,
1629 2409 1710 2464 unde
1748 2415 1844 2464 caten

94 2499 194 2572 (Cass.)
205 2500 303 2554 Timor
326 2499 469 2553 humanus
485 2515 542 2553 non
558 2499 682 2567 laudem,
697 2500 746 2555 sed
769 2498 943 2571 vituperium
997 2498 1131 2552 letantur
1146 2497 1284 2557 membra,
1301 2495 1369 2566 quia
1383 2495 1475 2567 capite
1490 2497 1637 2553 descendit
1650 2506 1842 2570 unguentum·

94 2589 179 2661 parit.
998 2586 1028 2640 in
1042 2585 1160 2640 barbam
1191 2584 1309 2639 barbam
1340 2588 1447 2650 Aaron,
1465 2591 1494 2640 et
1521 2587 1551 2640 iu
1575 2603 1657 2641 oram
1682 2586 1844 2642 vestimenti

129 2678 211 2732 Vnus.
240 2675 284 2730 25.
316 2705 351 2718 ·-
383 2678 487 2731 Timent
521 2693 580 2732 eum
617 2692 692 2732 omne
724 2692 812 2732 sanen
847 2676 942 2740 israel,
998 2675 1068 2745 ejus.
1085 2675 1121 2729 Et
1145 2674 1220 2727 calin
1241 2686 1325 2726 meus.
1359 2672 1553 2741 Nona,'calix
1580 2674 1690 2730 utristi
1718 2675 1843 2741 sanguis,

96 2769 225 2837 quoniam
252 2780 304 2819 non
328 2767 433 2834 spreuit
452 2770 505 2820 etc.
535 2765 612 2829 Quos
647 2765 750 2820 dixerit
775 2781 874 2819 semen
901 2767 945 2821 ta·
998 2761 1100 2833 quisic
1122 2760 1289 2815 inebriatut
1313 2759 1422 2814 sobrios
1438 2761 1546 2816 reddat.
1566 2764 1653 2826 Eleus,
1683 2762 1753 2835 qaia
1779 2763 1845 2817 acci·

93 2856 157 2923 cob,
186 2854 289 2925 aperit,
317 2853 441 2908 subdens
472 2870 479 2908 :
506 2855 638 2923 Pauperis
671 2854 763 2926 (Auo.)
793 2854 855 2909 Non
882 2854 944 2924 ejus
998 2851 1058 2922 pio.
1078 2851 1135 2918 Vel,
1161 2855 1237 2916 tuus,
1258 2848 1326 2920 quia
1345 2849 1403 2903 das.
1424 2851 1563 2905 liensaet
1581 2851 1664 2919 calix,
1683 2868 1844 2917 caro,san·

94 2945 145 3016 qui
172 2942 266 2997 serbis
291 2942 462 2997 delictorum
487 2942 589 2996 clamat
618 2940 653 2998 de
693 2959 766 2997 vana
798 2943 866 3011 vita,
895 2943 945 2998 sed
965 2940 1074 3012 cguls,
1099 2953 1373 3009 quanquamunum
1404 2937 1460 2993 sint
1481 2946 1706 3008 sacramentum,
1734 2941 1789 2996 sub
1802 2940 1845 2995 di·

93 3049 151 3087 non
168 3030 305 3086 tumentis
321 3030 356 3085 de
372 3028 486 3101 pompis
501 3030 608 3084 saeculi.
997 3027 1084 3082 versis
1112 3032 1209 3081 tamen
1239 3025 1401 3097 speciebus,
1424 3027 1494 3098 quia
1528 3033 1686 3100 astrumque
1710 3028 1844 3093 sumitur,

129 3120 212 3174 Vens.
248 3120 293 3172 aa.
319 3148 353 3157 -
374 3118 460 3186 Apud
475 3122 499 3171 te
524 3118 585 3171 laus
606 3119 708 3171 meain
736 3118 858 3173 Ecclesia
882 3134 941 3172 ma·
996 3114 1110 3170 divisim
1120 3115 1166 3169 bic
1181 3119 1337 3185 ponuntur.

94 3223 159 3276 pne,
190 3213 244 3261 etc.
268 3205 330 3276 (lo.)
368 3205 452 3276 Apud
499 3206 589 3259 Deum
612 3204 728 3260 laudem
763 3206 857 3276 ponit,
891 3205 942 3278 qui
1031 3204 1115 3258 Vens.
1152 3205 1178 3258 6.
1204 3205 1240 3258 Et
1272 3203 1469 3259 misericordia.
1502 3203 1600 3276 (Cass.)
1637 3204 1768 3273 Decima,
1798 3205 1844 3261 mi·

94 3296 177 3351 docet
200 3295 229 3349 in
245 3295 363 3347 bomine
378 3309 435 3345 non
450 3291 596 3363 praesumi.
995 3292 1150 3347 scricordia
1176 3292 1354 3362 subsequens
1383 3292 1418 3347 ad
1445 3293 1602 3349 custodiam
1624 3310 1692 3366 quse
1707 3295 1845 3368 praecedit

129 3385 209 3438 Vens.
227 3385 271 3436 27.
299 3411 332 3421 -
356 3380 521 3434 Laudabunt
553 3382 697 3435 Dominum
724 3382 773 3451 qui
799 3383 942 3450 requirunt
995 3382 1032 3436 ad
1047 3380 1169 3451 gratiam
1185 3381 1397 3435 conterendam.

95 3488 154 3528 eum
182 3488 189 3525 :
225 3473 325 3524 vivent.
354 3468 418 3540 (ln.)
463 3468 606 3539 Pauperes
628 3470 719 3524 Deum
747 3468 850 3524 divites
873 3486 903 3524 se
933 3487 939 3525 ε
1030 3472 1111 3525 Vnus.
1141 3474 1167 3525 7.
1190 3472 1273 3524 -Et
1287 3474 1318 3524 at
1333 3469 1490 3525 inhabitem.
1507 3470 1608 3542 (Hira.)
1624 3472 1685 3527 Hoc
1698 3472 1844 3540 omnibns,

95 3559 160 3614 ideo
182 3573 330 3629 pauperes,
360 3556 427 3628 quia
452 3558 542 3611 Deum
566 3557 683 3612 laudant
710 3562 743 3613 ut
769 3575 835 3613 euni
864 3576 941 3630 qure-
995 3557 1191 3629 superioribus
1219 3557 1361 3628 jungitur.
1399 3557 1487 3622 Quasi
1529 3559 1688 3630 collocasti,
1718 3561 1844 3616 educasti

1 3647 7 3655 '
95 3652 170 3714 rant,
198 3651 226 3700 et
254 3645 315 3716 ipse
344 3651 386 3699 est
401 3645 507 3700 divitire
537 3662 706 3718 pauperum.
733 3647 822 3704 Corda
848 3663 939 3702 eorum
995 3646 1222 3713 deduxisti,elc.,
1239 3645 1629 3704 ethocideoutiniaabitem.

94 3739 124 3791 in
146 3735 273 3791 seculum
294 3735 386 3788 saculi
415 3735 622 3789 reminiscentur
645 3739 670 3788 et
697 3740 884 3791 convertentur
904 3736 941 3790 ad

95 3827 247 3880 Dominum.
260 3822 321 3892 (lo.)
338 3822 410 3888 Ouia
421 3822 468 3876 ille
483 3822 562 3877 cibus
575 3829 616 3879 est
633 3824 733 3878 cordis.
1279 3789 1434 3844 PSALMUS
1463 3790 1554 3846 xxm·

128 3911 210 3964 Vens.
234 3910 277 3962 30.
295 3937 329 3948 -
342 3908 584 3967 Manducaverunt.
601 3913 627 3964 et
641 3910 849 3965 adornaverunt.
875 3909 940 3983 (lo.)
1030 3914 1110 3967 Vnus.
1132 3916 1156 3967 t.
1181 3940 1208 3953 -
1233 3913 1354 3968 Psatmus
1373 3913 1579 3986 Decimiana.)
1605 3915 1638 3970 ln
1664 3917 1764 3988 prima
1782 3918 1842 3974 sab·

94 3999 155 4053 Non
171 3995 321 4068 prohibeat
348 3993 530 4066 dispensator
544 3997 728 4065 manducare,
753 3997 802 4052 sed
828 4003 941 4052 exacto·
996 4001 1055 4058 bati
1076 4001 1202 4056 muudus
1217 4001 1355 4069 conditus,
1378 4003 1408 4056 iu
1423 4003 1522 4058 eadem
1552 4003 1640 4059 borno
1666 4012 1842 4062 restauratus

93 4102 154 4140 rem
170 4084 463 4139 moncattimere.1n
485 4087 697 4154 conspectuejus
719 4084 941 4158 cadent.(Cass.)
995 4088 1290 4159 perresurreclionem
1307 4089 1429 4145 Christi:
1453 4092 1556 4163 (Cass.)
1576 4093 1653 4149 ande
1683 4100 1783 4151 monet
1802 4097 1840 4149 ri-

95 4175 218 4231 Ecclcsia
240 4178 375 4243 utrosque
391 4171 502 4243 recipit,
532 4172 581 4226 sed
603 4173 665 4243 ipsc
691 4173 768 4228 videt
787 4177 815 4228 et
840 4173 941 4230 discer-
995 4182 1104 4230 ctorem
1130 4193 1196 4231 cum
1224 4177 1370 4249 triumpho
1387 4179 1530 4251 suscipere
1548 4184 1671 4246 ,Domini
1693 4189 1736 4239 est
1762 4191 1840 4239 terra.

92 4265 145 4320 nit.
955 4240 1092 4321 ”ramo
1115 4265 1182 4320 dicit
1204 4270 1295 4320 totum
1323 4266 1422 4323 orbem
1448 4283 1509 4323 esse
1540 4269 1601 4334 liei,
1626 4274 1692 4339 etc,
1710 4271 1840 4342 usquead

129 4353 208 4406 Vens.
239 4353 286 4405 32.
320 4378 355 4389 -
374 4349 657 4419 Annuntiabitur,etc.
685 4349 747 4421 (io.)
776 4353 820 4405 An
848 4368 936 4424 ange·
991 4353 1597 4426 sedquisinmonteejus,nisiinnocensi

92 4439 189 4511 lisqui
206 4454 301 4509 preces
326 4436 478 4491 hominnm
508 4439 566 4493 ileo
589 4438 724 4506 otierunt,
752 4455 811 4494 non
833 4440 937 4496 instru-
1028 4444 1477 4513 vans.t.-Etsuper{tumina.
1497 4445 1598 4517 (tna.)
1618 4447 1655 4502 tlt
1677 4446 1839 4505 fluminein
1885 4498 1887 4513 ,

93 4531 196 4591 ctione,
209 4527 256 4581 sed
272 4543 323 4598 pro
340 4525 509 4581 ministerio.
991 4547 1081 4599 mare,
1098 4530 1136 4584 ita
1150 4531 1247 4602 cupidi
1261 4532 1399 4587 labuntur
1411 4533 1442 4587 in
1457 4535 1614 4601 saeculum
1642 4539 1672 4590 et
1686 4551 1740 4591 eos
1757 4537 1836 4591 edan
1885 4518 1887 4525 ¹

130 4615 316 4687 (CesetNota
339 4616 464 4685 psalmos
476 4614 511 4668 da
538 4615 671 4685 passione
699 4615 728 4669 in
758 4632 862 4688 magna
887 4633 937 4688 spe
991 4624 1107 4689 superat
1130 4620 1262 4687 Ecclesia,
1287 4636 1351 4691 quae
1377 4621 1458 4677 victis
1485 4622 1696 4694 cupiditatibus
1723 4625 1761 4680 ed
1781 4625 1833 4680 ina·
1885 4610 1887 4619 ¹

92 4705 321 4762 Christianorum
337 4702 497 4766 terminari,
514 4709 547 4757 ut
561 4703 668 4758 sciatur
684 4720 718 4758 ex
733 4705 866 4776 passione
893 4723 937 4761 sa·
992 4707 1203 4763 mortalitatem
1216 4713 1345 4780 paratur.

92 4797 223 4850 insessa.
595 4865 601 4874 .
1027 4797 1107 4851 Vens.
1137 4798 1163 4851 ³.
1201 4798 1327 4863 -Quis
1351 4797 1495 4852 ascendet?
1529 4798 1715 4857 Determinat
1740 4803 1835 4875 quibas

385 4862 542 4918 PSALMUS
561 4864 641 4919 ΧΗῙ·
992 4883 1146 4939 virtutibus
1156 4884 1267 4956 praediti
1283 4885 1393 4939 sunt'in
1410 4886 1545 4941 Ecclesia.

126 4972 206 5034 Vens,
239 4972 263 5024 l.
288 4968 411 5023 Psotmus
443 4968 541 5024 Dauid.
573 4968 670 5038 (Cass.)
698 4970 840 5041 Propheta
867 4970 939 5025 redi·
1027 4974 1107 5027 Vens.
1123 4974 1149 5028 i.
1167 5003 1200 5013 -
1216 4973 1282 5039 Quis
1297 4973 1400 5028 scaone
1422 4975 1621 5046 (Hraaallulti
1647 4977 1728 5033 enim
1743 4993 1832 5034 ascen

91 5063 154 5114 tum
166 5056 266 5129 populi
281 5056 316 5111 de
333 5055 476 5126 Babylone
488 5056 632 5126 praedixit.
658 5059 786 5111 Dominus
800 5061 870 5126 repit
886 5074 935 5113 mc.
992 5059 1074 5125 dunt,
1088 5061 1138 5130 qui
1153 5078 1210 5116 non
1238 5069 1420 5131 permanent.
1436 5064 1503 5134 (lo.)
1517 5066 1671 5121 Innocens:
1687 5067 1723 5122 ad
1747 5065 1830 5140 proxi-

91 5144 485 5205 Psalmusdemisericordia
514 5160 687 5199 enumerans
707 5145 806 5200 decem
832 5147 938 5217 gratias
992 5164 1083 5215 mum,
1102 5151 1342 5219 manuetcorde,
1367 5156 1395 5206 et
1423 5154 1473 5223 qui
1502 5153 1558 5207 sibi
1592 5153 1746 5224 innocens,
1773 5160 1825 5219 eu..

92 5239 233 5290 utomnes
251 5237 369 5303 sperent
383 5232 414 5286 in
429 5232 624 5288 misericordia
647 5233 707 5288 Dei.
726 5234 820 5306 (ilua.)
840 5236 938 5291 Eccle-
992 5253 1077 5308 usque
1105 5239 1142 5292 ad
1181 5239 1366 5308 praesentiam
1395 5245 1424 5294 et
1438 5241 1639 5312 cognitionem
1664 5243 1824 5307 desiderent,

91 5324 134 5377 sia
145 5323 274 5393 loquitur
286 5321 321 5376 de
336 5320 461 5378 Christo.
993 5329 1047 5396 (tui
1059 5342 1112 5380 non
1124 5331 1235 5397 aceepit.
1262 5328 1354 5400 (aaa,
1374 5330 1464 5402 liras.)
1481 5331 1510 5385 ld
1524 5336 1578 5396 ast,
1602 5332 1656 5404 qui
1681 5349 1743 5389 non
1758 5335 1827 5404 depa-

126 5411 245 5465 verat.
262 5440 296 5451 -
322 5411 423 5465 lnloco
449 5426 564 5480 pascuae.
595 5412 692 5482 (Cass.)
716 5412 812 5469 Prima
834 5414 937 5484 gratia,
991 5416 1062 5470 tavit
1075 5415 1202 5470 animam
1230 5417 1314 5472 rebus
1337 5434 1396 5474 non
1419 5421 1672 5490 permanentibus,
1689 5410 1752 5479 ⁸sed
1778 5433 1827 5477 eeu

88 5499 169 5556 locus
187 5513 310 5570 pascuae,
323 5497 354 5552 id
373 5501 528 5566 est,sermo
544 5497 668 5568 divinus,
691 5498 743 5570 qui
757 5501 938 5572 saginatme·
992 5504 1118 5559 sentiens
1143 5504 1336 5562 immortalem
1365 5511 1474 5563 aeterua
1509 5508 1699 5581 desiderabit,
1724 5517 1754 5568 et
1776 5509 1827 5567 ideo
