3892 6106
57 282 110 336 357
635 279 767 338 atussa
785 280 989 340 ottutnstttu.
1008 312 1043 323 —
1063 284 1130 342 tta.
1151 285 1264 342 tutta.
1631 300 1639 310 ”
1762 296 1814 352 358

90 407 260 480 Lapidibus.
277 407 350 474 Quia
371 406 453 463 ranis
474 407 619 464 erroribus
647 408 806 479 simplicem
821 423 914 480 popu·
933 411 954 466 t
971 410 1060 467 LXX:
1085 413 1213 468 Animam
1227 417 1371 470 mortuam.
1388 416 1490 472 Anima
1509 429 1569 489 que
1592 422 1743 490 peccauerit
1762 423 1824 492 ipsa

56 497 116 553 lum
133 497 296 566 seducuul;
312 497 387 553 unde
405 500 533 553 ventrem
559 496 699 566 nutriunt,
724 502 753 552 et
776 497 914 552 auditori·
963 503 1098 559 ‚mutetur
1114 502 1218 572 (Erech.
1238 518 1328 570 xviri:
1360 505 1409 560 Iso
1434 509 1521 578 xciii).
1551 509 1714 565 llecmorte
1733 510 1824 566 maxi·

57 587 109 642 bus
124 587 241 658 placere
252 586 387 658 cupiunt:
403 587 503 658 quales
529 586 616 642 hodie
628 585 658 640 in
685 586 806 642 Ecclesia
831 585 915 641 multi
970 604 1015 644 me
1030 595 1130 661 gentes
1142 591 1300 661 perierunt,
1317 609 1381 664 quae
1405 610 1457 649 uec
1468 596 1560 667 legem
1587 612 1639 652 uec
1662 597 1824 655 doctrinam

58 679 136 743 sunt,
158 675 194 731 de
224 675 331 747 quibus
355 676 459 731 Paulus
481 674 535 730 ait:
564 676 601 731 lli
631 676 703 730 enirn
721 690 775 730 non
793 677 915 732 seruiunt
968 678 1156 750 habueruut;
1177 680 1226 736 sed
1250 680 1379 738 Christus
1399 689 1516 754 peccata
1541 685 1672 741 omnium
1701 685 1778 754 tulit,
1795 693 1824 743 et

59 765 177 828 cbristo.
209 764 261 820 sed
287 779 336 821 suo
363 765 462 831 uentri,
481 767 508 820 ot
536 779 587 835 per
609 764 700 819 dulces
731 779 875 831 sermones,
890 768 915 819 et
967 770 1066 822 tamen
1080 767 1250 839 impollutus
1270 770 1385 825 mansit.

59 853 404 910 mandamentorum
431 851 515 909 corda
532 855 714 909 innocentium
746 852 833 923 (ltom
857 854 915 923 xri)
1004 855 1084 926 (Auo.
1101 859 1237 926 quantit
1253 859 1283 912 in
1302 858 1378 931 Leo.)
1405 859 1568 918 Adomnem
1591 864 1738 930 mutuum,
1763 867 1818 917 etc.

417 984 529 1041 CAPUT
543 984 609 1041 m
969 939 1032 996 txx
1046 960 1055 996 ε
1069 941 1156 1011 Super
1173 956 1276 997 omnem
1298 945 1420 1000 animam
1451 949 1586 1001 mutuam
1616 962 1669 1002 non
1683 947 1819 1003 introibit.

968 1029 1119 1096 Quomodo
1143 1030 1219 1086 dicet
1245 1031 1373 1088 animam
1398 1037 1553 1102 mortuam,
1587 1038 1654 1106 etc,
1683 1036 1822 1106 resquead

92 1118 178 1173 Vns.
193 1120 273 1173 l.-
296 1120 374 1175 lticit
399 1133 505 1189 quoque
530 1115 709 1174 Dominusad
735 1117 914 1188 Moysen
968 1119 1046 1192 quod
1061 1119 1218 1175 secundum
1238 1121 1466 1192 nonprohibuit.

59 1212 97 1268 lle
116 1209 329 1277 contaminetur,
359 1213 413 1263 etc.
440 1206 543 1279 (leucu.)
573 1205 606 1262 ld
639 1209 682 1261 est
708 1204 781 1260 nihil
802 1205 917 1262 omittat
1004 1208 1088 1263 Vens.
1111 1211 1154 1264 tt.
1170 1238 1205 1248 -
1224 1208 1284 1280 (lo,
1299 1217 1393 1279 quest.
1410 1211 1466 1282 82.)
1482 1214 1703 1268 Desanctisnon
1724 1212 1820 1268 coibit.

60 1300 229 1373 utrisque
254 1296 388 1368 expediet
409 1295 587 1351 sacerdotem
615 1294 728 1362 docere,
754 1297 916 1364 clamaque
969 1297 1043 1352 llum
1057 1296 1165 1352 scilicet
1179 1313 1281 1353 eorum
1308 1299 1410 1354 funera
1433 1299 1623 1370 celebrantur,
1652 1300 1687 1356 de
1718 1301 1821 1357 sanctis

59 1389 95 1443 ud
108 1386 340 1445 cohabitantium
362 1383 441 1439 enirn
461 1399 521 1439 non
544 1383 650 1456 poterit
679 1382 813 1454 ignorare
848 1398 915 1454 pec·
968 1384 1183 1457 prohibitusest
1200 1385 1287 1455 exne,
1317 1391 1382 1453 alc,
1407 1402 1492 1457 usque
1505 1388 1543 1443 ud
1570 1388 1648 1461 quod
1674 1388 1820 1446 nonnullis

59 1481 168 1534 catum.
969 1473 1071 1529 diebus
1086 1488 1145 1528 nou
1161 1472 1363 1546 imponebatur
1383 1474 1541 1531 incensum.

91 1562 497 1623 Vaas.2.—Nisituntumin
522 1560 740 1628 consanpuineis.
757 1557 913 1629 (tilianam,
1003 1564 1194 1633 superpatre.
1212 1563 1317 1635 (Onia,
1334 1565 1403 1620 bom.
1422 1567 1496 1621 liin
1516 1565 1591 1638 beu.)
1616 1566 1716 1623 Omnis
1734 1567 1821 1625 homo

59 1657 139 1725 '1²5⁸‘-
151 1652 191 1708 “d
204 1650 359 1716 F⁰⁶i⁰l⁶mr
384 1653 454 1704 ²⁰³¹·
478 1646 514 1718 Ῑ)
541 1646 634 1717 Super
661 1645 914 1701 ⁰11¹¹10111⁸nim⁸m
969 1649 1095 1722 inpetro
1119 1657 1148 1707 et
1173 1656 1264 1708 malm
1289 1653 1417 1725 pollutus
1441 1657 1493 1722 est,
1517 1658 1583 1723 etc,
1609 1670 1695 1725 usque
1722 1655 1760 1710 ad
1776 1655 1821 1710 vel

60 1757 123 1814 quoe
139 1743 257 1796 momua
271 1741 324 1804 est,
336 1739 401 1804 01⁰„
419 1750 504 1805 utque
533 1734 570 1789 ad
602 1733 762 1789 minoribus
778 1749 845 1790 tero
860 1733 916 1789 ali·
970 1739 1092 1795 caelestis
1107 1739 1207 1796 matris
1216 1741 1379 1798 libertatem
1402 1741 1522 1815 indigne
1546 1745 1656 1816 peccati
1684 1745 1821 1800 cerritulo

59 1828 130 1902 quid
142 1828 323 1899 indulgetur.
970 1828 1127 1883 maculant.

93 1919 179 1974 Vsus.
196 1912 455 1974 tn-llonradent
475 1915 566 1982 caput.
605 1911 668 1983 (lo,
686 1911 769 1982 ibid.)
782 1910 917 1967 Summus
1007 1917 1102 1986 (Aac,
1118 1917 1415 1988 querimoniari.)
1441 1917 1536 1984 Qiraeri
1561 1922 1666 1990 potest,
1695 1922 1760 1989 etc,
1776 1934 1823 1975 us-

59 2012 158 2063 autem
173 2004 312 2078 pentiiex,
327 2006 392 2069 eie,
413 2015 498 2073 usquc
524 1999 562 2055 ad
589 2000 694 2072 quibus
725 1999 916 2056 Christusdo·
970 2004 1071 2076 quoad
1086 2005 1160 2061 sicut
1170 2005 1205 2061 de
1215 2005 1279 2078 ipso
1290 2008 1385 2061 Aaron
1415 2005 1561 2078 Scriptura
1588 2010 1718 2063 testatur.

58 2094 140 2152 namt
154 2098 189 2149 ut
203 2093 304 2148 lumen
318 2090 385 2146 siut.
1033 2096 1090 2163 Epo
1113 2096 1252 2150 Dominus.
1296 2093 1376 2166 (buo.
1421 2099 1517 2166 quest.
1554 2095 1609 2165 et.)
1653 2095 1692 2150 tte
1729 2095 1824 2167 Moyse

92 2184 153 2239 Non
162 2180 365 2248 rudentcaput,
383 2180 435 2232 cic.
460 2176 567 2246 (luca.)
597 2175 687 2231 Nimis
714 2191 790 2247 aegre
819 2175 915 2231 dolore
970 2182 1058 2239 etiam
1084 2183 1193 2239 dicium
1218 2187 1272 2250 est,
1309 2187 1375 2252 etc,
1414 2198 1500 2253 usque
1534 2183 1571 2239 ud
1598 2200 1651 2239 nec
1680 2183 1824 2256 superflua

58 2271 224 2326 sucerdoits
239 2268 274 2323 de
299 2265 420 2323 mortuis
444 2264 578 2337 prohibei
612 2264 667 2332 1⁰¹,
696 2269 761 2334 ele„
779 2265 917 2335 1689Ποᾶᾶ
969 2272 1063 2328 dicata
1076 2274 1119 2327 eet
1132 2270 1254 2328 visibilis
1270 2270 1465 2340 sanctificatio,
1481 2271 1549 2344 quis
1564 2271 1718 2328 invisibilis
1745 2288 1820 2345 prce-

58 2365 90 2417 ut
102 2358 200 2432 possit
227 2355 386 2425 exhortari,
411 2370 543 2426 arguere,
568 2353 728 2425 increpare.
971 2360 1063 2417 cessit,

90 2450 155 2506 Non
165 2448 405 2518 pedaminum,
430 2449 482 2498 0¹0·
513 2442 577 2514 (lo.)
602 2441 684 2508 0⁰⁰⁶
711 2448 755 2499 δεῖ
777 2458 917 2515 magnum
1006 2451 1087 2506 Vsus.
1118 2452 1161 2506 li.
1191 2480 1226 2490 -
1254 2451 1394 2517 Virpinem
1426 2448 1504 2505 ducet
1529 2463 1651 2506 unorem
1681 2449 1822 2519 (bianum,

57 2538 88 2593 in
104 2536 251 2610 gentibus·
275 2535 330 2589 V⁰⁵
353 2537 462 2600 auum,
494 2531 563 2587 diiii
586 2532 747 2601 Malachiass
776 2535 916 2603 Wllvitlit
970 2541 1050 2610 epist.
1065 2539 1103 2594 ad
1116 2539 1279 2607 Fabiolam.)
1305 2538 1397 2594 Vidua
1421 2542 1463 2593 est
1491 2536 1573 2609 cujus
1595 2537 1725 2605 maritus,
1756 2541 1821 2607 etc,

58 2627 172 2682 illudio
187 2641 217 2680 eo
240 2623 313 2694 quod
339 2622 452 2677 dicitis:
483 2622 577 2677 unua
605 2623 714 2677 Domim
746 2620 854 2677 derata
877 2625 917 2677 est
970 2640 1055 2697 usque
1070 2625 1108 2682 ud
1122 2624 1198 2681 unde
1214 2639 1221 2681 ε
1240 2624 1376 2697 Respondi
1389 2628 1515 2682 enimuos
1529 2626 1580 2680 uni
1602 2624 1662 2681 uiro
1688 2627 1823 2695 cirpinem

58 2714 226 2788 (nunti).
252 2714 286 2768 lu
315 2714 431 2784 peccato
461 2709 539 2765 enirn
579 2709 712 2766 secritlcii
736 2726 841 2766 nomeu
865 2709 917 2766 llei
971 2717 1084 2782 castam,
1099 2718 1153 2770 etc.

59 2804 198 2878 polluunt
210 2801 380 2858 sacerdotes.
1007 2803 1080 2859 Nolo
1090 2801 1260 2872 discipulam
1270 2801 1480 2873 conjugemque
1494 2800 1639 2873 pontilicis
1664 2801 1823 2875 quidquam

96 2894 182 2949 Vrsa.
224 2896 250 2947 7.
265 2920 297 2933 -
335 2890 468 2955 Scortum,
504 2890 557 2943 etc.
601 2886 739 2943 &cordos
771 2886 901 2960 quilibet,
970 2889 1194 2947 habereneteris
1222 2889 1358 2944 hominio.
1373 2890 1405 2946 Si
1426 2891 1644 2945 consurreximus
1666 2905 1726 2947 cum
1740 2890 1824 2948 Clari-

61 2998 131 3039 nem
145 2983 182 3038 de
196 2994 311 3036 summo
327 2983 427 3052 postea
440 2975 525 3046 dicct,
537 2976 614 3048 quod
629 2992 688 3032 non
706 2975 762 3032 uisi
773 2976 916 3048 virginem
934 2984 954 3041 c
969 2983 1021 3047 sio,
1036 2994 1096 3050 que
1105 2993 1214 3034 sursum
1245 2982 1310 3034 sunt
1330 2981 1472 3048 sapiamus
1502 2978 1715 3050 preteritorum
1730 2977 1820 3044 obliti,

59 3071 149 3128 ducat
162 3085 292 3127 uxorem.
970 3067 1135 3123 futurorum
1150 3066 1235 3122 avidi.
1257 3064 1358 3121 luietix
1371 3064 1471 3121 Simon
1486 3064 1536 3137 qui
1563 3069 1627 3135 post
1648 3065 1824 3137 baptismum
1900 3131 1907 3145 ι

94 3160 160 3228 Quia
173 3158 323 3229 repudiato
336 3160 386 3219 est,
409 3159 462 3210 etc.
487 3153 562 3220 Quia
588 3151 740 3226 culpabilis
771 3152 918 3209 iuvenitur
971 3154 1008 3209 de
1022 3153 1141 3226 antiquo
1156 3153 1341 3210 matrimonio
1359 3152 1505 3226 cogitarit,
1521 3169 1574 3209 nec
1589 3153 1624 3209 ed
1653 3152 1825 3225 virginalem

58 3247 299 3305 monostemi
324 3245 428 3301 ducere
466 3243 597 3299 sacerdos
623 3258 754 3310 uxorem,
778 3258 832 3299 uec
844 3257 918 3314 prae·
971 3248 1089 3299 uenerat
1104 3241 1269 3314 puritatem,
1285 3241 1361 3298 Petri
1376 3243 1520 3298 consortio
1546 3241 1683 3314 indignus
1696 3242 1760 3301 luit.

59 3337 155 3394 dicere
175 3337 238 3409 ejus
261 3333 471 3390 observantiam
490 3333 655 3387 litteralem.
1007 3332 1314 3388 Veneti—Viduam
1330 3331 1825 3404 mremetrepudtammetctono..

95 3426 180 3482 viss.
211 3427 239 3481 8.
268 3452 304 3466 -
328 3424 391 3481 Sint
422 3423 602 3492 mauruncii,
627 3425 681 3476 etc.
706 3419 736 3476 Si
759 3419 919 3477 moetdotes
972 3421 1043 3477 bom.
1061 3423 1093 3476 tu
1106 3423 1136 3476 in
1164 3421 1264 3494 Lenit.)
1289 3420 1344 3487 Qui
1361 3425 1469 3492 peccat,
1509 3420 1636 3491 abjectus
1658 3425 1720 3488 est;
1738 3420 1826 3476 etiam

61 3514 160 3572 datam
171 3512 235 3584 jam
252 3511 337 3568 sibia
365 3512 423 3567 ileo
459 3508 715 3565 sanctificationem
741 3508 917 3577 custodiunt,
972 3508 996 3564 si
1011 3507 1164 3580 episcopus
1182 3509 1318 3576 tacet,vel
1330 3507 1555 3579 ignorantia,rel
1571 3506 1825 3580 negligentic,non

59 3601 241 3659 uocabant
268 3602 364 3674 ipsum
388 3601 482 3656 Deus:
503 3598 555 3672 qui
577 3614 643 3654 cum
664 3598 696 3653 iu
720 3603 823 3654 natura
850 3613 918 3653 san·
972 3597 1090 3670 prodest
1104 3595 1271 3670 hujusmodi
1286 3597 1402 3668 gratia3
1431 3595 1559 3651 animam
1585 3597 1726 3668 abjectam
1745 3595 1827 3654 Chri-

60 3696 124 3749 ctns
137 3692 185 3762 sit,
211 3707 230 3746 a
256 3688 444 3764 participibus
459 3688 559 3761 gloriae
587 3704 647 3743 sue
673 3688 766 3744 voluit
793 3686 919 3743 sanctiti-
972 3690 1033 3741 stus
1048 3684 1198 3741 nouducit
1226 3701 1353 3753 uxorem,
1382 3701 1434 3740 nec
1461 3685 1612 3757 pollutam,
1631 3701 1697 3758 quie
1721 3684 1828 3740 scilicet

63 3780 136 3837 ari.
973 3777 1087 3830 tautum
1113 3778 1263 3846 peccatum
1288 3772 1379 3829 voluit
1402 3778 1431 3829 et
1456 3774 1576 3845 optarit,
1606 3773 1675 3845 quia
1704 3788 1827 3845 magnus

96 3870 182 3926 vm.
201 3871 277 3925 6.-
295 3867 451 3924 Sacerdotis
468 3868 539 3938 fllia,
568 3870 621 3922 etc.
651 3866 740 3923 Grave
764 3869 807 3921 est
823 3865 918 3938 cnjus·
972 3861 1104 3935 pontifex
1118 3863 1238 3919 omnino
1253 3878 1356 3935 puram
1371 3861 1494 3935 requirit
1508 3861 1647 3929 animam,
1667 3878 1754 3934 quam
1770 3860 1825 3917 sibi

62 3957 134 4015 libet
156 3957 248 4014 tiliam
272 3956 420 4026 fornicari,
444 3955 493 4012 scd
524 3955 649 4011 maxime
668 3955 833 4024 sacerdotis,
869 3953 921 4028 qui
971 3951 1077 4024 jungat
1103 3956 1133 4006 et
1159 3967 1251 4007 unum
1278 3951 1413 4023 spiritum
1452 3948 1565 4005 eiticiat.
1592 3948 1646 4015 Qui
1669 3954 1768 4022 peccat
1791 3950 1829 4006 ad

64 4047 151 4105 debet
165 4047 271 4103 habere
285 4045 361 4101 lilios
376 4044 507 4100 subditos
530 4043 655 4100 inomni
682 4043 820 4099 mutilate.
974 4045 1108 4107 mortem,
1123 4039 1252 4111 abjectus
1275 4044 1343 4107 ast,-
1371 4038 1422 4112 qni
1433 4037 1595 4107 venialiter,
1619 4038 1746 4111 pollutus
1773 4040 1825 4094 est.

99 4135 239 4194 Seerdotis
248 4133 318 4206 fllia.
342 4135 492 4206 synagoga
517 4148 577 4188 non
618 4133 712 4188 solum
740 4147 819 4201 uuor,
836 4131 922 4187 sedet
1011 4128 1167 4199 Sordidum,
1182 4127 1317 4194 aimone
1344 4128 1423 4184 radit
1449 4131 1513 4200 post
1538 4132 1692 4197 cruciares,
1721 4125 1828 4183 scilicet

64 4225 116 4282 Ilei
147 4224 209 4281 fllia
234 4223 417 4297 appellatur;
457 4222 507 4278 sed
551 4228 707 4292 utrumque
749 4219 919 4292 depravans,
940 4217 1131 4329 ndaemones,
1147 4217 1334 4289 qnianimam
1349 4216 1509 4291 pulchram,
1538 4216 1646 4286 idest,
1674 4215 1827 4287 adimagi-

64 4314 161 4371 alieua
173 4313 248 4369 lacta
274 4317 326 4369 est.
357 4312 463 4369 Unde:
496 4310 678 4380 Relinquetur
699 4310 759 4381 plia
773 4310 839 4367 Sion
852 4312 923 4367 siout
976 4323 1044 4362 nem
1060 4307 1240 4377 Delicatum,
1267 4306 1428 4363 adulterare
1443 4305 1572 4378 cupiunt.

64 4403 256 4459 mineatum
279 4403 374 4469 uinea,
400 4404 455 4457 etc.
480 4399 544 4471 (isa.
561 4400 590 4470 ι).
618 4400 652 4455 ut
670 4398 924 4456 atibisuornteura
1014 4396 1095 4452 Vsus.
1113 4395 1308 4452 l7.-·Homo
1329 4395 1482 4465 desemine,
1511 4394 1618 4468 (laice.)
1645 4395 1829 4450 lirecsecuu·

65 4496 105 4548 est
131 4496 223 4547 nater
236 4505 326 4546 rorum
341 4488 409 4560 (Orc.
441 4487 922 4562 11):qnodigueeitexusta,in·
979 4485 1048 4541 dum
1065 4485 1190 4541 litteram
1202 4488 1325 4555 mulum,
1340 4489 1406 4554 etc,
1421 4499 1507 4556 usque
1532 4483 1570 4540 ad
1596 4483 1827 4556 raldepercou·

66 4579 160 4637 oeudii
170 4577 448 4650 monstratvestigia.
977 4574 1127 4632 tumeliam
1143 4574 1313 4646 refragetur.

114 4669 204 4726 Vuae.
235 4669 278 4725 to.
307 4697 343 4708 -
378 4668 517 4744 Pontilen,
547 4669 601 4721 otc.
643 4663 771 4722 Christus
805 4677 922 4734 maanus
1012 4664 1091 4721 Vane.
1120 4665 1165 4719 lii.
1197 4691 1234 4707 -
1260 4663 1293 4720 Si
1314 4676 1398 4720 mous
1428 4661 1528 4733 (isica.)
1567 4660 1676 4716 Lumen
1698 4662 1827 4716 contem-

65 4758 196 4814 ilominur
210 4759 311 4824 noster,
324 4760 351 4812 et
366 4771 468 4825 mupna
488 4757 577 4811 uirtus
605 4753 676 4824 ejus,
690 4753 741 4826 qui
766 4751 922 4826 pronubis
976 4751 1114 4825 ptatiouis
1125 4751 1273 4824 ignoraus,
1292 4750 1443 4823 praesentis
1460 4751 1524 4805 vitre
1546 4748 1673 4805 tenebris
1701 4763 1827 4820 pressus,

65 4845 157 4902 laetus
170 4850 215 4902 eet
228 4845 361 4901 sacerdos
371 4848 401 4900 et
415 4843 520 4900 boetia.
976 4839 1027 4913 qui
1039 4840 1109 4896 dum
1120 4846 1270 4896 uenturam
1297 4841 1391 4896 lucem
1417 4837 1569 4911 diligenter
1591 4852 1652 4894 uon
1678 4836 1829 4909 conspicit,

97 4935 275 4992 consecrata
292 4939 366 4990 sunt.
394 4933 451 4989 Alii
485 4933 645 4989 sacerdotes
673 4931 705 4987 in
735 4929 923 5003 sanguinari·
975 4929 1066 4986 nescit
1080 4944 1139 5002 quo
1159 4929 1290 5002 porrigat
1317 4927 1411 5002 operis
1425 4942 1565 4998 gressum.

66 5023 116 5081 tuti
129 5023 268 5080 atarietis
291 5023 506 5088 consecrabant,
532 5022 575 5077 rel
597 5021 846 5085 consummabant,
867 5020 921 5076 eci·
1010 5020 1041 5076 Si
1054 5018 1181 5075 claudus.
1210 5017 1274 5090 (lo.)
1300 5016 1356 5083 Qui
1383 5015 1491 5071 scilicet
1515 5015 1594 5071 ridet
1616 5030 1675 5087 quo
1707 5032 1828 5089 pergere

67 5109 334 5182 lieenmenussuas
349 5128 357 5167 ι
373 5111 435 5184 ipse
450 5127 518 5167 nero
533 5110 651 5184 proprio
685 5108 835 5182 sauguine,
855 5123 920 5165 cru·
976 5107 1088 5178 debeat,
1109 5107 1161 5163 sed
1182 5105 1350 5162 inllrmitate
1390 5104 1495 5160 mentis
1534 5120 1594 5160 uon
1618 5105 1828 5177 potentiacum

67 5202 155 5261 eitixis
166 5201 311 5258 manibus.
976 5196 1055 5268 quod
1069 5195 1223 5252 desiderat.

101 5289 462 5355 Vestimentononsoindct,
485 5292 539 5346 etc.
557 5288 664 5362 (laren.)
695 5288 736 5342 Ex
766 5302 825 5360 quo
842 5285 921 5343 enim
1011 5285 1043 5343 Si
1060 5284 1224 5356 porro,.nei
1237 5281 1348 5351 orandi,
1377 5280 1421 5339 cel
1449 5285 1519 5338 torto
1543 5297 1619 5339 nuso.
1646 5281 1710 5356 (io.)
1739 5283 1829 5338 Parvo

67 5380 190 5440 Verbum
206 5379 455 5446 caroiactnmest,
487 5382 554 5447 etc,
586 5392 675 5448 usquc
706 5375 744 5432 ad
770 5376 832 5433 brec
853 5391 921 5432 vero
974 5391 1044 5431 naso
1059 5379 1111 5446 est,
1131 5374 1182 5448 qui
1204 5374 1239 5430 ed
1275 5373 1432 5430 tenendum
1461 5390 1625 5430 mensuram
1650 5372 1831 5430 discretionis

68 5475 163 5529 nacta
176 5473 245 5527 sunt
260 5469 441 5526 indumenta.
974 5464 1095 5520 idoneus
1109 5479 1167 5520 non
1183 5466 1249 5520 est:
1273 5478 1344 5519 naso
1371 5462 1450 5521 euim
1477 5463 1581 5521 odores
1600 5463 1763 5536 fetoresque
1772 5461 1829 5518 die·

99 5562 183 5619 vm.
215 5563 259 5616 tl.
293 5586 328 5600 -
350 5557 398 5614 ,td
421 5571 526 5616 manem
564 5559 713 5625 mortuum,
728 5558 783 5613 etc.
811 5552 921 5628 usim.)
974 5552 1129 5611 cernimus.
1153 5552 1245 5611 Nasus
1273 5550 1431 5625 mdical
1455 5555 1561 5622 tortus,
1585 5554 1630 5608 est
1650 5549 1830 5608 &maioma
