3892 6106
97 282 147 334 tat
673 285 799 342 GLOSSA
817 287 1019 345 oltulttatttt.
1041 319 1074 328 -
1095 289 1160 345 utu.
1181 287 1282 344 Exeo.
1801 292 1855 346 182

97 402 213 474 seniat3
229 408 259 460 ct
282 420 348 460 oum
369 407 447 461 tauto
472 405 574 462 timore
597 406 751 463 famulatus
780 408 861 464 omui
879 409 986 467 harah
1005 408 1355 467 animusdivinanominis
1367 408 1508 465 memoria
1521 412 1688 480 sempcrest
1700 388 1852 482 praeditus,

97 507 164 546 cum
179 493 460 559 Deosuoamhulat,
478 498 618 567 quantum
634 495 950 570 aliusvixmoriturus‚
1005 503 1071 572 apta
1095 498 1301 571 subjungitur:
1336 496 1393 553 Erit
1423 501 1520 554 autem
1546 497 1654 554 lamina
1681 513 1796 571 semper
1823 499 1853 555 iu

98 584 125 635 ct
136 580 175 636 ad
192 581 337 653 judicium
353 583 486 638 ultimum
501 583 683 655 ingressurus
693 585 799 641 habore
814 586 950 657 sufficiat3
1005 589 1101 645 fronte
1112 589 1184 661 ejus,
1195 591 1250 644 etc.

98 669 147 724 sed
167 668 240 742 quia
264 674 325 725 tota
351 670 488 741 pericclio
518 671 671 728 sacerdotis
702 671 731 728 iu
760 674 895 746 operibus
923 680 951 732 et
1039 677 1405 744 salamantinam.
1421 676 1572 745 (Bru.,ubi
1594 689 1690 746 supra,
1715 689 1779 746 cap.
1811 675 1852 747 8).

97 758 233 814 doctrina
256 758 382 815 veritatis
406 758 546 830 consistit,
569 761 728 817 secundum
746 761 841 819 illud:
866 764 951 836 Capit
1004 765 1033 822 Si
1048 765 1155 822 lamina
1167 766 1282 821 nomine
1302 764 1353 821 Ilei
1368 763 1474 836 scripta
1484 779 1599 835 semper
1614 761 1700 820 tuerit
1715 763 1745 819 in
1761 762 1854 820 fronte

97 848 174 901 lesus
198 847 292 914 facere
318 851 343 902 rt
366 847 458 903 docere
484 849 555 907 (Act.
578 849 608 919 1),
638 853 714 906 recte
741 851 948 924 subiungitur:
1005 857 1111 921 Aaron,
1127 861 1193 924 etc,
1208 853 1341 925 maseati
1357 852 1515 925 promereri
1531 852 1676 908 festinant.

99 935 232 990 Deorsum
249 949 312 991 oaro
330 935 368 990 ad
384 935 467 1006 pedes
482 936 602 1006 ejusdam
617 938 714 994 tunica
728 938 827 1002 (Eroti.
843 942 949 1009 xxviii).
1040 945 1120 998 Vsus.
1138 944 1181 999 311.
1197 972 1231 984 -
1247 943 1421 1013 Strinpcsquc
1434 943 1563 997 tunicam.
1580 940 1644 1013 (ln,
1658 940 1741 1012 itta.)
1759 941 1852 1006 Quare

132 1033 229 1089 uocas
252 1036 279 1089 et
305 1035 434 1099 tunicam
460 1039 514 1090 etc.
541 1034 636 1106 (Baua,
662 1039 693 1091 nt
711 1036 818 1107 supra.)
844 1038 952 1094 Tunica
1005 1031 1080 1088 linea
1094 1030 1169 1087 dicta
1184 1031 1220 1086 sit
1240 1030 1347 1099 stricta,
1376 1032 1442 1099 etc,
1464 1043 1549 1100 usque
1567 1029 1605 1084 ad
1628 1044 1694 1084 cum
1723 1027 1850 1083 dicitur:

99 1120 348 1191 superhumeralis
362 1121 476 1192 dieitur,
489 1129 555 1190 cto,
570 1138 656 1194 osque
670 1124 734 1179 ada
753 1125 845 1197 capite
860 1142 952 1199 usqua
1005 1124 1040 1178 Et
1060 1123 1160 1177 tiaram
1173 1119 1312 1189 byssinam
1327 1119 1421 1186 facies,
1433 1122 1490 1174 etc.

99 1208 133 1264 ad
148 1210 240 1281 podas
259 1209 352 1281 gratia
366 1210 503 1266 virtutum
520 1215 648 1267 contecta
662 1229 723 1268 esse
739 1213 851 1270 debera.
1042 1211 1128 1277 (llam,
1144 1207 1223 1278 ibid.)
1240 1206 1368 1273 Qualiter
1379 1207 1439 1262 haec
1455 1206 1589 1273 fecissit,
1614 1210 1679 1273 ete,
1706 1219 1791 1277 usque
1813 1205 1851 1261 ad

135 1296 220 1352 l‘nns.
251 1301 296 1354 33.
325 1327 360 1337 -
386 1301 513 1354 Deorsom
539 1315 611 1366 arro,
642 1306 695 1355 etc.
714 1299 824 1371 (Gaea,
861 1303 910 1358 lib.
943 1322 951 1359 ι
1006 1297 1184 1353 auditoribus
1202 1294 1623 1369 asperumreddateldurum.

99 1387 216 1453 lteotst„
242 1401 267 1440 c.
290 1384 346 1455 29.)
369 1385 441 1442 Cum
467 1390 561 1442 rector
584 1403 614 1443 sc
636 1387 861 1461 adloquendum
877 1407 951 1462 praa·
1040 1387 1081 1443 Et
1097 1388 1208 1452 tiaram,
1234 1391 1285 1442 etc.
1313 1385 1375 1458 (lo,
1397 1384 1479 1457 ibid.)
1501 1382 1584 1439 Tiara
1608 1398 1673 1455 qua
1695 1381 1799 1438 cidaris
1824 1385 1854 1439 et

99 1477 191 1545 parat,
216 1478 284 1542 eto,
311 1489 396 1545 usqua
417 1473 455 1530 ad
478 1474 616 1532 unitatem
631 1474 700 1533 lldoi
723 1479 950 1536 cautaobserra·
1005 1475 1090 1531 mitra
1104 1480 1232 1544 uocatur,
1248 1477 1320 1546 etc.‚
1336 1489 1420 1545 usqua
1434 1472 1472 1527 ad
1491 1470 1593 1527 timore
1617 1470 1667 1526 llei
1690 1469 1851 1543 perliceret.

98 1561 177 1618 tione
197 1562 331 1618 teneatis.
1041 1562 1106 1635 (lu.)
1122 1562 1282 1618 Dciactura
1306 1561 1404 1630 baltei,
1432 1566 1499 1632 eto,
1526 1575 1611 1631 usqne
1634 1559 1672 1615 ad
1698 1563 1727 1615 et
1751 1562 1854 1615 cratera

133 1650 234 1722 (haus,
262 1654 293 1706 at
315 1651 422 1722 scipsa.)
439 1652 577 1707 Dcorsum
592 1653 628 1709 ad
643 1653 731 1725 pedes
755 1655 860 1712 tunica
878 1658 951 1714 tlunt
1005 1649 1185 1719 indumenta
1202 1665 1268 1706 cum
1284 1648 1387 1705 diffini
1404 1666 1411 1705 ²

99 1742 161 1804 etc..
177 1753 266 1808 usqae
278 1737 315 1793 ad
327 1737 450 1794 discreto
461 1740 600 1795 sermonis
616 1742 711 1797 sonitu
721 1742 854 1815 produnt.
1042 1739 1124 1794 Vnus.
1141 1738 1186 1793 to.
1202 1767 1237 1779 -
1250 1739 1333 1794 Porro
1346 1737 1412 1807 titiis
1433 1737 1528 1792 Aaron
1552 1737 1659 1791 tunicas
1679 1736 1794 1805 parabis
1818 1735 1852 1790 lt·

131 1826 200 1898 (lo.)
217 1828 372 1882 Possumus
392 1826 424 1882 in
445 1827 620 1884 duodenario
644 1847 826 1902 gemmarum
849 1833 951 1904 fratio-
1005 1842 1079 1897 treas,
1099 1831 1152 1881 etc.
1169 1825 1264 1898 (itta.)
1283 1824 1437 1880 Dicendum
1455 1827 1497 1878 est
1511 1827 1608 1877 atatam
1627 1822 1663 1877 de
1679 1822 1772 1878 balteo
1784 1836 1854 1893 pon·

98 1913 172 1968 uelis
197 1914 372 1987 intelligere,
397 1921 463 1986 etc,
489 1931 574 1988 usqua
596 1918 688 1974 adita
708 1920 809 1976 nodam
825 1937 901 1977 anno
923 1925 953 1979 et
1006 1912 1099 1982 titlcis,
1128 1916 1194 1979 ata,
1219 1926 1304 1981 usque
1330 1910 1368 1965 ad
1395 1915 1423 1966 ct
1450 1909 1521 1964 fides
1550 1908 1719 1965 cinctorium
1750 1922 1853 1963 renum

99 2002 187 2059 David
212 2003 305 2060 dicit:
332 2003 472 2060 Boudicca
495 2020 598 2063 coroner
635 2010 702 2062 unni
724 2007 876 2078 tentavistis
900 2014 952 2067 tua
1005 1999 1067 2071 ⁹l¹¹⁸
1140 2013 1145 2023 '

100 2090 280 2161 (Pratum).
1043 2089 1161 2144 Tunicas
1177 2085 1303 2158 parabis,
1331 2090 1383 2140 etc.
1409 2085 1471 2156 tio..
1494 2083 1577 2155 ibid.)
1600 2082 1721 2138 Tunicas
1744 2082 1853 2138 habant

132 2180 197 2253 (ln.)
223 2181 272 2236 Vel
292 2180 364 2236 siout
383 2197 471 2252 supra
484 2181 592 2239 dietum
612 2187 664 2252 aar,
677 2188 744 2253 aaa„
760 2201 846 2256 usque
868 2186 906 2241 aa
920 2185 951 2241 in
1005 2175 1165 2231 sacerdotes
1185 2175 1285 2242 linars,
1310 2177 1383 2242 oto..
1409 2188 1493 2244 usquc
1514 2172 1553 2227 ad
1577 2176 1605 2227 ct
1624 2172 1743 2227 olfactus
1765 2171 1852 2243 digne

99 2269 245 2324 variarum
261 2267 413 2340 splendore
428 2270 576 2326 virtulum.
1006 2265 1064 2319 llro
1080 2263 1283 2319 custodiantur.

135 2357 220 2412 tans.
235 2358 281 2412 aa.
298 2388 331 2397 -
354 2359 387 2413 at
401 2357 545 2425 corrasor,
568 2363 620 2414 ete.
650 2361 761 2431 (anna,
786 2362 834 2417 aar
854 2376 949 2433 sapt-a.
1041 2354 1121 2408 Vsus·
1137 2353 1181 2410 tt.
1198 2381 1233 2394 -
1252 2353 1406 2421 vestiesque
1419 2351 1472 2417 ass,
1488 2353 1542 2405 asc.
1559 2350 1622 2418 (lu,
1638 2348 1719 2416 aa,
1734 2361 1798 2418 cap.
1813 2346 1851 2417 o.)

99 2444 237 2500 Sacerdos
260 2445 425 2517 ingrediens
449 2446 492 2501 val
518 2447 694 2518 regrediens,
722 2454 787 2519 eta„
808 2465 893 2521 usque
914 2451 952 2507 aa
1005 2440 1145 2497 Omnibus
1159 2440 1204 2496 his
1219 2440 1382 2496 vestiendus
1397 2441 1458 2494 erat
1471 2440 1565 2493 Aaron
1581 2442 1610 2492 at
1624 2435 1676 2492 tilii
1700 2435 1773 2508 ejus,
1802 2433 1851 2490 sad

101 2535 161 2605 ipsa
175 2549 294 2605 quoque
309 2549 395 2604 epora
410 2534 564 2589 sacerdotis
579 2535 715 2593 clament.
1003 2529 1147 2596 distincte,
1177 2532 1209 2584 ut
1238 2528 1299 2601 ipse
1326 2527 1443 2600 quidem
1469 2526 1602 2582 omnihus
1627 2523 1673 2580 his
1704 2526 1850 2593 uteretur3

133 2621 233 2692 (Bra,
254 2621 417 2694 abisupta.)
433 2622 512 2688 Quod
527 2621 550 2678 si
565 2623 681 2697 Iosophi
697 2625 789 2682 serbis
803 2626 951 2684 inlaudata
1005 2618 1057 2672 tilii
1071 2621 1167 2673 atatem
1183 2617 1291 2672 ultimis
1305 2617 1406 2686 tribas,
1431 2631 1496 2688 quta
1520 2615 1561 2670 eis
1584 2613 1699 2685 proprie
1727 2611 1851 2682 ascripta

100 2710 244 2779 nolumus,
260 2714 326 2778 etc,
340 2726 425 2781 taque
441 2711 479 2768 ad
493 2711 626 2784 quadrati
641 2714 719 2769 orbis
733 2715 862 2788 partibus
878 2733 950 2789 prae.
1005 2711 1083 2776 sunt,
1100 2705 1285 2762 cum-dicitur
1303 2723 1309 2761 :
1327 2708 1408 2762 Porro
1419 2706 1486 2774 pitis
1502 2704 1597 2759 Aaron
1614 2701 1725 2758 tunicas
1735 2699 1850 2772 parabis

101 2798 257 2853 dicaretur.
1006 2797 1099 2861 tincas,
1117 2800 1170 2851 clo.

132 2887 859 2963 Vsns.3tl.-llurirsatlaminam‚ato.(ln.‚ibid.‚
876 2894 949 2966 at.)
1040 2884 1103 2956 (ln.)
1124 2882 1279 2938 Feminalia
1299 2898 1364 2956 quae
1384 2882 1419 2937 ad
1447 2879 1631 2951 operiendum
1655 2877 1781 2949 corporis
1804 2877 1848 2931 vel

101 2973 220 3029 tanim
233 2989 323 3030 aurea
336 2975 368 3030 in
382 2975 476 3031 fronte
490 2977 645 3047 pontificis,
670 2988 736 3050 etc„
752 2997 836 3052 usque
857 2981 895 3037 aa
919 2973 983 3036 uic
1002 2971 1096 3026 caruis
1110 2970 1318 3041 turpitudinem
1333 2970 1415 3035 ilum,
1433 2973 1497 3035 otc,
1508 2983 1594 3039 usqua
1606 2964 1847 3031 adtaminalibns‚

99 3062 231 3117 eamdem
245 3062 435 3119 resurrexisse
448 3063 598 3122 fateamur.
1002 3061 1109 3115 scilicet
1124 3060 1193 3114 linea
1211 3059 1316 3127 stricta,
1330 3059 1457 3130 cingulo,
1473 3061 1503 3112 et
1517 3056 1598 3113 tiara.

132 3151 474 3223 &nasammonas
495 3153 563 3225 (lo.)
590 3154 670 3220 Quod
689 3155 720 3211 iu
736 3156 842 3212 lamina
857 3156 949 3230 sculpi
1316 3200 1429 3259 CAPUT
1446 3201 1524 3257 mx

95 3239 223 3310 jubetur,
254 3243 320 3310 etc,
347 3255 432 3311 usque
457 3241 496 3296 ad
521 3257 609 3314 quam
635 3244 779 3315 repararit
807 3261 858 3301 sua
883 3261 947 3317 pas·
1527 3241 1533 3256 ‘

98 3327 188 3383 sione.
1039 3330 1119 3385 vans.
1143 3332 1165 3382 1.
1187 3358 1217 3368 -
1234 3326 1286 3385 Sed
1299 3330 1324 3382 ct
1339 3325 1387 3382 ltoc
1401 3327 1561 3394 facioaetc.
1573 3323 1670 3396 (Bana,
1685 3322 1848 3392 abisapral

130 3416 199 3489 (ln.)
225 3413 362 3471 Sanctum
393 3415 506 3471 llomiui
533 3433 603 3473 auro
629 3418 773 3490 sculptum
802 3419 831 3475 iu
856 3419 948 3479 fronte
1004 3420 1144 3473 hactenus
1159 3418 1253 3472 Aaron
1270 3418 1299 3471 et
1311 3414 1439 3471 illiorum
1454 3414 1515 3485 ojus
1535 3412 1651 3468 habitus
1674 3411 1767 3484 qualis
1787 3426 1849 3467 esse

98 3507 258 3572 portamus,
279 3506 343 3571 etc,
360 3518 447 3574 usque
466 3504 504 3559 ad
522 3505 573 3578 qui
587 3506 720 3562 omuibus
734 3507 842 3564 debent
857 3525 949 3565 exem-
1002 3507 1113 3573 dobant,
1131 3510 1196 3574 otc,
1210 3519 1294 3575 aspar
1306 3503 1343 3558 ad
1357 3503 1478 3574 ligurata
1499 3501 1704 3557 demonstrant.

97 3591 177 3663 plum
190 3591 306 3648 virtutis
323 3592 485 3648 ostendere.
1040 3595 1111 3650 Tolle
1129 3594 1253 3650 uitulum.
1278 3591 1400 3662 (Sanan.)
1425 3589 1561 3663 Quisquis
1585 3589 1712 3663 pontifex
1733 3589 1777 3645 val
1802 3604 1850 3643 sa-

131 3681 217 3736 vna.
234 3683 279 3738 37.
294 3711 328 3721 -
343 3680 508 3752 Ltpubtsque
518 3696 586 3737 aum.
605 3680 721 3754 ligatur
745 3684 861 3754 lamina,
877 3689 948 3758 'qna
1002 3683 1103 3738 cardos
1117 3688 1232 3738 tatarum
1243 3681 1327 3737 dabat
1341 3679 1454 3767 ollorrc,
1465 3679 1495 3734 id
1507 3682 1558 3746 ast,
1570 3677 1734 3751 passionem
1745 3676 1850 3734 Christi

98 3772 228 3823 sanctum
258 3767 374 3823 homiui
399 3767 536 3837 eontinet,
566 3767 624 3825 vita
662 3770 847 3842 hyacinthina
882 3790 949 3829 clim
1002 3771 1123 3828 tirmiter
1136 3770 1252 3825 credere
1266 3773 1294 3823 et
1308 3766 1434 3835 imitari;
1451 3771 1479 3822 et
1503 3767 1575 3822 duos
1596 3765 1766 3834 arietes‚·ut
1788 3781 1850 3821 cre·

97 3855 168 3911 tiara
197 3855 352 3928 pontilicis,
381 3870 446 3910 cum
479 3873 529 3927 spe
557 3858 714 3916 roelestium
751 3861 947 3933 praemiorum,
1003 3861 1051 3917 dat
1066 3859 1200 3915 eumdem
1214 3857 1356 3913 Christum
1371 3871 1536 3928 excorporc
1551 3856 1848 3920 otanimaconstare;

97 3958 181 4014 qaam
198 3943 370 4014 hyacinthus
385 3943 536 4015 significat,
553 3944 584 4000 in
608 3946 664 4002 tide
689 3949 894 4020 contortamur‚
919 3953 949 4007 et
1002 3952 1031 4004 et
1046 3963 1134 4020 panes
1158 3961 1284 4019 azymos,
1309 3944 1337 3999 id
1358 3950 1410 4013 est,
1438 3941 1610 3998 munditiam
1630 3941 1714 4011 vitae3
1733 3945 1763 3997 et
1783 3942 1847 3997 oleo

96 4031 250 4087 marchas
263 4037 440 4087 sacramenta
460 4037 568 4089 nostras
582 4034 800 4108 redemptionis,
816 4040 860 4094 vel
874 4037 947 4094 ima·
1001 4051 1177 4108 conspersos,
1203 4038 1235 4089 ut
1261 4032 1336 4088 inter
1361 4046 1460 4086 omncs
1489 4030 1607 4085 virtutes
1635 4045 1695 4084 non
1719 4029 1849 4102 negligat

96 4119 192 4191 mem
220 4135 255 4175 aa
277 4119 495 4176 similitudinem
517 4121 675 4178 conditoris
698 4140 730 4180 ac
759 4125 948 4199 redemptoris
1002 4142 1088 4198 opera
1104 4121 1308 4180 misericordias
1327 4120 1381 4190 ret,
1398 4135 1539 4187 nouase,
1555 4119 1727 4175 sodadouo
1747 4119 1848 4190 gratita

98 4207 185 4264 nostri
212 4207 416 4265 intemeratam
444 4225 600 4280 servamus,
625 4227 682 4284 qao
719 4213 831 4268 nullum
869 4214 948 4271 aliud
959 4258 982 4313 D
1001 4214 1139 4270 secrednt
1154 4212 1267 4267 habere.

96 4312 152 4352 esse
182 4296 285 4352 salutis
322 4297 378 4354 iter
402 4298 597 4370 cognorimus.
628 4301 667 4355 lle
695 4300 766 4356 tiara
790 4317 843 4359 suo
883 4303 945 4359 loco
1038 4305 1119 4359 Vana.
1135 4305 1161 4357 2.
1177 4303 1262 4357 -at
1274 4299 1432 4355 crustulam.
1458 4298 1555 4368 theos,
1578 4297 1627 4353 abt
1645 4295 1753 4369 supra.)
1777 4296 1848 4352 Cru-

96 4384 216 4441 diretur.
1001 4393 1103 4447 stulam
1120 4392 1183 4445 oleo
1198 4403 1379 4461 conspersam
1393 4387 1428 4441 ad
1451 4386 1697 4443 consecrationem
1720 4390 1847 4442 nostram

126 4475 209 4530 Vens.
244 4473 289 4529 38.
317 4503 352 4515 -
379 4474 557 4545 Portabc'tque
580 4476 684 4533 Aaron.
714 4479 811 4534 Portat
840 4479 947 4536 scilicet
1002 4480 1121 4536 llomiuo
1144 4477 1302 4546 offerimus,
1330 4492 1395 4531 cum
1420 4475 1528 4546 omnia,
1553 4491 1618 4548 quas
1642 4475 1772 4544 facimus,
1796 4489 1848 4547 per

96 4562 225 4620 sacerdos
244 4561 411 4635 iniquitates
434 4563 464 4619 ln
487 4564 652 4621 munoribus
676 4570 704 4622 ct
725 4567 853 4624 donariis
881 4586 946 4641 quta
1001 4569 1144 4625 internam
1160 4567 1283 4640 Spiritus
1298 4565 1420 4639 gratiam
1436 4564 1580 4637 infcordis
1604 4563 1755 4620 devotione
1775 4562 1847 4635 pin-

95 4651 409 4722 ahtuleruntllomino,
431 4658 460 4709 et
482 4653 730 4712 sanctificaverunt
754 4656 806 4712 lilii
837 4658 945 4715 lsrael:
1000 4661 1150 4729 guasconi.
1181 4656 1291 4727 hagano
1320 4654 1384 4708 oleo
1411 4652 1472 4722 lita,
1500 4668 1566 4708 cum
1593 4651 1661 4708 toris
1688 4651 1847 4724 spiritualia

94 4755 154 4796 cum
175 4755 232 4814 pro
247 4739 388 4795 fructibus
402 4740 496 4813 dignas
511 4741 701 4814 plaudentia,
716 4743 744 4801 id
759 4749 802 4801 ast
817 4746 946 4801 eleemo·
1000 4762 1071 4812 essa,
1092 4761 1157 4817 qtrae
1172 4746 1291 4817 agimus,
1309 4740 1507 4797 indubitanter
1520 4740 1550 4796 in
1561 4740 1722 4811 exemptum
1732 4739 1846 4794 vivendi

94 4829 180 4900 spuis,
207 4828 378 4900 caeterisque
406 4829 541 4902 operibus
575 4831 697 4903 justitias
736 4848 801 4905 quae
837 4834 947 4892 iaciunt
1000 4833 1198 4900 ostendimus3
1215 4832 1318 4905 quibos
1333 4830 1524 4886 oblationibus
1549 4828 1725 4884 consecratio
1750 4831 1846 4884 nostra

93 4916 277 4989 paenitentes,
293 4933 310 4971 a
325 4921 405 4973 reatu
424 4916 563 4974 scelerum
585 4918 714 4975 absolvit.
740 4922 806 4978 llaec
828 4922 946 4995 quidem
1001 4923 1155 4995 perficitur,
1171 4922 1241 4978 dum
1256 4936 1308 4993 per
1321 4919 1396 4976 bone
1410 4934 1499 4990 opera
1511 4922 1540 4973 et
1557 4916 1744 4990 cogitationes
1757 4916 1845 4988 puras

93 5003 128 5061 ila
140 5005 275 5079 geneum
290 5005 434 5062 institutio
453 5005 549 5062 diviua
564 5006 594 5062 iu
604 5007 705 5063 habitu
719 5009 863 5079 pontitlcis
872 5009 946 5083 llgu-
1000 5011 1135 5066 meritum
1156 5009 1237 5065 uobis
1269 5006 1475 5076 sanctimoniae,
1501 5008 1559 5063 Deo
1583 5006 1717 5070 donante,
1742 5006 1845 5081 acqui-

93 5095 161 5150 rarit
177 5097 208 5150 al
221 5092 319 5150 verbis
331 5093 481 5150 manitasta
497 5094 603 5151 docuit.
621 5096 697 5152 Proh
714 5097 811 5154 dolori
836 5104 943 5167 autem,
1001 5102 1100 5156 rimus.

92 5182 209 5255 qnidam
224 5181 347 5239 donaria
362 5182 515 5254 accipiunt,
529 5183 588 5239 imo
602 5184 731 5257 exigunt,
752 5190 780 5241 et
807 5185 945 5259 iniquita·
1035 5190 1152 5258 Cumque
1166 5186 1265 5241 tanais
1278 5188 1394 5255 patrem,
1411 5186 1464 5237 etc.
1492 5182 1553 5256 (lo.)
1580 5182 1660 5237 Prius
1687 5183 1775 5238 lavari
1797 5185 1844 5256 ju·

94 5278 130 5327 tas
143 5270 322 5345 populinou
337 5275 485 5342 asportant
500 5286 551 5327 neo
566 5273 714 5345 castigant,
739 5290 805 5331 cum
832 5275 869 5330 ob
891 5276 945 5331 hoe
999 5278 1111 5344 bantur,
1127 5273 1340 5332 deindaornari
1361 5271 1497 5339 vestibus,
1520 5271 1588 5344 quia
1609 5271 1774 5344 quicunque
1800 5287 1845 5326 sa·

93 5360 183 5418 solum
217 5359 346 5417 debeant
381 5375 495 5415 sumere
524 5359 659 5430 carnalia,
688 5362 757 5436 quia
780 5363 946 5420 ministrant
984 5366 1119 5439 ¹cordolii
1129 5365 1254 5422 officium
1264 5365 1393 5434 assumit,
1406 5363 1482 5419 unda
1492 5364 1683 5436 lacrymarum
1693 5361 1845 5418 seabluere

93 5449 263 5521 spiritualia.
289 5448 345 5505 Sed
370 5448 440 5521 quie
460 5464 512 5521 pro
534 5449 654 5506 subditis
677 5455 771 5523 potest
794 5451 946 5509 efficaciter
999 5455 1094 5521 dehet,
1110 5454 1189 5510 ulad
1210 5451 1401 5509 ministerium
1426 5451 1554 5507 divinum
1581 5450 1685 5524 diguus
1711 5447 1845 5525 approxi-

93 5536 232 5608 laborare,
252 5537 423 5611 praedicare,
463 5546 491 5594 et
518 5537 639 5594 Domino
668 5539 831 5613 supplicare
862 5542 943 5614 cujus
999 5546 1067 5597 met.
