3892 6106
94 227 128 282 29
853 221 1122 283 tuoteeottttnt.
1819 235 1855 289 :to

91 360 155 401 sum
173 344 368 416 anagogicum
396 342 538 416 significat
575 340 725 400 Ecclesiam
761 342 939 414 triumpbau·
958 349 983 406 Α
1003 365 1017 396 «
1036 344 1204 414 Scripturas,
1222 344 1251 401 in
1274 345 1378 418 quihus
1401 346 1506 417 putatis
1530 362 1579 402 ros
1600 346 1690 405 vitam
1712 355 1850 409 eternam

92 420 160 480 tem,
194 414 357 471 secuudum
389 414 470 487 quod
502 413 606 471 dicitnr
631 413 795 471 Galatarum
825 419 947 488 quarto:
1005 415 1154 470 «babere.
1172 435 1185 467 s
1204 416 1536 489 Circaquodsoiendnm
1555 420 1701 501 qnodhoc
1719 423 1851 488 verbum,

94 509 105 536 ι
137 487 188 542 illa
206 502 274 557 qum
297 501 413 541 sursum
434 491 477 541 est
497 485 663 565 Jerusalem,
692 492 738 541 sat
760 485 862 549 libera,
884 501 949 557 quae
1002 490 1119 556 putatis,
1140 489 1218 567 quod
1241 488 1379 558 importat
1403 489 1467 545 lalsi
1490 491 1729 559 opinionemve
1748 494 1850 550 saltam

94 578 108 609 ι
128 565 172 612 est
187 563 280 612 mater
295 562 406 626 nostra,
422 575 435 607 a
454 556 568 611 Etsicnt
583 562 709 627 posttnm
729 561 772 611 est
785 557 949 624 exemplum
1004 558 1064 611 veri
1091 557 1310 626 damnationem,
1339 575 1395 613 non
1421 560 1543 614 refertur
1565 562 1599 615 ad
1624 561 1717 632 ipsam
1742 579 1852 619 sacram

93 630 123 683 in
137 644 196 681 nna
209 628 348 693 dictione,
359 627 401 682 ita
425 633 518 699 posset
536 627 604 699 poni
623 626 653 683 in
676 642 736 682 nna
760 627 904 681 orations:
922 631 950 682 et
1003 628 1188 698 Scripturam,
1216 645 1281 698 quse
1306 630 1416 684 nullum
1439 631 1541 686 laisum
1565 633 1703 697 continet,
1726 638 1854 703 utpotet

95 699 290 764 sicutinuoa,
314 700 355 753 ita
366 704 394 752 at
409 697 439 753 io
464 698 537 753 aliis.
564 698 654 770 igitur
677 698 711 753 da
730 697 784 752 isto
808 698 881 752 libro
895 698 949 753 snb
1003 714 1035 752 ax
1050 699 1241 769 snpratlictis;
1266 715 1318 754 nec
1341 705 1384 754 est
1407 701 1493 755 etiam
1517 702 1649 770 dubium,
1671 702 1741 775 quin
1758 704 1792 757 ad
1810 706 1852 760 vi·

96 786 154 824 una
180 770 278 824 littera
301 767 469 824 continente
494 770 589 840 plnres
610 784 720 833 sensns,
745 768 851 824 dieitur
879 768 949 823 Eze-
1004 775 1063 823 tum
1077 771 1211 839 perducat
1222 769 1346 834 beatam,
1360 787 1426 825 cum
1442 772 1478 826 sit
1501 773 1646 844 quoddam
1672 774 1853 829 iustrumen-

96 841 197 895 chialis
212 841 357 894 secundo:
376 840 470 894 «Ecce
487 838 689 894 ntanusmissa
707 839 743 893 ad
760 854 816 905 me,
841 839 872 892 in
892 855 949 912 qua
1003 844 1065 893 tum
1091 840 1275 910 perveniendi
1298 840 1333 895 ad
1361 849 1499 897 aternum
1523 843 1701 906 felicitatem.
1728 850 1759 899 ut
1775 850 1854 915 patet

100 933 110 960 ι
133 911 455 969 eratinvolutnsliber.
473 915 501 964 et
522 909 657 981 expandit
675 909 759 964 illum
780 925 877 965 eoram
892 926 949 978 tne,
1003 927 1035 963 ex
1064 909 1157 964 verbis
1183 911 1257 965 beati
1286 912 1439 982 Augustini
1467 914 1599 982 superius
1632 915 1776 970 inductis:
1802 915 1851 971 sed

99 983 264 1062 «quierat
297 982 418 1063 scriptus
438 981 515 1035 intus
540 987 569 1035 at
598 980 750 1061 loriaslit
764 981 949 1052 Apocalypsis
1003 981 1126 1035 retertur
1153 981 1188 1036 ad
1226 982 1404 1053 legisperitos
1441 983 1616 1055 Scriptorum
1646 1001 1755 1040 sacram
1778 987 1854 1041 male

99 1050 950 1192 :latit·tltltt?sitit?Atl‘flttttt'nlttttt
1003 1057 1243 1193 {statuant
1264 1056 1505 1179 tttntttttt
1523 1061 1853 1195 ttttltfutlatttl?

97 1201 141 1248 est
161 1210 265 1247 sensns
291 1192 434 1258 litteralis,
487 1191 517 1247 ui
548 1196 592 1246 est
622 1192 774 1263 patentior,
804 1193 873 1263 quia
899 1208 949 1264 per
1003 1209 1068 1264 qliae
1092 1199 1134 1247 est
1159 1194 1223 1248 linis
1238 1194 1324 1263 hujus
1345 1195 1481 1261 scientia,
1507 1197 1853 1267 quamsinedubiocou·

98 1280 181 1317 ruces
201 1265 369 1318 immediate
392 1208 589 1334 signifficatnr:
614 1262 755 1331 scriptura
786 1269 883 1318 autem
907 1263 949 1318 in·
1003 1269 1316 1334 sequuntureamsane
1328 1265 1529 1335 intelligentes,
1542 1266 1737 1322 etsecundum
1749 1284 1852 1324 sunum

97 1334 186 1389 terior
210 1340 255 1389 est
279 1350 380 1388 sensus
401 1334 547 1404 mysticus,
572 1333 615 1387 vel
643 1332 810 1404 spiritualia,
833 1334 882 1405 qni
907 1337 948 1388 est
1003 1334 1093 1406 ipsius
1117 1334 1294 1390 intellectum
1317 1337 1363 1416 pis
1386 1336 1522 1398 virentes.
1545 1337 1704 1392 secundnm
1741 1338 1795 1393 uod
1811 1339 1853 1393 di·

98 1406 245 1471 latentiur,
262 1405 330 1475 quia
345 1421 397 1477 per
420 1421 465 1459 res
478 1403 651 1475 significatas
674 1404 792 1458 vocibus
815 1403 947 1476 designa·
1002 1407 1076 1459 citur
1096 1406 1280 1459 Ecclesiastici
1300 1407 1436 1476 vigesimo
1461 1411 1584 1479 quarto:
1602 1407 1683 1472 «Qui
1709 1354 1854 1463 sincidunt

97 1484 153 1535 tur.
172 1481 206 1529 nt
216 1476 386 1546 praedictum
401 1481 453 1528 est.
472 1476 503 1529 Et
517 1474 557 1528 sic
575 1478 653 1545 patet
667 1475 795 1529 tertium.
1006 1495 1019 1526 s
1042 1492 1098 1537 me,
1115 1478 1201 1530 vitant
1213 1484 1349 1531 aternam
1367 1477 1554 1531 habebuntur
1573 1478 1735 1532 Elncidatur
1755 1486 1854 1534 antem

133 1547 215 1601 Circa
231 1554 378 1617 qttartum,
395 1546 425 1600 in
448 1560 506 1616 qno
529 1550 644 1599 notatur
666 1545 791 1600 alticacia
805 1543 946 1612 salutaris,
1003 1562 1081 1599 sacra
1097 1546 1244 1626 Scriptura
1258 1549 1288 1601 io
1304 1563 1370 1601 rara
1382 1547 1472 1619 ipsius
1482 1548 1670 1618 expositione,
1691 1554 1719 1603 at
1738 1549 1766 1604 in
1787 1564 1851 1604 san·

97 1633 163 1672 cum
186 1616 304 1683 dicitur,
330 1620 403 1685 uita,
426 1616 669 1670 considerandum
691 1616 780 1685 quod,
807 1617 880 1670 sicut
903 1614 947 1669 di·
1002 1622 1243 1688 ctaoperattona;
1259 1618 1399 1690 quiahtec
1423 1618 1579 1686 Scriptura,
1604 1623 1741 1700 tanquam
1757 1621 1853 1675 omui·

98 1695 176 1743 otum
193 1694 236 1741 est
251 1705 268 1742 a
283 1687 438 1758 principio,
455 1688 533 1741 nulla
555 1685 612 1740 alia
633 1685 786 1757 scriptura,
811 1686 865 1741 nisi
883 1685 945 1754 ista,
964 1671 983 1728 Β
1002 1688 1055 1742 bns
1078 1687 1261 1754 eminentior,
1272 1689 1400 1743 continet
1425 1689 1613 1759 perfectiones
1636 1690 1763 1744 scientias
1784 1703 1852 1760 pra·

97 1759 175 1814 ducit
192 1759 360 1814 immediata
374 1759 409 1814 ad
427 1758 514 1812 sitam
533 1757 646 1812 beatam
662 1773 727 1828 qnae
745 1758 805 1813 sola
825 1761 868 1812 est
891 1757 950 1811 rita
1002 1758 1082 1812 eticae
1097 1764 1126 1813 et
1140 1758 1336 1829 speculatiroe;
1353 1764 1382 1813 et
1405 1760 1444 1814 sic
1459 1775 1512 1829 per
1533 1759 1592 1814 seri
1615 1759 1810 1832 cognitionem
1825 1765 1854 1816 et

97 1830 279 1902 simpliciter,
295 1828 364 1955 apula
379 1833 502 1884 mortem
514 1827 613 1883 nescit.
632 1828 699 1883 ideo
715 1828 851 1892 Salvator,
862 1827 948 1882 loan·
1003 1829 1072 1884 bnni
1087 1829 1282 1900 operationem
1302 1830 1431 1900 perducit
1454 1830 1488 1884 ad
1512 1830 1600 1885 sitam
1616 1831 1742 1901 beatam,
1766 1846 1854 1905 qoam

96 1901 141 1956 nis
167 1900 281 1972 quinto,
360 1915 432 1955 naus
455 1900 491 1954 da
519 1898 748 1972 elticaciahujos
767 1915 854 1953 sacrae
879 1898 950 1954 Scri·
1004 1900 1233 1955 nubisconeedat
1246 1901 1297 1972 qiti
1311 1900 1373 1956 sine
1387 1900 1523 1957 linerivit
1537 1906 1565 1956 et
1580 1907 1693 1974 regnat.

95 1980 200 2043 pturae.
218 1971 332 2027 dicebat
361 1970 452 2026 ndaeia
467 1969 497 2025 io
521 1971 584 2040 lega
605 1969 724 2042 peritis:
742 1989 756 2022 s
775 1969 950 2025 Scrutamini

1085 2118 1854 2134 *ao-*m-flw

723 2225 957 2298 PROLOGUS
983 2214 1228 2300 SECUNDUS.

575 2403 614 2447 ntt
638 2402 821 2449 tnrnnrtone
843 2403 988 2450 Aderant!
1014 2404 1049 2448 ΕΤ
1077 2398 1386 2482 noon·elt0cant:.tttt.

846 2539 1110 2553 ——.-.-.--.

138 2630 231 2685 allidi
255 2630 416 2685 indextera
437 2628 559 2684 sedentis
580 2643 667 2696 super
689 2628 827 2683 thronum
850 2628 953 2684 librum
1003 2629 1057 2685 daei
1071 2633 1263 2700 corruperunt
1277 2629 1313 2684 ad
1327 2628 1522 2683 defensionem
1537 2628 1581 2682 sui
1605 2628 1720 2690 erroris.
1741 2634 1771 2684 nt
1787 2646 1853 2698 par-

105 2699 955 2772 ·scriptumintusctloris.a(Apoe.v.)Sieutdictnmest
1004 2702 1055 2754 tim
1086 2700 1227 2755 declarari
1259 2699 1289 2754 in
1321 2701 1444 2772 quadam
1473 2699 1632 2771 qttaestiona
1653 2701 1688 2753 de
1705 2699 1853 2757 divinitate

101 2774 131 2827 in
166 2774 287 2844 prologo
319 2771 503 2852 precedenti,
537 2770 610 2825 liber
643 2769 695 2824 iste
722 2775 764 2824 ast
792 2771 954 2825 sacraSeri·
1005 2771 1118 2835 Christi,
1143 2777 1172 2825 et
1194 2770 1345 2825 declarabo
1371 2770 1482 2841 plenius
1506 2770 1622 2838 qttando
1648 2770 1852 2828 locitalesoc·

103 2849 200 2914 ptura,
247 2842 278 2896 ui
304 2843 410 2896 dicitnr
439 2841 561 2911 scriptus
588 2840 719 2905 exterius,
746 2846 886 2914 quantam
920 2841 953 2895 ad
1004 2848 1129 2902 currant,
1159 2841 1279 2895 Domino
1303 2841 1488 2895 concedente.
1520 2840 1853 2911 lnillisauteminqui·

104 2858 591 2979 sensnm‘iitteralem,etinterius,
613 2916 753 2981 qnantum
778 2912 814 2967 ad
839 2927 955 2966 sensum
1005 2913 1058 2967 bus
1090 2928 1147 2966 non
1180 2916 1222 2965 est
1250 2911 1403 2965 uerisimile
1431 2910 1507 2983 quod
1534 2910 1641 2990 aliquid
1686 2910 1854 2966 immutave-

105 2985 259 3055 mysticum
274 2989 304 3038 et
316 2983 503 3065 spiritualem.
520 2982 575 3047 Qui
600 2982 666 3036 licet
688 2981 827 3037 triluriam
842 2982 952 3037 divida-
973 2983 1074 3074 Crint,
1092 2998 1157 3036 cum
1183 2997 1235 3036 nee
1258 2997 1374 3035 calisam
1399 2983 1451 3036 hoc
1473 2981 1594 3035 faciendi
1608 2980 1772 3048 habuerint,
1792 2985 1853 3040 nul·

104 3056 192 3110 turin
211 3055 352 3126 generali,
365 3059 397 3109 ut
420 3053 588 3124 praedictum
611 3056 672 3118 est;
694 3058 723 3106 et
737 3052 802 3107 licet
816 3052 868 3107 snb
881 3069 952 3124 quo·
1009 3055 1067 3107 lum
1082 3053 1193 3106 ridetur
1219 3052 1389 3124 pericnlum,
1412 3052 1460 3106 sad
1484 3053 1574 3121 magis
1593 3068 1736 3119 securum,
1751 3069 1854 3110 sacun-

104 3128 174 3182 libet
196 3124 330 3180 membru
350 3124 439 3196 possit
461 3124 524 3179 lieri
540 3122 752 3194 expositionum
768 3125 953 3192 mysticarum
1007 3125 1075 3178 dnm
1101 3123 1209 3177 dictum
1237 3121 1313 3177 beati
1343 3123 1518 3193 Hieronymi.
1542 3122 1685 3178 indubiis
1709 3138 1855 3180 recurrere

106 3195 308 3269 multiplicatio
329 3195 360 3250 in
387 3195 522 3267 spanni,-
549 3209 649 3248 omues
672 3199 769 3249 tamen
789 3210 955 3264 proestrppo·
1008 3194 1043 3249 ad
1064 3199 1173 3249 textum
1201 3193 1380 3251 ilebraieum.
1405 3198 1542 3265 tanquam
1567 3195 1602 3249 ad
1624 3193 1774 3264 originale,
1800 3211 1854 3266 pro

106 3271 178 3322 nunt
207 3282 325 3322 sensum
359 3265 509 3321 litteralem
541 3269 683 3336 tanquam
720 3264 951 3319 fondamentum.
1009 3265 1231 3320 veritatatextus
1248 3264 1427 3319 declaranda.

107 3339 185 3393 L'nde
211 3338 288 3392 sicut
312 3336 465 3392 aedilicium
481 3335 627 3391 declinans
648 3353 664 3388 a
688 3335 954 3400 fundamento,dis·
1042 3336 1195 3391 Sciendum
1220 3335 1397 3406 etiamquod
1423 3351 1523 3389 sensus
1551 3334 1681 3390 litteralis
1707 3339 1749 3390 est
1779 3337 1855 3391 mul·

106 3411 223 3480 ponitur
249 3409 285 3463 ad
313 3408 449 3462 ruinam:
472 3408 511 3461 its
534 3405 671 3476 expositio
704 3407 822 3476 mystica
847 3406 953 3460 diacre·
1008 3411 1068 3461 tum
1094 3406 1291 3471 obumbratus,
1315 3411 1434 3476 propter
1457 3406 1575 3460 modom
1599 3404 1853 3477 exponendicom·

107 3496 176 3551 pana
206 3495 224 3533 a
251 3493 336 3533 sensu
366 3477 492 3543 litterali,
519 3477 677 3547 reputanda
700 3483 743 3531 est
765 3476 901 3532 indecens
925 3481 955 3532 et
1007 3477 1135 3531 muniter
1167 3476 1304 3531 traditum
1336 3477 1372 3531 ab
1402 3476 1484 3530 aliis:
1511 3475 1570 3547 qui.
1595 3477 1854 3533 licetmnllabona

106 3557 212 3622 mepta,
226 3549 272 3604 rel
287 3550 386 3604 saltam
403 3548 499 3604 minna
520 3547 622 3602 decens
646 3547 756 3602 caeteris
782 3548 909 3618 paribus,
925 3551 955 3602 et
1008 3548 1141 3613 dixerint,
1156 3551 1253 3602 tamen
1269 3563 1370 3619 parum
1385 3547 1542 3617 tetigerunt
1557 3547 1710 3601 litteralem
1725 3564 1854 3614 sensum,

107 3621 201 3676 minuis
225 3627 304 3690 apta,
326 3624 355 3675 et
379 3619 443 3674 ideo
464 3618 624 3678 solentibus
642 3618 781 3689 prolicere
806 3617 953 3673 instudio
1008 3624 1036 3672 et
1067 3634 1169 3673 sensus
1211 3618 1344 3699 mysticos
1374 3617 1405 3672 in
1433 3623 1545 3672 tuntum
1580 3618 1852 3687 multiplicaverunt,

106 3709 190 3747 sacrae
204 3691 361 3764 Scripturas
375 3689 568 3746 necessarium
582 3693 625 3743 est
646 3689 773 3761 incipere
792 3689 828 3743 ab
845 3689 955 3743 intelle·
1008 3691 1085 3761 qnod
1109 3704 1207 3744 sensus
1230 3687 1361 3743 litteralis
1385 3688 1459 3743 inter
1481 3694 1523 3742 tot
1539 3689 1730 3759 expositiones
1754 3690 1853 3762 mysti-

106 3769 150 3818 ctu
163 3778 268 3817 sensns
287 3761 435 3817 litteralis:
452 3760 575 3815 maxime
590 3775 700 3815 cumex
716 3760 776 3814 solo
802 3775 886 3814 sensu
910 3759 955 3814 lit·
1007 3775 1054 3814 eas
1080 3759 1261 3830 interceptos.
1287 3759 1394 3828 partim
1419 3759 1580 3814 suffocatur.
1608 3761 1679 3816 item
1697 3764 1807 3816 textum
1823 3760 1854 3816 in

107 3833 196 3899 terali,
212 3839 317 3888 atnon
337 3847 372 3887 ex
403 3831 529 3903 mystico,
553 3831 644 3902 possit
665 3835 870 3902 argumentum
891 3829 954 3886 llari
1007 3834 1051 3886 tot
1076 3830 1230 3900 particulas
1252 3829 1420 3896 diviserunt,
1447 3835 1475 3883 et
1503 3835 1546 3885 tot
1575 3831 1790 3885 concordantias
1817 3831 1853 3886 ad

106 3903 364 3976 adprobationem
383 3904 428 3958 vel
458 3899 680 3957 declarationem
716 3901 836 3971 alicujus
861 3900 953 3966 dubii,
1008 3917 1091 3956 sunm
1111 3902 1290 3972 propositum
1314 3900 1501 3962 induxerunt,
1528 3901 1603 3972 quud
1629 3901 1806 3956 intellectum
1822 3906 1851 3957 et

107 3975 263 4031 -ecuudum
287 3972 364 4044 qttod
390 3972 458 4028 dicit
480 3971 657 4044 Augustinus
677 3971 710 4028 in
724 3971 954 4042 epistolacontra
1007 3973 1175 4027 memoriam
1192 3971 1221 4025 in
1242 3977 1322 4040 parte
1345 3971 1535 4038 contundunt,
1552 3971 1588 4026 ab
1610 3971 1755 4026 intellectu
1770 3972 1851 4027 litte·
1920 3994 1923 3999 ·

109 4045 288 4100 vincentium
304 4043 491 4099 Donatistam.
1008 4043 1075 4096 ralis
1097 4058 1197 4096 senatis
1218 4042 1348 4095 animum
1362 4040 1563 4096 distrahentes.
1590 4042 1655 4096 lieo
1670 4041 1757 4112 igitur
1771 4046 1800 4097 et
1813 4042 1856 4097 si-

142 4116 268 4173 L’lterius
292 4113 533 4170 considerandum
557 4111 632 4185 quod
654 4127 752 4166 sensns
774 4112 955 4182 litteralis,a
1009 4113 1088 4167 milia
1111 4113 1200 4167 vitare
1223 4127 1388 4182 proponens
1413 4127 1478 4166 cum
1501 4111 1550 4167 liei
1574 4113 1716 4183 adjutorio
1735 4112 1855 4168 intendo

108 4204 161 4258 qno
175 4193 220 4242 ast
234 4185 292 4241 inci
315 4184 444 4253 lendum,
461 4184 610 4240 utdictum
622 4188 675 4247 est,
698 4183 808 4238 videtur
831 4185 954 4239 multum
1007 4185 1081 4238 eirca
1097 4183 1248 4237 litteralem
1275 4198 1390 4237 sensum
1419 4182 1568 4240 insistere:
1589 4189 1617 4237 et
1641 4198 1746 4253 paucas
1761 4183 1854 4252 valde,

108 4259 271 4313 obfuscatus
285 4202 388 4312 diebus
407 4254 573 4310 modernis:
602 4253 707 4324 purtim
727 4253 898 4324 scriptorum
915 4256 954 4308 ti·
1008 4259 1037 4308 et
1052 4254 1151 4308 breves
1172 4253 1363 4334 expositiones
1386 4253 1519 4325 mysticas
1546 4253 1701 4327 aliquando
1725 4254 1856 4325 interpo·
1916 4310 1921 4315 ,

108 4330 154 4391 tio,
170 4328 225 4401 qni
247 4331 368 4399 propter
388 4325 607 4381 similitudinem
628 4324 788 4380 litterarum
808 4325 838 4379 in
858 4301 990 4380 muttis⁰
1008 4340 1087 4389 uere,
1116 4325 1182 4379 licet
1204 4340 1277 4379 raro.
1304 4324 1443 4380 Similiter
1466 4324 1585 4379 intendo
1609 4341 1665 4380 non
1699 4327 1793 4380 solnm
1816 4325 1858 4381 di·

110 4401 171 4455 tacis
181 4400 268 4454 aliter
289 4398 465 4479 seripserunt
489 4412 575 4468 quam
604 4395 708 4451 habeat
718 4395 822 4449 veritas
842 4400 954 4464 textus;
1009 4400 1053 4450 cta
1069 4396 1219 4451 doctorum
1234 4395 1449 4463 catholicorum,
1464 4390 1512 4450 sed
1527 4395 1614 4450 etiam
1640 4396 1856 4464 liebraicornm,

110 4471 208 4537 partim
225 4469 374 4541 imperitia
387 4466 552 4541 aliquorum
566 4469 768 4532 comestorum,
784 4466 833 4538 qui
849 4466 877 4520 io
894 4468 953 4539 plu·
1009 4466 1133 4521 maxime
1158 4465 1249 4522 Rabbi
1269 4466 1438 4531 Salomonis,
1461 4465 1511 4546 qui
1539 4466 1613 4522 inter
1641 4466 1772 4523 doctores
1801 4467 1856 4522 lle·

111 4541 182 4595 ribos
196 4541 270 4596 locis
284 4541 414 4595 lecerunt
426 4545 532 4610 puncta
550 4536 601 4592 nbi
630 4552 690 4592 uon
707 4536 811 4592 debent
826 4537 907 4604 lieri3
926 4541 954 4592 et
1007 4537 1100 4592 bracus
1122 4538 1235 4592 loeutus
1256 4542 1299 4591 est
1322 4537 1519 4592 rationabilius
1539 4537 1761 4593 declarationem
1787 4551 1854 4591 seu·

110 4628 201 4667 versus
224 4611 417 4681 incoepernnt,
444 4609 488 4663 rel
510 4607 747 4673 terminaverunt,
768 4606 817 4661 nbi
834 4623 893 4662 non
907 4607 954 4663 de·
1008 4623 1056 4662 sus
1076 4607 1205 4663 litteralis
1230 4607 1376 4663 inducere.
1401 4609 1505 4678 Aliqua
1529 4608 1615 4663 etiam
1631 4607 1706 4662 dicta
1726 4606 1856 4663 Hebraeo·

111 4684 173 4737 trent
195 4681 290 4763 incipi
314 4687 344 4736 at
363 4679 533 4735 terminari:
557 4683 585 4733 et
606 4693 659 4750 per
679 4678 732 4732 boc
752 4677 893 4732 sententia
906 4678 953 4733 lit·
1008 4694 1071 4733 rum
1092 4679 1174 4733 valde
1193 4678 1316 4734 absurda
1338 4678 1503 4750 aliqnando,
1526 4679 1592 4733 licet
1616 4677 1696 4731 valde
1721 4693 1797 4744 raro,
1811 4677 1854 4732 in·

110 4759 172 4808 tene
204 4757 345 4816 sanatur,
374 4755 405 4806 ut
419 4750 529 4820 patebit
560 4749 590 4803 in
615 4748 673 4803 snis
691 4747 954 4820 locisinlraprose
1008 4753 1169 4818 terpouam,
1192 4764 1249 4804 non
1274 4750 1309 4805 ad
1336 4751 1492 4804 tenendum
1515 4765 1558 4811 ea,
1586 4748 1629 4802 rel
1655 4747 1853 4819 sequendum

109 4825 233 4894 quando,
265 4823 388 4879 homino
418 4820 609 4885 coneedenta;
658 4819 762 4890 partim
802 4836 834 4873 ex
867 4820 954 4875 modo
1007 4820 1057 4875 sed
1072 4824 1102 4874 nt
1128 4835 1179 4889 per
1203 4821 1264 4874 buc
1282 4826 1419 4892 appareat
1442 4824 1548 4890 ‹luanto
1572 4817 1682 4874 cacitas
1702 4817 1855 4890 contigerit

110 4893 301 4949 translationis
326 4899 441 4957 nostrae,
470 4907 535 4974 quae
566 4889 665 4945 multis
701 4890 770 4944 lucis
800 4890 883 4944 aliter
905 4891 954 4945 ha·
1008 4892 1037 4945 in
1054 4892 1151 4959 lsrael,
1173 4891 1330 4946 secundum
1356 4891 1463 4946 dictum
1489 4889 1569 4944 Pauli
1592 4889 1716 4957 apostoli
1737 4890 1772 4944 ad
1799 4891 1855 4946 llo-

110 4970 151 5019 bet
171 4980 264 5037 qnam
295 4963 361 5019 libri
381 4963 511 5018 liebratei
537 4960 693 5016 secundnm
722 4960 797 5032 qtrod
829 4960 954 5016 declarat
1008 4976 1108 5016 manos
1133 4962 1303 5016 undecimo:
1333 4960 1549 5032 propterquod
1575 4961 1662 5015 etiam
1692 4960 1774 5016 dictis
1797 4961 1853 5016 ile-

110 5030 954 5107 llieronymusinlibro:daliebraicis,qoastionibos,etin
1008 5034 1149 5088 braeorum
1176 5049 1233 5087 non
1255 5038 1295 5087 est
1324 5031 1533 5092 inherendum,
1562 5031 1618 5086 nisi
1642 5037 1785 5103 qirantum
1805 5047 1853 5086 ra·

108 5106 239 5176 pluribus
252 5104 318 5160 aliis
344 5104 429 5160 locis:
447 5108 476 5159 et
495 5103 544 5159 alii
569 5101 744 5173 expositores
768 5118 854 5157 sacrm
878 5102 953 5158 Scri·
1006 5103 1079 5158 tioni
1114 5107 1270 5159 consonant
1300 5106 1328 5156 et
1351 5103 1454 5156 littera
1483 5101 1606 5159 veritati.
1639 5102 1710 5163 item
1737 5102 1854 5159 omissis

108 5184 196 5247 plura
211 5176 338 5249 legando
352 5173 556 5231 uelacribeudu
576 5172 652 5229 idem
669 5172 790 5237 dicunt;
815 5178 953 5229 ettamen
1006 5174 1144 5244 prologis,
1167 5192 1183 5230 a
1204 5172 1347 5244 principio
1371 5172 1486 5227 Genesis
1514 5172 1669 5244 incipiam:
1692 5178 1755 5229 tum
1785 5174 1855 5246 qnia

105 5248 263 5304 maeotium
289 5248 497 5318 Hieronymum
520 5245 549 5301 in
576 5243 701 5300 secundo
720 5245 840 5314 prologo
868 5261 899 5298 sn
922 5261 954 5300 er
1006 5246 1152 5300 residuum
1175 5245 1240 5299 vitae
1265 5259 1337 5297 mete
1361 5258 1419 5296 nou
1440 5244 1524 5298 credo
1536 5247 1572 5299 ad
1586 5245 1795 5315 expositionem
1809 5251 1854 5299 to-

105 5319 249 5386 tleneaim,
265 5323 294 5374 et
308 5317 340 5373 in
353 5314 486 5390 pluribus
506 5316 570 5371 aliis
590 5316 670 5380 locis,
697 5329 749 5385 pro
774 5262 953 5370 vertinolis·
1007 5315 1064 5371 tius
1092 5332 1178 5370 sacrm
1201 5314 1353 5384 Scripturae
1380 5314 1521 5377 subicere,
1550 5324 1579 5371 et
1607 5317 1671 5370 ideo
1714 5315 1793 5371 nolui
1823 5315 1853 5373 in

105 5396 170 5446 terre
184 5389 366 5446 habandein
385 5386 529 5459 scriptura
547 5385 656 5440 Veteris
670 5385 844 5440 Testamenti
856 5400 953 5440 recur-
1007 5387 1183 5457 exponendis
1196 5385 1279 5439 dictis
1293 5384 1370 5439 beati
1392 5385 1570 5457 Hieronymi,
1598 5388 1642 5442 rel
1668 5388 1785 5442 alterius
1804 5403 1854 5442 cu·

103 5462 226 5517 rendum
241 5460 333 5516 estad
359 5457 474 5515 codices
497 5459 692 5514 Hebraeorum.
721 5456 754 5512 ln
778 5457 832 5512 hoc
856 5462 953 5512 tamen
1009 5456 1303 5529 'ttscunquedootoris
1332 5455 1495 5523 immorari;
1526 5465 1586 5512 tntu
1602 5457 1669 5528 quia
1694 5457 1762 5512 dicti
1784 5473 1854 5528 pro·

101 5533 182 5589 valde
203 5530 367 5588 carendum
393 5533 448 5595 est,
472 5534 612 5601 quantum
636 5529 670 5583 ad
695 5528 772 5582 locos
801 5527 953 5599 scripturae
1019 5528 1064 5599 ogi
1089 5543 1193 5597 parum
1219 5527 1326 5583 latiunt
1355 5527 1389 5583 ad
1425 5527 1602 5583 intellectum
1639 5528 1780 5584 librorum
1810 5543 1856 5582 aa·

102 5600 406 5667 tatarissestamanti,
422 5598 473 5673 qni
495 5598 531 5655 da
546 5598 652 5657 deitate
667 5597 771 5655 Christi
786 5613 819 5654 ac
834 5599 953 5655 dacon-
1007 5597 1169 5671 quantiam,
1199 5603 1231 5654 nt
1253 5597 1324 5654 mihi
1349 5599 1470 5654 videtur.
1500 5599 1671 5670 Aliquorum
1697 5602 1796 5654 tamen
1819 5596 1853 5653 tt-

101 5673 290 5749 saqnentibtts
304 5672 341 5729 ad
365 5672 421 5729 hoc
442 5671 620 5744 loquuntur:
641 5684 766 5743 qnorum
779 5668 951 5741 aliquosln-
1006 5670 1123 5725 brorum
1141 5670 1277 5743 prologos
1299 5671 1428 5742 exposui,
1453 5684 1539 5740 snper
1562 5685 1635 5740 quos
1649 5667 1758 5740 scripsi,
1772 5671 1853 5723 ante·
