3892 6106
535 242 662 299 GLOSSA
679 240 880 299 oltnllteltle.
900 273 934 282 -
955 243 1018 300 tle.
1039 242 1110 300 ton.
1648 254 1701 311 002

74 382 200 423 errorem
216 364 370 439 proedicare
386 380 446 419 non
476 367 617 433 metuunt,
643 370 672 420 et
700 363 837 436 praedi-A
894 385 904 413 ι
922 364 984 420 Nou
998 366 1136 438 pepercit.
1150 386 1165 419 ι
1181 366 1209 422 id
1227 374 1277 436 est,
1295 384 1352 424 uon
1368 371 1485 427 destitit.

74 454 258 510 rrectaelldei
274 454 405 510 irrident.
887 453 976 509 Vens.
1009 458 1050 510 15.
1076 484 1111 498 -
1136 475 1150 508 ιι
1174 456 1305 512 Concidit
1330 474 1386 515 me.
1416 483 1429 510 ιι
1456 461 1489 516 111
1506 462 1628 520 infirmis
1647 467 1705 522 suis

74 543 378 599 eusseruntmaxillam
403 559 535 597 meum·
565 541 675 598 llerilla
696 542 796 598 Eccle-
852 541 1067 611 Ecclesiaste,
1085 560 1171 615 usque
1192 545 1230 599 ud
1252 563 1318 600 cuni
1348 549 1431 620 eulpa
1455 552 1569 624 culpam
1599 571 1703 611 cumn·

74 633 194 689 rtsancti
215 632 427 705 predicatores,
452 631 502 704 qui
527 631 616 686 eitam
637 631 794 686 menalium
851 630 963 687 laverit.

74 722 228 777 erectionis
244 726 413 776 convertunt
430 739 437 775 :
453 721 507 775 boo
523 719 638 792 reprobi
650 721 796 791 precipue
886 718 999 774 «irruit
1022 719 1112 775 inme
1126 721 1208 793 quasi
1230 722 1320 794 giges.
1338 745 1348 772 ι
1367 723 1438 789 Quia
1458 726 1597 784 nimirum
1622 731 1705 786 mali·

74 817 170 880 untrir,
191 827 262 883 quus
276 811 346 865 dum
357 812 444 865 etiam
459 815 571 877 necant,
589 809 696 865 illesos
711 826 796 875 poena
850 807 1263 879 gnusspiritnscoutrahanc
1287 811 1382 868 idest
1409 813 1546 885 animam,
1568 832 1601 872 er
1618 834 1706 889 praru

74 916 130 972 {aas
156 906 282 956 mentem
308 901 438 956 Ecclesiae
455 900 599 972 praecipue
615 900 734 966 cruciat,
751 899 796 954 vel
850 898 1057 954 consuetudine
1077 899 1216 955 deuictam
1231 901 1312 972 quasi
1333 919 1412 956 mure
1433 904 1557 976 gigantis
1583 913 1703 979 pugnat,

851 985 919 1056 quie
933 993 1042 1058 quanto
1056 1005 1086 1043 se
1108 989 1133 1043 ei
1149 989 1246 1044 anima
1261 990 1377 1061 subjicit
1391 992 1526 1058 crebrius,
1545 998 1624 1049 tento
1638 1011 1704 1050 cum

74 1079 159 1133 illam
174 1094 316 1133 meam.
306 1079 436 1133 Petrus
460 1083 502 1132 est
521 1077 647 1138 maxilla,
664 1078 715 1149 qui
735 1093 795 1132 ma·
850 1074 904 1130 sibi
921 1075 1178 1133 intolerabiliorem
1192 1095 1222 1133 se
1250 1079 1327 1135 lacit.
1354 1080 1409 1135 Sed
1439 1081 1509 1153 quia
1533 1084 1703 1156 plerumque

74 1168 232 1222 manducat.
248 1167 369 1222 Samson
395 1165 629 1221 maxillamasini
654 1170 739 1230 tenet,
769 1170 798 1222 et
850 1164 1194 1235 adpoenitentiamredit,
1203 1167 1343 1239 sequitur.

75 1255 169 1321 ccidit,
202 1255 231 1311 id
261 1259 302 1311 est
327 1255 456 1310 Christus
477 1255 620 1326 simplices
648 1271 796 1326 praecones
886 1252 979 1309 Vens.
1000 1256 1046 1308 16.
1073 1255 1270 1311 -sSaccum
1292 1257 1614 1330 consuisupercutem.
1638 1262 1699 1318 »ln

74 1344 259 1407 rtulisteuet‚
286 1344 576 1399 etaaitiiscarnales
602 1344 716 1399 oceidit.
740 1346 796 1400 lla·
850 1357 932 1396 sacco
952 1341 1089 1399 etcinere
1111 1344 1290 1416 poenitentia,
1317 1345 1348 1400 in
1377 1351 1441 1401 cute
1470 1354 1499 1403 et
1523 1366 1609 1405 carne
1637 1367 1704 1422 pec-

74 1433 219 1504 njeclaest
244 1434 273 1486 in
304 1438 421 1496 terram,
445 1448 534 1504 aquas
560 1431 702 1487 effundit:
728 1432 796 1504 quia
851 1430 1054 1485 catumcarnis
1077 1431 1257 1503 intelligitur.
1280 1434 1352 1505 Ergo
1379 1436 1460 1507 quasi
1484 1453 1580 1493 saccus
1617 1457 1705 1511 super

75 1520 111 1574 rti
126 1538 244 1593 corpora
264 1536 431 1592 praeconum
451 1536 554 1591 magua
571 1521 724 1576 ostendunt
739 1522 795 1575 mi·
851 1523 945 1574 cutem
955 1520 1113 1587 consuitur,
1130 1527 1158 1574 et
1173 1520 1269 1575 cinere
1283 1538 1348 1577 curo
1367 1523 1508 1594 operitur,
1523 1527 1591 1596 quia
1618 1530 1702 1598 culpa

851 1607 943 1662 earnis
954 1623 1007 1679 per
1018 1608 1216 1680 poeuitentiam
1229 1611 1346 1681 tegitur,
1369 1627 1404 1666 ne
1422 1612 1451 1666 in
1469 1613 1587 1670 districti
1598 1615 1703 1687 judicis

81 1701 123 1754 tt.
141 1729 175 1737 —
193 1697 361 1752 ‹Conclusit
373 1714 419 1752 me
439 1698 524 1764 lleus,
541 1719 552 1744 »
568 1702 620 1751 etc.
636 1698 794 1753 Electorum
852 1696 983 1751 examine
998 1698 1033 1752 ad
1047 1696 1187 1752 ultionem
1199 1698 1336 1755 videatur.

80 1786 153 1858 apud
175 1787 305 1858 iniquum
333 1787 536 1841 concluditur:
566 1802 629 1839 cum
654 1786 716 1856 ejus
730 1803 796 1840 cero
887 1786 1026 1840 Vensttt.
1050 1808 1061 1834 ι
1093 1787 1188 1841 Facies
1216 1802 1280 1842 mea
1306 1788 1445 1845 intumuit
1488 1812 1499 1840 ι
1528 1792 1623 1848 Facies
1649 1796 1700 1850 Ec·

83 1874 174 1929 hostis
197 1875 444 1946 persecutionibus
473 1874 669 1945 temporaliter
701 1874 793 1930 datur.
852 1873 1101 1946 clesiaesnnt,qui
1127 1874 1157 1929 in
1173 1875 1315 1947 regimine
1332 1877 1417 1947 positi
1432 1885 1573 1950 apparent
1603 1882 1700 1952 primi,

97 1964 221 2035 spiritui,
236 1966 285 2019 sed
301 1964 432 2018 manibus
461 1964 793 2030 inimicorumtreditur,
851 1963 1414 2034 ulexeorumspeciesithouorlidelis
1430 1967 1539 2038 populi.
1558 1968 1591 2022 lli
1619 1970 1701 2040 plan·

74 2066 95 2106 ιο
122 2052 198 2107 hisne
223 2058 318 2105 mente
342 2067 444 2122 capere
459 2055 617 2123 nequeunt,
647 2067 682 2106 eo
696 2056 795 2107 contra
850 2054 923 2124 gunt
948 2051 1047 2123 culpas
1061 2051 1289 2121 infirmantium
1307 2054 1438 2133 seddum
1462 2056 1539 2112 videt
1563 2059 1700 2129 quosdam

74 2139 182 2195 udelius
193 2140 385 2196 inardescunt.
850 2140 886 2196 ad
902 2140 1013 2196 veniam
1028 2141 1133 2207 redire,
1150 2142 1288 2212 quosdam
1311 2145 1423 2199 veroin
1438 2145 1589 2216 iniquitate
1605 2148 1699 2219 persi·

91 2229 134 2283 13.
160 2257 195 2270 -
223 2251 234 2277 ι
263 2230 321 2300 Ego
353 2229 560 2300 illequoudem
587 2229 749 2299 opulentus.
781 2250 792 2277 1
850 2234 934 2297 stare,
958 2229 1070 2284 occulta
1096 2229 1146 2283 Dei
1166 2229 1275 2300 judicia
1303 2230 1518 2302 obstupescunt,
1548 2251 1613 2306 quas
1641 2250 1700 2289 non

74 2314 251 2371 lufirmurum
278 2321 402 2372 mentem
418 2318 556 2389 designat,
581 2317 649 2388 quie
664 2317 732 2372 dum
745 2317 794 2373 ad·
849 2317 1025 2389 intelligunt.

74 2405 206 2459 revidere
225 2406 367 2472 nesciunt,
392 2411 472 2460 tantu
496 2406 537 2460 eis
559 2406 692 2476 graviora
719 2411 794 2470 sunt,
888 2407 976 2462 vaus.
990 2409 1033 2461 17.
1050 2435 1079 2446 ·-
1091 2425 1106 2455 «
1117 2405 1337 2477 Etpalpebroe.u
1349 2406 1496 2479 Palpebroe
1507 2411 1701 2481 appellantur,

74 2493 158 2548 abeis
174 2493 321 2566 inopinata
339 2495 508 2549 tolerantur.
536 2495 596 2550 Vel.
623 2494 653 2549 in
682 2494 796 2566 quibus·
850 2493 1699 2568 quiaadprovidendeplebiumitineravigilant;sedcum

74 2581 158 2637 ¹isdem
173 2590 249 2638 retro
263 2583 426 2638 labentibus
448 2584 508 2638 hac
527 2583 649 2638 Ecclesia
677 2584 794 2654 petitur,
851 2585 959 2639 occulta
975 2583 1145 2654 lleijudicia
1173 2599 1226 2638 nec
1246 2584 1393 2654 praepositi
1418 2585 1569 2657 vigilantes
1593 2586 1699 2641 iutelli-

74 2670 223 2726 .dootrinae
238 2672 416 2742 opulentiam
429 2672 584 2745 aliquando
605 2672 706 2727 subitis
720 2673 795 2727 vitiis
851 2676 933 2744 gunt,
943 2671 1088 2743 palpebrae
1104 2671 1232 2726 Ecclesiae
1247 2672 1380 2744 caligant.

73 2763 162 2814 ratur.
192 2760 322 2815 «Tenuit
336 2761 477 2815 cervicem
505 2777 608 2816 meam.
642 2783 652 2810 ι
684 2761 793 2827 cervix,
886 2761 966 2817 Vens
991 2763 1115 2816 lit—u
1146 2760 1209 2814 lloec
1232 2776 1422 2831 passussum.
1451 2762 1610 2817 »acerbis
1636 2779 1700 2819 cor-

74 2848 145 2903 tatis
155 2848 329 2903 erectionem
346 2849 498 2920 significat,
523 2865 609 2921 quem
623 2850 712 2904 bustis
726 2853 797 2904 tenet
850 2851 934 2923 poris.
949 2854 1013 2916 etc,
1029 2864 1114 2919 usque
1135 2849 1197 2904 uda
1212 2849 1316 2920 quibus
1331 2850 1471 2905 toleratur
1489 2850 1593 2906 dolor?

74 2935 151 2991 iouis
162 2941 306 3006 tempore;
335 2959 346 2986 ι
363 2939 544 3009 constringit,
563 2960 573 2986 ι
599 2939 669 2994 dum
684 2937 793 2993 inlirmi
808 2928 830 2985 G
885 2940 965 2993 Vnus.
980 2941 1021 2993 le.
1034 2967 1068 2978 -
1084 2959 1098 2987 s
1110 2938 1197 2993 Terre
1210 2953 1246 2992 ne
1257 2937 1550 3008 operiassanguinem
1559 2955 1665 2993 meam.
1684 2960 1698 2989 »

74 3025 232 3081 necabunt
246 3025 403 3096 praedicare
418 3027 507 3082 libere
522 3043 581 3082 non
603 3033 791 3098 praesumunt.
847 3026 994 3083 Peccantis
1008 3024 1120 3080 homini
1135 3025 1244 3081 dictum
1259 3032 1324 3080 est:
1356 3027 1469 3082 «Terra
1487 3043 1517 3082 es
1550 3033 1578 3082 et
1600 3028 1701 3083 iuter-

74 3114 160 3169 uicem
181 3130 263 3168 suam
278 3115 347 3169 dicit
374 3131 433 3181 eos,
457 3116 508 3187 qui
534 3116 563 3170 ia
592 3115 716 3170 Ecclesia
741 3115 794 3170 snb
848 3114 994 3185 remibis3
1021 3137 1036 3165 »
1063 3130 1127 3185 quse
1153 3131 1183 3168 se
1198 3119 1275 3169 terre
1293 3115 1493 3187 Redemptoris
1520 3117 1611 3171 nostri
1637 3133 1701 3172 san·

74 3215 95 3258 ιι
125 3201 311 3257 detendendae
346 3204 527 3259 rectitudinis
554 3202 623 3257 vitio
661 3203 794 3259 elationis
847 3202 966 3276 guinem
991 3216 1051 3256 non
1075 3200 1222 3256 abscondit
1245 3201 1314 3272 quia
1340 3202 1539 3274 unusquisque
1567 3208 1699 3274 peccator

74 3291 131 3343 nt:
148 3303 235 3358 quam
258 3289 352 3345 hostis
369 3291 547 3346 districtione
570 3307 630 3347 suoe
655 3307 793 3364 persecu·
848 3288 1054 3362 redemptionis
1080 3304 1139 3344 sure
1167 3289 1293 3360 pretium
1327 3305 1453 3358 sumens,
1487 3291 1640 3346 confitetur
1668 3307 1701 3346 ec

73 3376 178 3432 relinet.
847 3379 955 3446 laudat,
972 3381 1000 3434 et
1025 3377 1131 3450 quibas
1157 3377 1232 3432 valet
1257 3377 1396 3447 proximis
1420 3378 1587 3434 innotescit.
1614 3381 1701 3435 Terra

74 3462 157 3516 »osuit
170 3478 215 3516 me
231 3462 314 3533 quasi
335 3461 364 3517 iu
386 3462 511 3534 signum.
528 3486 541 3512 n
559 3465 648 3534 (ibid.)
674 3465 795 3537 Signum
849 3468 935 3524 etiem
949 3466 1123 3537 sanguinem
1136 3465 1198 3537 ejus
1211 3480 1268 3520 non
1284 3466 1399 3537 operuit
1415 3483 1422 3521 :
1439 3467 1508 3538 quia
1531 3470 1628 3522 sancta
1642 3469 1697 3524 lic-

76 3549 194 3621 ponitnr
226 3555 257 3605 ut
285 3551 453 3622 sagittarum
481 3553 634 3608 emissione
662 3554 792 3611 feriatur.
849 3556 934 3612 clesia
949 3553 1157 3625 redemptionis
1180 3570 1240 3609 snae
1267 3554 1436 3626 mysterium
1451 3555 1482 3611 iu
1505 3557 1615 3612 cunctis
1637 3558 1699 3629 jam

77 3637 173 3710 itaque
189 3639 358 3710 populusiu
371 3639 485 3711 signum
509 3641 584 3696 hosti
599 3658 650 3698 suo
665 3643 794 3715 ponitur,
849 3643 952 3701 mundi
966 3643 1095 3715 partibus
1110 3642 1286 3714 predicavit.
1319 3666 1330 3693 ι
1356 3645 1454 3716 Neque
1477 3645 1606 3701 iuveniat
1628 3647 1658 3700 in
1672 3651 1700 3701 te

74 3742 107 3782 ,ιιι
128 3744 243 3798 semper
270 3729 330 3783 suis
357 3728 462 3783 ictibus
489 3730 613 3801 impetit,
645 3748 711 3786 cum
737 3732 796 3788 suis
849 3734 945 3789 locum
958 3731 1067 3788 latendi
1082 3732 1190 3786 clamor
1205 3747 1297 3787 meus.
1314 3731 1434 3804 quun)
1450 3733 1564 3789 Clamor
1579 3734 1701 3789 Redem-

74 3816 193 3873 ionibus
206 3817 319 3888 aflligit,
336 3818 410 3872 unde
423 3819 575 3889 Apostolus
592 3836 599 3874 :
620 3821 702 3891 «Ipsi
717 3821 796 3877 enim
850 3821 941 3894 pluris
952 3819 1042 3875 nostri
1058 3826 1101 3874 est
1129 3840 1140 3869 ι
1162 3819 1279 3890 sanguis
1294 3820 1510 3892 redemptionis,
1529 3843 1539 3870 ι
1558 3822 1638 3894 qnia
1661 3823 1699 3878 fi-

76 3904 134 3960 uud
149 3906 179 3960 in
199 3905 253 3959 hoo
268 3906 354 3976 positi
370 3922 469 3961 sumus
491 3907 515 3976 (l
540 3909 617 3964 Thes.
643 3909 699 3980 111).
726 3929 739 3957 n
757 3912 797 3964 Aa
850 3911 961 3968 delibus
975 3907 1107 3972 sumitur.
1125 3907 1186 3980 qui,
1212 3913 1246 3962 ut
1260 3907 1300 3962 ait
1323 3909 1486 3980 Apostolus,
1516 3910 1629 3977 melius,
1657 3911 1699 3966 lo·

74 3993 198 4049 edicet:
219 3994 292 4058 Quid
319 3993 350 4049 in
372 3995 427 4049 hoc
453 3999 584 4066 tempore
599 3996 719 4052 vulnere
741 4013 796 4052 no-
851 3999 949 4072 quitur
962 4012 1050 4070 quam
1064 3995 1181 4063 sanguis
1194 3995 1266 4051 Abel
1282 4017 1288 4050 :
1309 3996 1378 4068 quia
1393 3997 1510 4069 sanguis
1533 3997 1604 4053 Abel
1620 4014 1700 4053 mor-

74 4081 191 4137 ¹amini?
216 4083 305 4154 quisi
319 4088 426 4138 aeterna
449 4084 555 4154 gaudia
572 4084 738 4157 querimus,
759 4085 796 4142 ad
850 4095 910 4145 tem
925 4083 1078 4143 matricidae
1102 4083 1195 4156 petiit,
1213 4085 1329 4156 sanguis
1344 4085 1458 4140 Domini
1486 4085 1573 4143 vitam
1602 4102 1699 4158 perse·

74 4169 143 4224 lmus
157 4170 347 4226 otieriamnr.
809 4176 998 4277 Deutorlbus
1033 4172 1207 4245 impetravit.
1240 4171 1295 4237 Oui
1331 4174 1440 4230 clamor
1461 4175 1555 4231 locum
1591 4175 1699 4232 latendi

83 4258 174 4313 11.-
201 4260 423 4316 «Circumdedit
443 4276 498 4314 me
515 4261 794 4319 »Ecclesialunceis
847 4265 958 4331 invenit
982 4262 1129 4330 innubis,
1162 4262 1186 4316 si
1218 4262 1297 4334 quod
1324 4278 1404 4319 mens
1441 4264 1570 4334 credidit,
1601 4265 1701 4337 lingna

74 4361 145 4402 rsuo
161 4347 366 4417 circumdatur,
394 4348 541 4420 quando'
533 4366 564 4405 1n
581 4350 719 4406 membris
733 4351 792 4408 suis
846 4359 930 4414 tacet.

74 4435 302 4505 ignatorecalido
328 4436 519 4492 tentationum
533 4438 633 4509 jaculis
649 4438 683 4494 ab
712 4439 792 4495 omni
883 4447 964 4500 Vns.
984 4444 1031 4499 10.
1053 4462 1118 4490 -e
1145 4440 1215 4496 Ecce
1238 4441 1317 4496 enim
1344 4441 1415 4512 in,»
1445 4446 1497 4498 ete.
1527 4441 1617 4498 Testis
1636 4442 1702 4498 111111

74 4523 200 4594 mistui·
847 4536 932 4592 Pater
942 4534 994 4599 est,
1005 4535 1037 4586 ut
1050 4528 1081 4583 in
1097 4528 1270 4602 Evangelio:
1289 4550 1300 4578 ι
1318 4530 1351 4584 lit
1371 4529 1421 4602 qui
1446 4529 1524 4585 misit
1539 4546 1585 4586 me
1604 4531 1698 4598 Pater,

74 4615 234 4670 uulnerauit
260 4615 372 4670 lumbos
388 4632 479 4671 meos.
514 4618 617 4674 »Cum
642 4619 733 4675 hostis
754 4618 793 4674 fi·
847 4623 909 4697 ipse
924 4616 1281 4689 testimouiumperbibuit
1295 4618 1330 4674 de
1343 4633 1400 4674 me.
1420 4639 1430 4667 ι

74 4702 192 4773 epulum
209 4702 397 4758 adluxuriam
417 4705 568 4775 pertrahit,
583 4704 701 4761 hunoin
716 4707 793 4761 lum·
886 4734 897 4761 ι
914 4711 948 4766 Et
961 4708 1092 4765 conscius
1116 4722 1238 4762 meus.»
1263 4705 1335 4771 Quia
1360 4722 1419 4762 una
1447 4707 1603 4775 voluntate,
1629 4711 1696 4775 eta,

74 4829 80 4843 .
97 4790 368 4847 «convulnerare»
392 4797 488 4847 autem
505 4792 619 4861 dicitur,
634 4794 704 4866 quia
718 4794 794 4866 quod
848 4796 985 4869 usquead
1006 4797 1057 4852 sed
1071 4795 1135 4851 talis
1146 4795 1297 4851 bominum
1313 4795 1551 4868 reprehensiones
1567 4800 1697 4854 metuere

75 4878 118 4933 ale
132 4879 271 4950 suggerit,
281 4895 334 4935 nos
345 4884 496 4952 sequentes
511 4897 543 4935 ex
558 4881 677 4954 propria
692 4882 793 4937 volon-
849 4903 908 4944 non
923 4885 1018 4956 debet,
1032 4884 1109 4940 unde
1124 4884 1265 4941 subditur.

74 4966 184 5033 alemus,
210 4973 239 5023 et
263 4970 344 5041 quasi
359 4985 425 5024 cum
450 4969 513 5041 ipso
538 4986 591 5025 nos
605 4971 715 5041 pariter
729 4972 794 5027 rul-
885 4977 969 5032 Vens.
984 4976 1029 5030 21.
1044 5002 1075 5015 -
1095 4994 1106 5023 ι
1125 4973 1241 5028 Verbosi
1269 4971 1355 5027 amici
1374 4971 1441 5027 mei.
1460 4993 1471 5021 »
1500 4973 1570 5028 Cum
1586 4971 1699 5028 verbosi

74 5070 91 5109 t·
849 5065 934 5121 amici
950 5066 1028 5132 sunt,
1053 5062 1082 5117 id
1101 5067 1152 5127 est,
1169 5076 1234 5116 cum
1250 5065 1279 5116 et
1287 5059 1344 5133 ipsi
1365 5061 1504 5132 derogant
1522 5061 1572 5132 qui
1595 5061 1625 5117 in
1640 5061 1697 5117 ilde

74 5145 224 5216 tpepercil
249 5150 279 5200 el
305 5147 407 5201 effudit
431 5146 553 5202 interra
568 5146 674 5202 viscera
688 5163 793 5204 mea-⁵
850 5152 1006 5217 sociantur,
1031 5149 1067 5206 ad
1091 5149 1182 5204 Deum
1208 5164 1322 5204 necesse
1347 5154 1389 5204 est
1412 5152 1444 5203 ot
1474 5151 1574 5205 oculus
1603 5149 1700 5213 stillet,

74 5232 203 5287 Ecclesia
217 5233 287 5288 dicit
311 5250 411 5289 eorum
428 5240 547 5297 urentes,
564 5235 615 5307 qui
636 5237 697 5308 ejus
720 5235 751 5292 in
766 5252 796 5291 se
851 5244 992 5313 quatenus
1004 5242 1103 5294 nostre
1118 5236 1240 5293 intentio
1260 5240 1319 5293 tote
1343 5236 1372 5292 in
1390 5237 1496 5293 amoris
1509 5237 1606 5293 intimi
1620 5254 1699 5295 com·

74 5327 95 5378 rt
121 5323 280 5394 mysteria:
301 5340 373 5395 quus
387 5325 457 5379 dum
484 5324 619 5396 antiquus
642 5324 732 5380 hostie
759 5323 796 5380 ed
850 5327 1007 5402 punctione
1021 5326 1138 5394 delluat,
1164 5330 1193 5381 et
1218 5328 1300 5381 tento
1322 5341 1353 5381 se
1376 5326 1413 5382 ad
1427 5325 1569 5385 interiora
1594 5327 1697 5400 erigat,

76 5412 230 5482 enegotia
257 5411 408 5483 pertrahit,
437 5413 498 5483 ejus
524 5412 632 5468 viscere
659 5411 690 5467 in
719 5417 797 5469 terra
853 5420 961 5486 quanto
975 5429 1028 5487 per
1048 5413 1190 5469 exteriora
1203 5413 1361 5486 opprobria
1381 5414 1458 5470 intus
1469 5415 1561 5471 redire
1574 5416 1697 5487 cogitur.

888 5503 973 5558 vaes.
988 5504 1034 5558 tt.
1049 5533 1084 5542 —
1109 5523 1123 5551 «
1146 5504 1241 5575 Atque
1255 5502 1380 5575 atinam,
1406 5524 1420 5554 u
1449 5507 1503 5559 etc.
1533 5505 1699 5561 Peccatores
