3892 6106
518 301 645 358 ocosse
663 284 868 357 οιιιιιιιιιιιι.
890 329 925 340 -
945 300 1009 357 oro.
1031 301 1041 356 ι
1063 301 1186 359 eamr.
1654 310 1707 365 ιιι

74 440 103 493 ι,
130 422 179 477 lib.
204 439 280 477 ιιιιι
300 424 409 489 Morot„
440 439 502 494 cap.
525 426 582 494 27.)
599 424 681 479 Libet
698 423 841 479 intueriA
860 422 985 493 devotio,
1015 422 1172 480 secondum
1200 422 1295 480 illud:
1319 429 1418 496 Arnen,
1434 442 1521 496 nmen,
1544 427 1604 484 dico
1630 430 1706 486 vobis

77 512 216 567 virtutum
231 528 362 577 munera,
379 513 734 585 etc.,usquc'odqualem
757 529 803 568 mc
858 515 926 581 quio
957 514 985 569 al
1008 512 1061 568 dno
1089 528 1123 567 ec
1150 511 1226 568 uobis
1264 516 1445 570 contorserant
1481 531 1563 588 snper
1594 522 1705 588 mont,

74 600 392 671 idespiciensexhibeo,
407 600 626 656 talamintcrius
641 601 766 657 attendo.
858 616 893 658 cr
927 603 1004 659 omni
1029 617 1059 657 re
1096 616 1283 671 quamcunque
1308 603 1449 672 petierint,
1480 606 1526 674 liet
1554 606 1621 674 illis,
1651 611 1704 666 etc.

87 689 133 743 29.
152 717 184 733 ..
211 688 385 754 Mictotlilio
408 689 484 744 Sout.
512 688 605 759 (Rea.)
625 688 802 744 Cunctisex·
858 689 1068 761 (Mottbavur.)

74 776 130 832 bus
145 781 174 831 et
195 776 231 832 ad
258 792 331 830 arcae
347 777 498 831 introitum
515 776 629 847 hymnis
643 776 804 832 resonanti·
893 781 974 835 Vsus.
998 781 1042 836 39.
1057 807 1090 822 -
1113 780 1150 834 In
1160 780 1273 836 conciso.
1296 779 1463 837 llliidicunt
1488 781 1705 843 tabernaculum

78 906 102 934 .,
121 881 208 934 usque
222 865 259 919 od
269 864 357 920 David
372 865 448 920 hunc
462 865 647 922 humiliatum
662 865 782 936 despicit
796 882 802 920 :
858 867 916 933 lici,
938 871 1093 939 postquam
1104 866 1158 922 filii
1172 868 1257 925 lsrael
1275 868 1455 925 intraverunt
1466 869 1497 925 in
1512 875 1618 928 terram
1632 873 1704 929 Cha·

74 953 235 1010 cedentibus
254 953 285 1007 in
305 953 363 1008 line
386 953 493 1008 todaeis
519 953 636 1025 quidum
660 954 804 1008 Christum
858 973 945 1025 naan,
962 956 1057 1028 primo
1075 957 1163 1012 inisse
1190 955 1221 1011 in
1237 957 1314 1028 Sylo,
1329 956 1432 1014 deindo
1447 957 1477 1013 in
1492 958 1580 1028 liobe,
1596 964 1662 1032 post
1675 960 1705 1017 in

74 1045 145 1108 ione,
161 1043 368 1098 Antichristum
384 1048 544 1114 sequuntur
567 1058 653 1114 opere
674 1057 682 1097 :
700 1042 805 1114 quihus
858 1045 983 1114 Gabaon,
997 1044 1115 1101 tandem
1128 1044 1317 1116 inSiou.,Alii
1330 1046 1426 1101 locum
1436 1062 1497 1102 esse
1507 1046 1706 1106 inlcrusalom

74 1131 176 1204 tquod
194 1132 305 1198 llichol,
322 1130 436 1202 quaead
456 1130 804 1202 figurandamcarnaliom
858 1133 1036 1206 appellatum
1060 1133 1187 1201 Gabaon,
1216 1133 1314 1206 ibique
1334 1134 1422 1190 David
1439 1136 1656 1195 tabernaculum
1678 1144 1706 1194 et

74 1220 173 1277 itatem
197 1236 271 1290 aquo
296 1223 382 1275 omnis
406 1220 621 1291 interpretatur,
649 1236 709 1275 non
732 1236 806 1275 uror
858 1238 953 1278 orcam
980 1223 1143 1278 collocasse.
1160 1223 1275 1279 Gabaon
1304 1221 1382 1278 enim
1404 1224 1705 1299 cottisiuterpretatur.

74 1308 121 1364 sed
140 1309 208 1364 Saul
222 1308 283 1363 lilia
302 1309 417 1364 dicitur.
442 1307 496 1373 Qui
509 1308 589 1363 enim
611 1308 723 1365 Christo
736 1325 804 1381 spe·
859 1311 1007 1366 Excelsum
1028 1315 1125 1366 autem
1149 1310 1242 1365 locum
1269 1309 1377 1366 dictum
1399 1328 1460 1369 essa
1475 1313 1641 1372 existimant
1653 1332 1705 1388 pro

74 1412 108 1452 us
135 1397 275 1464 serviunt,
303 1413 361 1451 non
383 1412 449 1452 cum
469 1396 520 1451 illo
543 1402 728 1461 coronantur,
755 1396 804 1453 sed
859 1398 1000 1470 dignitato
1017 1397 1109 1454 divini
1123 1398 1229 1454 cultus.
1255 1398 1310 1454 Sed
1335 1397 1363 1453 in
1380 1398 1454 1455 libro
1483 1400 1619 1458 Locorum
1636 1404 1707 1476 legi·

74 1485 266 1542 rsccutorihus
278 1501 351 1558 quos
360 1484 466 1541 imitati
476 1488 553 1554 sunt,
567 1486 750 1542 damnantur.
859 1504 924 1544 mos
949 1486 1064 1544 Gabaon
1088 1486 1273 1558 metropolim
1299 1503 1361 1543 esse
1383 1489 1553 1546 Hevoeorum
1574 1491 1606 1548 in
1630 1493 1707 1549 tribu

420 1628 427 1641 ,
862 1575 1022 1646 Benjamin,
1038 1581 1067 1631 et
1090 1591 1167 1631 nunc
1176 1574 1339 1631 ostenditur
1353 1576 1420 1631 villa
1435 1577 1566 1648 ejusdem
1580 1580 1707 1636 nominis

278 1627 390 1682 CAPUT
408 1626 475 1683 m·
859 1664 891 1720 in
904 1668 1007 1737 quarto
1036 1662 1170 1720 milliario
1186 1663 1353 1720 Bethlehem
1368 1665 1403 1720 ad
1418 1666 1595 1723 occidentem
1625 1669 1708 1740 juxta

88 1753 115 1806 l.
133 1781 167 1791 -—
181 1751 341 1806 Attulcmnt
359 1753 454 1820 igitur.
471 1749 550 1822 (Rea.
567 1752 598 1804 in
611 1751 716 1818 Porol,
731 1754 801 1805 tom.
859 1752 969 1808 Rhama
983 1755 1013 1808 et
1025 1753 1168 1818 Rhamon,
1182 1752 1233 1807 uhi
1251 1752 1397 1820 Salomon,
1421 1754 1522 1810 hostiis
1542 1756 1707 1826 immolatis,

74 1837 805 1910 riturarcainmediotabernaculi‚quodtetenderat
857 1837 987 1892 divinum
1004 1836 1110 1891 meruit
1132 1837 1294 1893 oraculum.
1325 1836 1389 1893 Fuit
1403 1842 1639 1912 autemscpcrata
1655 1842 1707 1898 ha-

74 1927 94 2001 l,
107 1927 136 1982 id
152 1932 195 1981 est
210 1926 280 1980 fides
300 1927 432 1981 Ecclesiae
452 1926 634 1998 praedicatur,
649 1926 763 1997 prolicit
777 1931 805 1982 at
855 1925 935 1982 ritis.

74 2033 94 2072 ir
121 2016 255 2071 cordibus
277 2014 416 2078 fidelium,
452 2030 524 2086 quos
550 2016 625 2070 Deus
656 2015 691 2071 ad
717 2016 803 2071 vitam
894 2017 928 2070 Ut
948 2012 1124 2069 benediceret.
1157 2012 1297 2085 (Hannon.)
1314 2014 1499 2071 Generationi
1517 2016 1709 2074 filiorumra·

74 2102 161 2159 inavit
172 2108 319 2157 aeternam.
858 2107 945 2157 caret.
959 2100 1016 2157 arii
1030 2116 1083 2172 par
1096 2099 1289 2172 antiphrasim
1302 2101 1531 2159 benedictionem
1547 2106 1708 2177 accipiunt,

87 2194 116 2247 2
136 2222 171 2231 -
194 2190 344 2245 Benedicat
358 2191 468 2260 populo.
489 2190 617 2246 Christus
637 2195 665 2246 et
678 2189 804 2246 devolio-
858 2189 977 2244 domum
992 2194 1100 2256 autem,
1116 2189 1219 2244 llicbol
1234 2188 1323 2245 liliam
1344 2190 1421 2258 Saul,
1437 2208 1525 2264 qnam
1540 2193 1710 2266 increpabat

74 2278 172 2334 clasiae
191 2277 381 2338 commendat,
398 2277 485 2345 Patri,
504 2277 555 2349 qui
569 2278 656 2333 ctiam
684 2277 719 2332 ad
740 2277 805 2332 dcx·
858 2277 956 2349 David,
969 2276 1037 2351 quia
1051 2277 1180 2350 desperit
1197 2292 1263 2332 eum
1278 2278 1430 2334 saltantem
1451 2295 1548 2336 coram
1561 2297 1628 2337 arca
1652 2282 1709 2338 llo-

74 2366 162 2422 Patris
178 2366 342 2437 interpellat
353 2381 405 2436 pro
418 2365 511 2436 nobis,
527 2370 556 2421 ct
570 2373 707 2439 tanquam
722 2382 805 2421 veros
857 2365 943 2422 miui.

74 2455 222 2523 benedicit,
258 2460 287 2510 et
310 2454 442 2510 salutaris
478 2455 608 2526 mysterii
631 2454 722 2527 pascit
753 2454 805 2510 ali·
1177 2453 1290 2510 CAPUT
1307 2452 1388 2511 xvii.

893 2546 974 2599 Vsus.
999 2544 1025 2599 2.
1041 2572 1076 2584 -
1090 2545 1126 2598 at
1140 2544 1181 2598 ait
1194 2543 1314 2599 Notbon.
1331 2543 1422 2614 (Rea,
1435 2542 1484 2599 ubi
1500 2543 1609 2616 snprn)
1626 2547 1709 2604 Patet
1723 2575 1725 2578 >

90 2635 118 2689 3.
142 2635 236 2688 -iit
258 2632 362 2687 diuisit.
384 2633 449 2687 llaec
470 2648 589 2687 munera
614 2632 713 2687 fidelos
732 2630 805 2687 acci·
857 2632 937 2705 quod
950 2630 1111 2703 prophetiae
1133 2630 1249 2703 spiritus
1276 2646 1334 2686 nou
1359 2647 1473 2702 semper
1500 2634 1709 2704 prophetarum

74 2723 187 2794 quando
201 2738 275 2776 arnus
290 2721 373 2794 panis
393 2727 421 2775 et
435 2737 525 2775 unum
549 2737 653 2792 corpus
677 2720 760 2776 multi
774 2721 806 2776 in
858 2725 970 2776 mentes
995 2719 1125 2788 irradiat,
1150 2719 1227 2775 unde
1243 2719 1358 2775 Elisaeus
1383 2723 1518 2777 :Dimitte
1542 2737 1611 2791 eon,
1640 2725 1707 2795 quio

74 2848 80 2871 .
111 2809 206 2864 carnis
229 2825 288 2863 suae
308 2808 453 2863 lasciviam
473 2809 644 2880 castigantes
667 2814 696 2864 et
718 2809 805 2864 servi·
858 2811 965 2865 animus
989 2808 1048 2878 ejus
1062 2811 1092 2863 in
1117 2807 1301 2864 amaritudine
1319 2811 1553 2877 artemonibus
1580 2811 1710 2868 celavito

74 2897 224 2971 ejicientes,
240 2898 329 2952 sancti
348 2897 472 2968 Spiritus
495 2898 562 2968 igne
587 2897 762 2968 decoquunt,
778 2902 807 2952 et
858 2913 910 2968 me,
934 2901 989 2964 etc,
1004 2896 1086 2962 Quod
1101 2896 1198 2953 diviua
1212 2895 1425 2969 dispensatione
1453 2897 1497 2965 fit,
1522 2903 1553 2953 ot
1567 2899 1709 2972 accipien-

82 2987 227 3043 bonorum
244 3003 364 3058 opernm
381 2988 445 3041 olco
462 2986 664 3041 misericordia
679 2985 806 3057 pinguis·
823 2993 843 3050 c
862 2990 905 3042 tes
928 2985 1068 3057 Spirtum,
1084 2984 1232 3040 inveniant
1255 2985 1325 3056 quid
1351 2985 1387 3041 de
1402 2987 1461 3042 lieo
1489 2986 1562 3058 ioit;
1584 2992 1614 3044 et'
1627 2990 1710 3046 emit·

74 3075 256 3146 ompossione
276 3075 400 3146 proximi
426 3075 536 3130 fervere
551 3075 668 3130 faciunt.
685 3078 722 3130 llt
736 3090 806 3129 con-
861 3078 964 3143 tentes,
978 3073 1048 3146 quid
1062 3074 1097 3130 de
1111 3072 1193 3145 ipsis.

74 3163 165 3220 rSaul
191 3164 296 3218 frustra
318 3163 481 3219 cubiculum
510 3165 585 3234 regis
604 3164 731 3235 ingressa
750 3179 808 3219 non
897 3163 1020 3218 vensi.
1036 3192 1070 3204 -
1099 3163 1158 3219 lt'on
1180 3160 1336 3232 edificabis.
1366 3162 1439 3227 Quia
1463 3164 1507 3218 sir
1534 3165 1709 3237 sanguinum

74 3258 122 3319 vat,
145 3252 213 3324 quia
235 3253 285 3324 qui
309 3252 428 3308 verbum
451 3252 500 3307 liei
524 3268 592 3307 arare
617 3256 700 3307 tenus
714 3249 807 3323 perci·
862 3266 903 3305 es.
923 3249 1100 3306 Debetcnim
1115 3250 1145 3306 in
1164 3266 1193 3305 se
1215 3250 1341 3306 mundus
1355 3266 1425 3317 esse,
1442 3251 1493 3324 qui
1514 3253 1608 3310 aliena
1621 3254 1712 3311 corri-

74 3341 120 3398 ine
132 3341 203 3397 boui
217 3341 313 3413 operis
327 3342 409 3412 prole
424 3341 596 3395 moriuntur.
863 3354 931 3410 gere
957 3340 1028 3409 vult,
1059 3343 1091 3394 ot
1104 3343 1219 3395 terrena
1231 3338 1374 3396 desideria
1388 3339 1489 3412 fugiat,
1505 3344 1534 3397 et
1547 3346 1627 3399 tanto
1643 3359 1713 3415 per-

74 3443 114 3487 ιιιι
131 3432 197 3486 oleo.
212 3430 365 3486 Cerncma
384 3428 492 3500 peccati
508 3428 578 3497 sale,
593 3425 700 3482 scilicet
724 3443 809 3482 mun·
863 3426 1147 3500 spicaciusiogienda
1161 3427 1264 3496 rideat,
1278 3432 1386 3500 quanto
1400 3427 1463 3500 ipse
1475 3429 1537 3486 brec
1553 3447 1606 3504 per
1620 3433 1713 3489 scien·

74 3534 120 3587 un,
142 3518 180 3573 ob
205 3519 339 3573 humanm
362 3517 462 3572 salutis
483 3532 599 3572 causam
615 3517 707 3571 crucis
722 3520 809 3570 sarta
864 3515 936 3572 tiam
962 3519 992 3572 et
1016 3515 1105 3572 vitam
1144 3515 1238 3571 serim
1265 3516 1398 3572 declinat.
1412 3516 1591 3590 Superjectas
1614 3520 1715 3577 sordes

74 3612 158 3676 amm,
174 3608 236 3662 oleo
262 3606 409 3661 charitatis
432 3606 559 3677 plenam.
576 3605 622 3663 Sic
648 3607 719 3660 enim
740 3607 810 3661 Deus
864 3621 968 3661 manus
998 3602 1148 3676 detergere
1171 3620 1230 3660 non
1259 3605 1376 3667 valeret,
1406 3622 1469 3677 quae
1506 3606 1601 3664 lutum
1625 3613 1713 3666 tenet.

81 3695 213 3752 mnndum
233 3699 264 3749 ut
288 3695 391 3750 Fttium
405 3694 574 3761 unigenitum
593 3692 683 3762 duret,
703 3692 754 3764 qui
775 3708 811 3747 ex
864 3693 946 3759 Quod
972 3694 1053 3763 juxta
1074 3692 1202 3764 antiquae
1227 3693 1420 3748 translationis
1447 3694 1552 3750 seriem
1577 3694 1652 3753 hene
1677 3697 1716 3754 ad

74 3789 101 3840 te
114 3799 215 3856 passus
229 3787 283 3840 est.
865 3779 954 3837 David
968 3795 1036 3852 erga
1051 3779 1194 3836 exteriora
1218 3779 1292 3835 bolla
1306 3778 1485 3836 laborantem
1503 3796 1556 3852 per
1574 3783 1715 3855 signitica-

74 3914 80 3929 .
109 3877 139 3929 7.
167 3902 202 3913 -
224 3874 256 3928 ln
279 3873 325 3927 illo
349 3872 402 3927 die.
436 3870 508 3936 Qiria
531 3871 660 3927 Christos
679 3870 812 3926 ordinem
867 3868 977 3925 tionem
999 3871 1029 3924 et
1055 3865 1153 3923 divina
1179 3881 1247 3922 voce
1273 3866 1400 3922 dicitur:
1428 3869 1488 3925 Non
1513 3873 1544 3923 tu
1566 3870 1715 3941 adtdcohr's

74 3976 115 4019 tm
128 3962 160 4016 in
174 3959 300 4016 culmine
323 3958 520 4014 ecclesiasticae
543 3957 692 4030 dignitatis
706 3959 813 4014 consti·
866 3957 936 4013 mibi
948 3957 1085 4026 ternplum,
1106 3956 1173 4025 quio
1196 3954 1241 4009 vir
1262 3956 1477 4024 sanguinantes.
1497 3956 1649 4028 Templum
1664 3959 1717 4015 llo·

74 4049 138 4123 isph
164 4049 241 4104 enim
267 4064 442 4118 congregans,
472 4048 687 4119 interpretatur.
717 4047 814 4118 Asapb
868 4042 941 4101 mini
950 4044 1083 4111 aedificat,
1098 4043 1150 4115 qui
1168 4041 1345 4114 corrigendis
1357 4043 1558 4114 proximorum
1571 4047 1717 4104 mentibus

74 4137 208 4194 tiratrcs
233 4138 295 4209 ejus
318 4144 385 4193 sunt
407 4137 531 4208 apostoli
552 4141 581 4191 et
600 4134 747 4208 apostolici
761 4134 815 4190 viri
868 4137 957 4189 vacat.
971 4130 1122 4203 Templum
1142 4129 1193 4186 lici
1213 4145 1324 4197 somus,
1339 4129 1389 4203 qni
1401 4130 1438 4187 ad
1453 4146 1551 4188 veram
1576 4133 1662 4191 vitam
1683 4151 1717 4190 ex

74 4226 242 4300 gregandos
262 4226 359 4281 iidelos
385 4225 545 4293 constituti,
572 4225 607 4281 de
625 4225 731 4298 quihus
744 4224 814 4282 dici·
869 4221 931 4294 ejus
958 4219 1134 4276 habitatione
1159 4218 1370 4289 constituimur,
1387 4219 1464 4277 unde
1485 4236 1492 4275 ι
1510 4223 1648 4292 Templum
1670 4225 1719 4281 Dei

74 4317 221 4376 cometam
249 4331 293 4371 eos
315 4317 453 4385 principes
476 4329 561 4384 super
581 4329 685 4369 ornnem
703 4319 814 4370 tmom.
835 4336 859 4394 Β
879 4313 1052 4367 conclament
1066 4307 1139 4378 qood
1152 4309 1215 4363 eatis
1231 4322 1278 4364 ooe
1295 4307 1318 4379 (1
1332 4309 1397 4365 Cor.
1414 4309 1467 4382 ιιι.)
1482 4309 1531 4365 Vir
1544 4311 1719 4384 sanguinum

74 4421 82 4461 ι
107 4411 202 4461 autem
220 4403 395 4459 laudationis
415 4419 503 4475 quem
518 4403 580 4473 ipse
596 4402 684 4457 David
698 4418 816 4473 compo·
871 4398 1011 4470 templum
1030 4396 1081 4453 hei
1108 4397 1240 4452 aedificat.
1265 4395 1319 4461 Qui
1348 4396 1425 4453 enim
1451 4399 1544 4454 adhuc
1559 4401 1720 4458 carnalibus

74 4493 193 4566 scriptor
207 4492 483 4565 historiainseruit,
502 4492 599 4547 dicens
616 4508 622 4546 :
646 4492 818 4563 confitemini
871 4487 999 4556 incubat,
1013 4491 1180 4542 necesseest
1194 4490 1228 4540 ut
1241 4484 1383 4542 instrucre
1400 4487 1599 4559 proximorum
1609 4495 1721 4547 mentm

74 4598 95 4653 p,
111 4587 165 4638 ete,
871 4576 1034 4632 erubeseat.

75 4673 128 4728 .8.
152 4700 188 4712 -
206 4670 392 4742 confitemini,
417 4674 469 4724 ctc.
487 4667 610 4723 Alleluia
624 4667 692 4722 huic
707 4665 818 4736 psalmo
907 4667 993 4722 Vsus.
1023 4667 1049 4720 9.
1076 4695 1111 4705 -
1133 4665 1185 4722 Nec
1205 4663 1272 4732 fitia.
1308 4663 1403 4736 (Res.)
1422 4665 1523 4721 ilostos
1551 4665 1722 4739 alienigene

74 4759 177 4815 ilatum
201 4763 253 4825 est,
268 4764 298 4814 ct
312 4758 471 4813 secundom
492 4757 699 4827 Hieronymum
725 4752 820 4809 neutri
874 4769 926 4825 per
946 4753 1098 4809 intervalla
1110 4757 1287 4825 temporum,
1302 4752 1375 4809 sicut
1389 4752 1458 4808 olim
1478 4754 1559 4825 prius
1568 4770 1624 4826 par
1637 4757 1723 4813 modo

74 4854 154 4905 sest.
175 4847 279 4914 Attcln,
296 4845 659 4902 laudate:tcinvisihilem
674 4842 820 4899 Deumsi·
873 4843 994 4899 bellum.
1023 4842 1213 4899 inveniuntur
1239 4846 1336 4897 tamen
1354 4840 1395 4897 ihi
1414 4842 1571 4913 prolixiora
1589 4850 1723 4917 tempora

75 4941 100 5003 t,
119 4936 199 5008 quod
227 4941 380 4990 estonum
404 4934 440 4990 de
455 4935 553 4990 dacem
575 4933 627 4988 liei
642 4931 821 5000 nominibus,
874 4929 953 5003 pacis
973 4944 1061 5003 quam
1089 4929 1222 4985 Salomon
1236 4928 1346 4984 habuit.
1368 4927 1425 4985 Sub
1456 4929 1517 4985 Aod
1541 4929 1619 4987 enim
1647 4940 1725 4990 octo·

74 5024 225 5095 aepistola
239 5024 273 5079 ad
290 5023 450 5078 llarcellam
460 5021 550 5078 tradit
562 5022 765 5093 Hieronymus.
876 5018 957 5091 ginta
969 5017 1039 5075 anui
1060 5019 1137 5090 pacis
1162 5018 1289 5076 luerunt.
1305 5015 1386 5072 Absit
1399 5033 1468 5090 ergo
1483 5021 1515 5074 ut
1528 5017 1564 5074 de
1574 5018 1728 5078 &lamone

74 5132 89 5170 ι.
104 5115 149 5169 36.
167 5143 202 5153 -
216 5115 251 5167 Et
265 5113 343 5168 dicut
357 5112 456 5167 omnis.
478 5111 568 5179 (Res.)
581 5109 701 5165 Gentilis
713 5108 822 5164 scilicet
876 5105 938 5162 baec
952 5105 1141 5178 accipiantur.

74 5201 142 5259 lhnc
166 5199 293 5255 infidelis
307 5205 369 5255 erat
392 5200 509 5271 quando
533 5199 587 5254 isle
612 5189 743 5263 canebat,
774 5197 825 5269 qui
914 5196 997 5252 Vsas.
1025 5197 1065 5250 tl.
1083 5224 1118 5236 -
1137 5195 1257 5265 cunque
1282 5194 1446 5264 impleveris.
1463 5195 1599 5253 Salomon
1620 5201 1728 5265 cotem,

83 5289 247 5363 prophetiae
257 5287 362 5343 virtute
382 5287 514 5342 inductus
528 5291 581 5352 est,
597 5291 630 5341 ut
648 5300 745 5341 amore
758 5284 824 5340 uni·
880 5287 1017 5350 regnante
1042 5288 1134 5354 patre,
1152 5298 1272 5354 regnare
1293 5283 1389 5354 coepit,
1415 5284 1492 5355 quod
1521 5286 1593 5342 nulli
1613 5286 1729 5343 illorum

74 5378 241 5435 itisdiceret
264 5380 356 5432 llmen
372 5392 467 5439 emen,
490 5374 575 5430 idest
601 5373 661 5440 liat,
677 5374 738 5439 ilat,
754 5373 827 5428 sicut
881 5388 983 5444 regom
1007 5371 1137 5443 contigit,
1159 5376 1192 5426 ut
1218 5370 1313 5443 ipsum
1333 5388 1393 5428 non
1419 5389 1480 5428 ease
1495 5382 1630 5447 appareat
1645 5392 1731 5449 quam

88 5466 238 5524 orantibus
269 5464 461 5535 respondetur
491 5465 593 5530 Amen,
616 5467 649 5518 ut
676 5462 829 5518 concordet
881 5458 1032 5533 prophetia
1046 5459 1101 5515 ista
1124 5459 1293 5532 praesignat.
1314 5460 1445 5517 Christus
1467 5479 1536 5521 voro
1558 5480 1643 5521 serus
1656 5463 1732 5538 paci·

74 5555 155 5613 ribus
175 5555 225 5627 pia
245 5553 425 5610 umrdotum
445 5552 567 5609 intentio
591 5556 621 5607 et
633 5548 736 5624 populi
758 5566 828 5607 sana
881 5550 952 5606 licus
967 5551 1167 5620 postmortem
1184 5547 1270 5605 llarid
1285 5564 1351 5606 sere
1379 5551 1520 5624 regnavit.
