3892 6106
117 254 171 311 503
435 250 637 307 wattitttbt
655 250 780 308 statut
799 248 899 305 roto.
920 246 1001 304 holt.
1021 246 1098 304 OPP.
1119 245 1218 304 etus.
1237 246 1259 302 1.
1280 275 1315 287 -
1333 244 1567 304 ruuotodtcs.
1823 245 1878 300 sos

117 392 204 448 usque
236 375 274 431 od
300 375 557 433 consummationem
591 375 684 431 saculi
718 373 825 441 (blattis.
865 371 1011 442 nutriti
1065 373 1146 428 Vens.
1162 375 1206 430 eo.
1223 401 1258 415 -
1278 373 1343 441 Quis
1366 373 1466 428 similis
1479 373 1529 440 toi,
1543 371 1662 443 populat
1687 371 1787 440 Quasi,
1811 372 1878 429 ideo

121 466 154 522 ut
169 465 237 521 alibi
258 481 264 521 :
283 467 409 524 Senectus
436 480 496 521 cneo
519 466 550 519 in
576 462 766 519 misericordia
789 451 867 518 aboi
890 463 973 534 (Psot-
1025 460 1135 530 beatus,
1150 462 1217 517 ideo
1231 461 1284 517 tibi
1303 460 1404 516 similis
1423 461 1529 528 nullus,
1547 460 1615 534 quia
1630 477 1688 516 non
1702 461 1739 516 de
1759 466 1808 517 tua
1823 462 1879 517 vir-

122 569 182 611 mus
194 555 262 625 xcv).
1025 551 1098 620 tute,
1114 550 1163 604 sed
1178 550 1213 604 de
1227 547 1333 606 Christi
1351 548 1443 621 gratia
1469 550 1589 605 salutem
1614 565 1722 622 speras,
1746 549 1797 622 qui
1822 552 1877 607 sal·

160 644 240 698 Vnus.
266 645 311 698 26.
336 642 447 701 -lton
470 646 510 698 est
530 644 609 699 Dens.
634 639 804 713 Supradiota
827 638 973 695 admirans
1025 653 1094 694 vum
1109 639 1176 694 iacit
1189 639 1329 710 populum
1343 653 1428 693 snum
1441 654 1458 693 a
1472 637 1596 710 peccatis
1610 654 1728 719 eorum.

122 729 152 785 in
167 731 253 786 laude
270 730 386 798 Christi,
415 729 466 803 qui
491 730 553 786 hoec
576 729 674 784 omnia
698 729 766 784 iecit
792 728 972 784 letabundus
1005 717 1010 725 ’
1061 729 1097 784 Et
1122 728 1232 796 gladius
1259 730 1361 795 pluria.
1384 728 1416 782 ln
1441 727 1538 783 futuro
1567 727 1743 784 adversarios
1766 727 1877 784 irrevo-

121 823 259 891 erumpit.
1026 815 1112 872 cubili
1127 815 1275 871 severitate
1290 815 1463 889 percutiens,
1483 817 1599 889 quando
1622 817 1795 888 sanguinem
1812 835 1872 873 ser·

155 911 291 962 Ascensor
311 908 379 963 omli.
402 905 523 978 Propria
546 904 651 961 virtute
667 904 805 974 ascendit,
826 907 855 959 ct
876 900 972 975 quoti·
1027 919 1129 959 vorum
1153 905 1313 961 ulciscetur.
1344 905 1460 960 Gladius
1482 905 1566 960 modo
1589 904 1636 961 hic
1662 905 1694 961 in
1709 905 1876 962 humilitate

121 995 168 1052 die
184 994 338 1050 Ecclesiam
352 995 388 1051 ad
404 1011 434 1050 se
452 993 549 1049 trahit.
568 995 706 1050 Trebenna
719 999 780 1066 post
800 998 834 1060 te,
849 1007 926 1049 cume
943 992 973 1045 in
1026 992 1197 1063 patientium
1221 993 1387 1059 occultatur,
1410 992 1440 1048 in
1455 993 1546 1064 gloria
1566 994 1781 1066 resurgentium
1800 1011 1877 1052 rave

121 1084 228 1140 odorem
242 1087 441 1151 ungumtorum
457 1087 564 1137 tuorum
585 1080 676 1152 (Cant.
693 1081 724 1153 ι).
1026 1080 1142 1150 labitur,
1168 1081 1230 1137 ideo
1256 1081 1367 1151 oiodius
1392 1081 1486 1150 gloria
1507 1083 1593 1137 lsrael
1609 1081 1723 1138 dicitnr.
1748 1083 1874 1139 Christus

156 1171 257 1230 Nubes.
285 1170 428 1243 Apostoli,
450 1169 500 1244 qui
514 1170 620 1242 pluunt
634 1170 738 1237 verbis,
754 1172 905 1224 coruscant
919 1167 972 1222 mi·
1027 1185 1096 1242 crgo
1119 1170 1201 1243 quasi
1232 1174 1344 1225 scutum
1372 1170 1496 1242 protegit
1521 1170 1713 1242 praeliantem,
1738 1177 1768 1226 et
1789 1172 1869 1245 quasi

123 1261 228 1319 raeulis
246 1278 253 1316 ε
270 1277 344 1332 qnos
372 1259 529 1315 ascendens
547 1260 577 1314 in
596 1261 699 1314 coetum
727 1258 806 1313 misit
820 1258 856 1313 ad
871 1256 973 1329 pradi·
1027 1259 1138 1330 gladius
1162 1259 1263 1331 glorias
1295 1259 1447 1315 ulciscetur
1471 1259 1709 1331 triumphantem.
1738 1260 1780 1316 hd
1805 1276 1870 1316 enm

122 1349 245 1405 candum
262 1365 270 1415 3
286 1349 388 1404 vinde:
417 1350 513 1406 Vocem
529 1347 757 1403 dederuntnnbes
773 1347 855 1417 (Psoi.
871 1343 972 1414 cxxvi),
1027 1347 1109 1418 quasi
1129 1348 1164 1402 ad
1183 1352 1293 1419 caput,
1315 1346 1346 1403 in
1362 1347 1419 1404 fine
1431 1348 1558 1404 vaticinii
1571 1348 1695 1405 retertur
1709 1348 1800 1422 gloria
1813 1367 1874 1405 cor·

123 1438 393 1512 quaescilicetnullo
411 1441 575 1493 remorante
591 1437 906 1506 discurrunt,nonsua,
924 1434 973 1489 sed
1027 1437 1118 1508 poris,
1133 1452 1199 1491 cum
1214 1435 1318 1492 dicitur
1335 1453 1342 1492 ε

123 1527 227 1584 Christi
245 1527 350 1582 virtute
377 1526 459 1598 signa
484 1530 512 1580 et
529 1525 662 1598 prodigia
675 1525 821 1590 iacientes,
838 1528 866 1579 et
890 1521 973 1597 quasi
1061 1525 1213 1593 Negobunt.
1238 1524 1491 1581 abominabuntur
1514 1528 1542 1580 et
1557 1525 1664 1590 odient,
1688 1523 1765 1581 sicut
1784 1527 1875 1598 balac,

123 1615 370 1672 coruscationibus
397 1615 483 1671 corda
510 1614 676 1670 mortalium
698 1618 847 1680 terrentes,
870 1613 947 1668 unde
964 1628 970 1667 :
987 1662 1008 1720 Β
1028 1612 1079 1685 qui
1092 1612 1201 1684 rogavit
1216 1613 1340 1679 Balaam,
1355 1616 1388 1667 ut
1410 1612 1552 1668 lsraelitas
1564 1613 1764 1670 maledicendo
1778 1616 1876 1688 repel-

122 1707 226 1762 Bonum
253 1708 392 1761 certamen
428 1707 541 1772 catoni,
578 1718 687 1759 cursum
715 1705 898 1760 consummaui
935 1701 975 1774 (ll
1026 1702 1108 1758 leret.

126 1793 196 1849 itm.
213 1794 263 1864 vv).
1062 1790 1194 1849 omousi.
1211 1789 1393 1862 Subjieiendo
1418 1805 1465 1845 eos
1490 1789 1628 1857 Ecclesia,
1656 1806 1745 1863 quam
1765 1789 1877 1847 aborm·

158 1883 240 1937 Vnae.
257 1885 307 1939 27.
335 1912 371 1924 -
393 1881 585 1938 llobitocuturn
611 1880 669 1950 ejas
694 1889 812 1944 sursum,
829 1883 882 1936 etc.
904 1879 972 1936 Cor·
1027 1885 1133 1937 uantur
1146 1885 1175 1935 et
1188 1884 1411 1953 persequuntur.

124 1986 213 2044 pusa
234 1969 355 2025 mortuis
378 1970 544 2026 suscitatum
559 1971 590 2026 iu
611 1969 702 2027 Patris
722 1969 839 2025 dextera
853 1968 973 2025 colloca·
1062 1969 1223 2024 Notandum
1239 1967 1371 2024 undecim
1388 1970 1571 2022 aestimasse
1586 1966 1811 2025 benedictiones.
1831 1969 1877 2025 Si-

124 2063 198 2127 tnm,
217 2059 251 2114 de
268 2075 325 2131 quo
339 2059 445 2114 dicitur
460 2077 467 2115 :
483 2060 588 2115 Solvite
598 2058 740 2130 templum
755 2058 808 2113 hoc
819 2057 913 2130 (deon.
930 2059 970 2128 ιι).
1026 2073 1110 2113 meon
1125 2073 1250 2130 namque
1264 2057 1295 2111 in
1309 2056 1354 2111 his
1367 2055 1616 2112 benedictionibus
1639 2072 1697 2111 non
1720 2059 1876 2129 reperitur,
1933 2047 1936 2052 ⁵

160 2148 289 2205 Brachia.
316 2149 412 2203 Virtus
425 2147 532 2204 scilicet
549 2147 699 2220 passionis,
715 2163 780 2221 quea
806 2163 905 2203 omnes
922 2148 972 2204 de·
1025 2145 1057 2203 in
1076 2162 1133 2218 quo
1145 2146 1232 2203 ludas
1245 2146 1281 2202 ab
1292 2146 1427 2218 apostolis
1437 2145 1608 2214 excluditur,
1616 2144 1752 2201 undecim
1764 2151 1877 2213 tantum

124 2237 224 2301 tendit,
242 2252 329 2310 quam
344 2237 374 2292 iu
386 2252 470 2292 cruce
491 2236 612 2293 estensis
626 2235 750 2292 brachiis
764 2236 881 2308 accepit.
1026 2235 1251 2292 remanentibus.
1279 2235 1348 2290 Inde
1379 2250 1494 2307 quoque
1519 2235 1653 2290 undecim
1679 2235 1877 2291 mansionibus

167 2327 265 2383 Subter
288 2326 409 2382 bractio.
426 2325 537 2382 Scilicet
556 2326 617 2382 hac
632 2325 749 2381 brachia
762 2329 860 2381 contra
872 2341 973 2382 verum
1026 2324 1079 2381 filii
1095 2324 1181 2380 lsrael
1207 2325 1242 2380 de
1265 2322 1358 2379 lloreb
1381 2328 1576 2396 pervenerunt
1599 2322 1634 2379 ad
1653 2324 1751 2379 locum
1773 2324 1877 2397 inquo

129 2413 243 2468 Amalec
256 2413 424 2468 dimicantes
449 2413 626 2491 detendunt:
645 2429 698 2469 nec
716 2413 789 2469 sicut
809 2415 898 2486 tloysi
920 2416 974 2471 las·
1027 2412 1283 2470 Deuteronomium
1305 2416 1485 2483 acceperunt.

127 2500 252 2557 situdine
266 2506 429 2574 gravantur,
453 2503 501 2557 sed
525 2501 666 2557 indefessa
691 2502 796 2558 virtute
811 2503 971 2574 sublevant,
1328 2502 1441 2558 CAPUT
1460 2501 1571 2557 xxxttt.

128 2589 220 2645 donec
247 2607 344 2646 veram
367 2594 581 2664 consequantur
606 2590 767 2648 victoriam.
797 2592 973 2649 Veneremur
1062 2591 1150 2646 Vsus.
1166 2594 1190 2646 t.
1208 2619 1242 2630 —
1257 2591 1391 2646 Ascendit
1399 2606 1471 2660 ergo
1484 2591 1554 2645 Tam
1566 2591 1675 2662 Moyses
1684 2607 1773 2664 quam
1782 2592 1878 2648 catari

129 2694 199 2749 ergo
213 2679 244 2734 in
270 2680 402 2752 supernis
420 2680 561 2751 primitias
581 2684 685 2735 nostra
701 2681 925 2748 resurrectionis,
942 2683 972 2737 in
1026 2682 1122 2752 patres
1149 2677 1257 2733 Veteris
1271 2678 1444 2733 Testamenti
1464 2694 1517 2749 per
1539 2677 1673 2750 spiritum
1696 2679 1727 2734 in
1752 2680 1878 2737 altitudi-

116 2766 236 2845 ,intimis
250 2774 460 2825 sacramentum
476 2773 581 2824 nostrae
594 2768 809 2839 redemptionis,
825 2773 857 2824 ut
866 2773 895 2824 et
906 2768 971 2840 ipsi,
1028 2783 1095 2822 nem
1124 2766 1374 2838 contemplationis
1406 2766 1502 2834 levati,
1531 2766 1691 2838 praevidere
1720 2773 1879 2839 potnerunt

127 2840 271 2913 debellato
286 2857 460 2928 adversario,
486 2857 711 2913 immortalitatis
733 2857 854 2929 gloriam
872 2873 972 2913 conse·
1029 2856 1152 2928 gratiam
1170 2855 1239 2911 Novi
1249 2855 1434 2923 Testamenti,
1451 2871 1516 2928 qua
1541 2856 1571 2911 in
1592 2855 1704 2912 Christo
1728 2856 1796 2912 data
1825 2862 1876 2926 est,

127 2961 263 3018 quamur,
287 2948 322 3003 de
338 2964 396 3021 quo
421 2963 488 3003 vero
515 2946 612 3002 lsraeli
626 2946 804 3017 promittitur
819 2962 826 3003 :
842 2948 942 3018 Ejiciet
956 2955 1009 3012 oc
1027 2951 1056 2999 et
1068 2945 1208 2999 virtutum
1223 2943 1374 2999 collatione
1390 2949 1418 2999 et
1438 2944 1559 3000 coelestis
1578 2943 1660 3015 regni
1674 2945 1877 3018 perceptione:

126 3033 200 3100 socie
212 3038 260 3088 tuo
273 3037 422 3090 inimicum.
1027 3032 1152 3088 sedeam
1169 3031 1198 3086 in
1214 3047 1299 3088 carne
1314 3036 1477 3104 exspectare
1493 3048 1552 3088 non
1574 3039 1742 3104 potuerunt,
1767 3034 1798 3088 in
1821 3035 1879 3091 flde

165 3129 202 3182 Et
218 3124 299 3179 sotus.
315 3123 372 3179 Suo
388 3122 494 3178 seilicet
513 3138 593 3178 more
615 3125 644 3177 et
657 3121 716 3176 suis
739 3121 851 3195 legibus
864 3123 972 3193 vivens,
1027 3126 1124 3178 autem
1140 3125 1168 3176 et
1179 3136 1229 3192 spe
1243 3121 1348 3176 mortui
1363 3126 1440 3195 sunt,
1458 3120 1492 3176 ad
1507 3121 1615 3177 interos
1624 3120 1748 3191 deducti,
1769 3122 1819 3178 nbi
1835 3140 1881 3179 ex·

127 3216 205 3274 unde
231 3212 344 3268 halaam
365 3212 507 3280 :Populus
523 3212 595 3266 sotus
608 3210 746 3265 habitabit
759 3215 785 3266 et
799 3213 870 3266 inter
883 3216 974 3281 gentes
1029 3209 1196 3282 spectabant
1212 3210 1409 3282 Redemptoris
1426 3211 1590 3276 adventum,
1622 3210 1673 3283 qui
1692 3226 1745 3282 per
1759 3210 1880 3283 sangui-

127 3321 182 3361 non
195 3300 368 3372 reputabitur
380 3299 469 3368 (Num.
485 3298 573 3369 xxviv).
1028 3314 1097 3354 nem
1113 3314 1172 3353 sua
1187 3298 1394 3370 redemptionis
1408 3297 1475 3354 inde
1490 3315 1540 3352 eos
1552 3298 1698 3355 liberarat

164 3393 246 3447 Vens.
262 3391 307 3443 28.
323 3417 358 3426 —
382 3387 478 3443 Ocalea
499 3386 597 3441 Jacob.
623 3385 678 3451 Qui
691 3385 738 3440 hic
751 3385 827 3441 vitiis
842 3385 976 3457 supplan·
1064 3387 1240 3458 Ostenditque
1257 3390 1291 3442 ei.
1307 3388 1423 3443 lerram
1439 3387 1636 3459 promissionis
1661 3388 1732 3444 vidit
1759 3388 1880 3459 lloyses,

128 3479 224 3537 tundis
246 3474 412 3541 desudabat,
442 3473 482 3528 ibi
513 3490 543 3529 se
566 3473 710 3529 levissimo
734 3474 841 3529 mentis
868 3475 976 3531 intuitu
1029 3492 1082 3532 nec
1097 3476 1225 3545 intravit,
1240 3476 1536 3549 quialexadventum
1551 3476 1656 3534 Christi
1675 3482 1704 3532 et
1719 3476 1880 3532 doctrinam

128 3567 251 3641 gloriam
272 3562 386 3631 Christi,
403 3561 453 3635 qui
472 3566 589 3634 propter
603 3578 656 3616 nos
673 3569 779 3618 terram
793 3579 869 3619 verre
884 3565 977 3619 carnis
1030 3565 1175 3636 Evangelii
1190 3564 1284 3620 verbis
1298 3570 1327 3619 et
1341 3565 1442 3637 liguris
1457 3565 1649 3637 presignavit,
1668 3565 1718 3621 sed
1731 3565 1880 3621 neminem

129 3656 250 3727 accepit,
275 3651 470 3708 indesinenter
485 3650 751 3721 contemplabitur:
780 3655 813 3707 ut
836 3653 917 3724 ouJ'us
931 3653 977 3709 hio
1030 3653 1240 3724 adperiectum
1255 3653 1347 3709 duxit.

129 3746 250 3814 corpore
277 3744 307 3795 et
319 3739 459 3810 sanguine
484 3755 535 3811 per
558 3743 768 3794 sacramentum
784 3739 922 3795 frumenti
948 3745 978 3796 et
1066 3743 1145 3798 Vens.
1161 3745 1192 3797 2.
1211 3772 1245 3782 -
1272 3742 1380 3799 Omnem
1407 3746 1517 3798 terram.
1542 3745 1656 3798 Partem
1677 3743 1771 3798 omnis
1786 3747 1881 3811 terrae,

128 3832 189 3887 vini
201 3829 380 3902 pascebatur,
396 3827 438 3882 ibi
458 3827 612 3882 divinitatis
640 3828 701 3898 ejus
716 3832 855 3900 perpetua
867 3829 977 3885 visione
1031 3846 1118 3904 qnam
1131 3846 1164 3885 er
1181 3829 1320 3885 altissimo
1334 3834 1432 3885 monte
1446 3830 1540 3903 poluit
1552 3831 1659 3887 videre.
1690 3832 1740 3887 Vel
1765 3848 1881 3887 omnam

131 3920 288 3993 saginetur,
314 3916 412 3973 unde:
440 3916 567 3973 satiabor
601 3933 661 3973 crim
696 3921 857 3988 opposuerit
889 3920 978 3986 gioria
1031 3922 1138 3974 terram
1158 3918 1284 3974 ostendit
1299 3919 1326 3973 ei
1339 3919 1368 3973 in
1383 3919 1495 3992 spiritu.

131 4015 180 4066 tuo
208 4009 291 4080 (Psoi.
316 4007 389 4077 xvv).
422 4007 454 4061 Et
479 4005 568 4061 alibi:
598 4007 779 4074 Manifestobo
798 4009 824 4062 ei
847 4010 978 4078 meipsum
1068 4007 1147 4062 Vnus.
1172 4010 1198 4062 5.
1223 4037 1258 4048 -
1286 4009 1467 4080 Moriensque
1490 4015 1530 4066 est
1549 4010 1599 4079 ibi,
1615 4013 1667 4065 etc.
1685 4009 1762 4066 Nulli
1777 4011 1883 4066 electo·

131 4100 224 4171 (Joon.
250 4095 315 4167 xiv).
345 4097 424 4151 Tunc
449 4095 535 4150 Jacob
560 4095 589 4150 in
613 4095 772 4166 perfectum
796 4096 882 4152 lsrael
907 4112 979 4152 con·
1031 4111 1096 4151 rum
1122 4095 1223 4167 parcit,
1250 4099 1280 4151 et
1309 4096 1566 4170 minima'quoque
1592 4101 1708 4170 peccata
1737 4099 1884 4154 ulciscitur

131 4202 240 4254 versus,
268 4183 340 4239 facie
363 4183 400 4238 ad
425 4182 527 4238 taciem
555 4183 647 4239 Deum
662 4182 777 4253 videbit,
803 4187 863 4238 tam
886 4184 977 4256 larga,
1033 4185 1106 4240 Deus
1121 4184 1207 4239 etiam
1222 4183 1253 4239 in
1269 4184 1392 4252 amicis3
1417 4186 1520 4242 unde:
1552 4189 1654 4260 itoyses
1668 4191 1694 4242 et
1716 4187 1813 4243 Aaron
1836 4203 1883 4243 so-

131 4277 191 4328 tam
217 4270 324 4338 subtili,
351 4275 411 4325 tam
430 4270 588 4326 delectabili
617 4271 668 4326 liei
691 4270 863 4342 cognitione,
893 4273 1013 4345 quasit)
1031 4272 1183 4329 cordatione
1210 4274 1287 4344 ejus,
1315 4277 1343 4328 et
1359 4273 1493 4330 addidit:
1522 4276 1661 4346 Propitius
1691 4277 1775 4344 piari
1792 4280 1840 4342 eis,
1859 4283 1884 4332 et

131 4360 274 4417 levissimo
301 4375 366 4415 rore
389 4359 525 4431 repletus,
554 4363 585 4414 ut
611 4359 828 4430 predicatorem
861 4361 979 4418 scientia
1031 4362 1161 4417 ulciscens
1187 4346 1218 4416 in
1240 4376 1329 4417 omnes
1357 4362 1559 4419 adinventiones
1578 4379 1679 4419 eorum.
1710 4364 1784 4435 Lege
1807 4365 1885 4420 scili-

132 4465 190 4522 qua
204 4447 379 4521 inpraesenti
393 4447 564 4503 instruimur
578 4448 701 4519 caligare
713 4448 844 4504 videatur
858 4465 865 4517 ;
880 4447 976 4505 unda:
1032 4453 1076 4505 cet
1101 4448 1192 4517 linita,
1219 4465 1285 4522 quae
1312 4450 1426 4506 servivit
1454 4452 1576 4507 Domino
1604 4452 1635 4506 in
1660 4455 1791 4522 tempore
1819 4469 1882 4518 suo,

132 4538 195 4595 Siue
220 4540 333 4593 scientio
356 4536 509 4592 destruetur
536 4537 562 4606 (l
584 4537 644 4594 Gor.
672 4535 745 4608 1111).
772 4538 805 4592 Et
823 4537 892 4593 alibi
907 4554 914 4593 ε
932 4540 978 4593 Te·
1031 4537 1102 4593 urbs
1121 4538 1266 4594 destructa
1290 4544 1318 4593 et
1344 4540 1443 4608 altare,
1472 4555 1616 4612 nusquam
1641 4540 1791 4608 sacrificia,
1815 4556 1883 4596 nus-

132 4626 247 4682 nebrosa
274 4641 347 4695 aquo
361 4629 391 4681 in
404 4625 521 4681 numius
536 4627 619 4694 aeris,
645 4640 703 4695 pra
715 4625 852 4694 petonem
877 4628 907 4681 in
921 4641 979 4682 con·
1033 4642 1120 4698 quam
1134 4626 1282 4694 libamina,
1298 4643 1442 4699 nusquam
1463 4627 1595 4699 sacerdos
1613 4630 1657 4684 vel
1669 4629 1808 4700 pontifex.

133 4721 224 4786 spectu
243 4716 302 4785 ejus
330 4715 412 4787 (Prot.
437 4716 514 4785 xva),
545 4713 692 4786 adquam
721 4729 786 4768 cum
809 4720 979 4786 perventum
1067 4716 1148 4770 Vens.
1164 4719 1190 4771 6.
1206 4717 1370 4772 -lnoolle
1388 4719 1533 4772 lnmonte
1551 4717 1883 4781 mortuusest.invallc

133 4804 230 4872 tuerit,
255 4803 350 4858 omnis
374 4802 435 4857 hac
450 4802 581 4857 doctrina
598 4799 730 4863 cessabit,
744 4806 770 4857 et
784 4806 864 4857 aunt
890 4817 979 4859 omnes
1033 4805 1161 4873 sepultus
1176 4809 1229 4874 est,
1244 4805 1312 4876 quia
1328 4806 1371 4861 lex
1386 4811 1517 4877 tempore
1532 4823 1584 4863 suo
1599 4808 1725 4878 gloriosa
1738 4806 1794 4862 tuit
1810 4825 1817 4861 :
1835 4808 1884 4863 sed

134 4889 261 4946 docibiles
275 4893 324 4946 Dei
341 4890 435 4962 (doun.
453 4892 508 4959 v1);
525 4889 602 4945 unde
622 4889 725 4945 merito
740 4889 891 4964 adjungit:
912 4893 980 4947 lieo·
1033 4896 1195 4964 comparata
1210 4893 1362 4964 Evangelio
1377 4893 1542 4949 abscondita
1554 4895 1669 4951 videtur
1697 4900 1726 4951 et
1740 4894 1861 4950 humilis
1876 4911 1883 4961 ;

134 4983 178 5036 cns
189 4993 227 5044 es,
241 4981 341 5046 Israel,
353 4984 407 5034 etc.
1033 4981 1130 5036 unde:
1148 4981 1220 5036 Dedi
1234 4983 1273 5036 eis
1285 4987 1421 5052 precepto
1435 4998 1489 5038 non
1504 4982 1583 5039 bono.

170 5067 285 5136 datique
313 5068 484 5137 caligabunt,
511 5064 594 5139 quasi
607 5069 667 5121 tam
692 5066 871 5124 abundanter
897 5073 981 5123 terrae
1069 5071 1104 5125 at
1117 5083 1171 5124 non
1197 5072 1320 5137 monocit
1347 5071 1433 5126 borno.
1459 5071 1553 5127 ludaei
1579 5076 1731 5128 autumant
1759 5072 1816 5128 hoe
1843 5072 1884 5127 la-

137 5153 328 5210 iecundandae
340 5171 386 5211 ros
401 5155 579 5224 infundetur,
595 5158 628 5210 ut
639 5154 790 5211 hominum
802 5155 981 5212 tenebrescat
1032 5159 1119 5221 ctum,
1136 5171 1173 5211 ne
1195 5156 1287 5212 ludaei
1301 5171 1415 5228 semper
1438 5158 1474 5212 ad
1489 5157 1682 5214 idololatriam
1696 5157 1783 5229 proni
1797 5174 1877 5213 mor·

134 5242 270 5298 obtuitus.
298 5245 330 5298 ln
350 5260 407 5316 quo
424 5243 610 5315 significatur,
625 5242 796 5316 quialudsei
817 5259 881 5298 cum
896 5248 982 5299 terre·
1034 5247 1117 5300 tuum
1131 5244 1257 5299 colerent
1275 5249 1413 5317 tanquam
1428 5248 1533 5312 Deum;
1559 5246 1608 5302 sad
1629 5246 1787 5302 secandum
1816 5247 1884 5301 atle-

134 5346 201 5386 nam
217 5330 396 5402 opulentiam
417 5331 626 5386 ultramodum
649 5330 812 5403 diligerent,
841 5331 981 5403 caligave·
1034 5333 1145 5405 goriam
1160 5338 1272 5404 tempus
1297 5336 1458 5390 atmodum
1475 5335 1595 5390 finiendi
1620 5335 1690 5408 legis
1714 5335 1745 5390 in
1758 5336 1820 5391 sola
1837 5335 1884 5391 liei

133 5425 212 5487 runt,
236 5425 264 5475 et
279 5419 424 5476 Christum
435 5436 607 5492 cognoscere
617 5437 676 5477 non
691 5425 848 5494 potuerunt
863 5441 871 5490 ;
885 5422 979 5478 unda:
1035 5421 1215 5494 prescientia
1235 5422 1377 5494 significat
1399 5440 1460 5480 esse
1487 5425 1662 5493 abscondita,
1686 5440 1739 5480 nec
1763 5425 1884 5495 profun-

146 5509 352 5567 Sidirnittirnus
365 5524 426 5565 eum
439 5510 581 5579 sinemuro
594 5509 826 5585 mdentinennc,
842 5514 895 5566 etc.
1036 5509 1156 5567 ditatam
1170 5509 1320 5584 sapientia
1342 5512 1404 5582 liei,
1428 5513 1472 5569 vel
1496 5517 1637 5571 secretum
1662 5512 1776 5571 consilii
1799 5511 1884 5569 alicui
