3892 6104
72 249 140 303 ¹077

637 251 764 308 GLOSSA
782 245 984 309 oubtltsltls.
1005 282 1040 295 -
1059 255 1124 310 tls.
1145 247 1267 310 Pstnll

1755 256 1823 313 ltus

104 374 187 428 Vsus.
205 376 232 430 6.
248 401 284 416 -
308 373 424 430 Statuit.
448 374 486 428 Er
508 373 636 445 potentia
650 376 833 448 omnipotens
863 379 915 446 est,
930 377 954 431 A
973 377 1022 433 sed
1034 376 1201 432 charissima
1213 375 1306 432 unitas
1316 394 1323 444 3
1334 381 1401 432 ωηο
1412 376 1563 432 exsultatio
1573 377 1628 433 erit
1639 379 1674 434 de
1684 382 1772 452 tymp·
1784 396 1822 437 no

68 463 151 533 cujus
165 478 254 533 opera
263 478 324 518 non
334 467 491 518 mutantur.

104 555 137 609 lu
151 554 278 609 secutum
290 558 316 608 et
330 555 360 607 iu
379 555 506 608 secutura
531 554 632 609 seretti.
652 554 742 624 (Ces.)
758 555 790 609 Et
809 553 833 608 si
861 571 917 610 οω-

973 470 1002 520 et
1014 466 1160 536 psalterio,
1175 482 1233 521 non
1245 465 1336 536 ipsius
1352 471 1439 520 actus.

1006 554 1087 610 Vens.
1112 555 1138 609 4.
1167 585 1199 596 -
1227 557 1297 622 Quia
1323 555 1518 624 beneplacitum
1543 558 1583 610 est
1602 556 1727 612 Domino.
1756 555 1820 630 (ln.)

68 643 130 697 lum
145 657 262 710 novum,
292 643 350 697 lieo
369 647 467 696 tamen
478 642 551 696 bene
565 647 670 697 statuta
691 643 835 711 dicuntur,
853 660 917 717 quse
971 643 1004 697 lu
1019 643 1112 714 prima
1126 643 1288 699 conditione
1311 659 1408 697 rerum
1424 644 1544 714 legimus
1569 643 1665 698 omnia
1680 644 1820 716 placuisse

68 736 212 787 novantur
225 746 279 802 per
297 731 442 787 Christum
455 736 483 786 et
509 732 660 786 meliorata
672 736 854 802 permanent.
885 734 918 788 lit
973 731 1040 797 lieo,
1052 737 1118 799 etc,
1130 731 1262 803 usquead
1271 732 1314 786 vel
1325 748 1388 785 cum
1405 747 1503 803 parem
1516 733 1625 803 angelis
1641 733 1735 790 iaciat.

67 823 111 874 est
121 819 168 874 hic
177 820 240 874 laus
254 819 419 891 epulantia.

1006 821 1090 875 Vnus.
1112 823 1138 875 5.
1154 851 1188 861 —
1200 821 1385 875 Easuttobuut
1398 822 1496 874 eoacti.
1509 819 1577 891 (ln.)
1591 820 1720 876 Secunda
1740 838 1817 893 pars,

105 910 189 963 Vsus.
204 913 231 964 l.
253 936 290 950 -
305 909 429 964 laudate
444 910 595 963 Dominam.
620 908 750 964 Secunde
776 924 853 980 pars,
866 908 917 965 ubi
970 907 1021 962 ubi
1040 907 1099 978 agit
1112 907 1148 961 de
1167 906 1278 978 gaudiis
1307 911 1472 960 sanctorum
1487 912 1515 960 et
1532 911 1681 978 potestate.
1707 909 1813 964 Gloria.

67 996 245 1051 enumeratis
258 996 431 1063 caelestibus,
448 996 595 1051 descendit
608 996 643 1052 ed
658 997 810 1051 terrestria.
842 997 916 1053 Con·
972 998 1017 1051 Est
1032 997 1174 1050 bonorum
1187 1000 1302 1050 actuum
1332 995 1467 1067 lrequens
1482 996 1619 1064 laudatio,
1645 997 1680 1052 de
1708 997 1814 1069 quibus

65 1084 299 1156 versusergoad
328 1085 388 1154 ille,
408 1089 546 1156 tanquam
570 1084 723 1139 exhortans
745 1101 797 1139 nos
821 1091 917 1140 uteo-
968 1084 1389 1157 Justilaetanturincubilibus.
1408 1084 1736 1152 idestinconscieutiu,
1752 1085 1816 1142 ideo
1905 1151 1908 1156 .

65 1190 133 1228 rum
149 1172 377 1227 consideratione
405 1172 557 1228 laudemus
586 1175 688 1240 Deum,
704 1174 916 1245 quaecouside-
970 1173 1156 1246 qniahabeut
1173 1177 1232 1228 lam
1254 1173 1363 1228 bonum
1381 1173 1544 1240 bominum,
1563 1173 1613 1244 qui
1638 1174 1685 1228 dat
1701 1189 1818 1245 peccan-

65 1261 420 1334 rataaperiunt·laudem
443 1262 577 1329 liei,ait:
599 1262 621 1318 0
641 1279 691 1317 vos
712 1263 913 1334 quideterre.
969 1263 1047 1318 tibus
1062 1262 1185 1335 gratiam
1201 1267 1230 1317 et
1248 1262 1279 1316 in
1294 1261 1404 1316 meritis
1418 1261 1506 1316 vitam
1533 1267 1680 1317 aeternam.
1711 1264 1817 1318 Fatuus

64 1352 160 1408 Omnes
186 1351 291 1422 abyssi.
320 1352 412 1420 (Auo.)
440 1350 622 1409 Profunditas
658 1366 810 1420 aquarum,
848 1356 914 1417 etc,
969 1350 1379 1405 extrainlabnlishominum
1396 1350 1523 1418 laetatum
1542 1349 1816 1407 sanctishicmodus

63 1455 149 1509 usque
174 1440 212 1494 ad
237 1440 297 1509 ipsa
317 1454 396 1510 ergo,
422 1438 452 1494 id
468 1444 519 1508 est,
538 1455 590 1494 nos
605 1439 834 1496 consideratione
862 1456 915 1495 eo·
969 1439 1067 1511 gaudii
1083 1445 1134 1508 est,
1150 1444 1181 1494 ut
1207 1439 1243 1494 ad
1270 1440 1352 1493 illum
1376 1439 1536 1494 referantur
1551 1439 1626 1494 bona
1652 1439 1702 1511 qui
1726 1439 1813 1496 dedit.

64 1544 130 1585 rum
143 1529 277 1584 hortatur
291 1527 419 1583 laudare.
1007 1529 1086 1583 Vens.
1108 1531 1133 1583 s.
1149 1559 1183 1568 -
1209 1529 1406 1584 Enattatioaes.
1421 1528 1487 1598 (ln.)
1515 1527 1611 1582 Virtus
1628 1528 1678 1582 liei
1703 1532 1732 1583 et
1757 1545 1812 1600 po·

101 1618 180 1672 vans.
205 1619 232 1673 8.
253 1646 290 1658 -
312 1617 376 1683 Qua
399 1618 508 1684 fociant
534 1616 645 1673 verbim
661 1618 730 1687 ejas.
770 1620 829 1674 lloc
847 1618 911 1675 ideo
928 1656 949 1711 B
968 1616 1058 1672 tentia
1077 1616 1249 1689 praedicatur
1264 1616 1293 1670 in
1308 1616 1400 1686 gloria
1415 1620 1590 1706 sanctorum.
1617 1616 1811 1685 meabilibus,

63 1706 238 1780 quisvisum
254 1705 309 1761 tuit
324 1704 496 1777 quibusdam
514 1706 591 1777 quod
608 1707 683 1762 Deus
699 1707 849 1778 superiora
864 1722 911 1761 re·
967 1704 999 1759 in
1023 1705 1142 1761 diversis
1171 1704 1364 1760 mansionibus
1391 1708 1434 1759 est
1460 1704 1550 1776 gloria
1567 1709 1739 1761 sanctorum.
1773 1708 1813 1762 lie

64 1799 155 1866 geret,
169 1795 219 1850 sed
246 1795 306 1851 baec
334 1794 471 1850 inferiora
498 1794 664 1865 despiceret,
695 1797 746 1851 sed
767 1794 913 1852 sensibus
967 1794 1071 1865 quibus
1102 1794 1248 1849 Dominus.
1277 1795 1312 1847 lu
1351 1793 1428 1849 domo
1460 1796 1551 1849 Patris
1587 1797 1639 1849 mei
1661 1796 1811 1851 mabsioues

64 1887 248 1955 regerentur3
274 1882 323 1937 sed
335 1886 363 1937 et
387 1881 448 1937 haec
459 1882 521 1955 agit
535 1883 618 1950 Deus,
635 1887 663 1938 et
677 1881 708 1938 iu
723 1883 768 1938 bis
783 1882 912 1938 minimis
966 1885 1057 1939 matta
1067 1887 1141 1938 suat.
1152 1883 1247 1950 (duan.
1259 1883 1324 1949 xlv.)

61 1973 206 2040 laudatur,
222 1976 251 2027 et
260 1971 377 2027 alleluia
386 1977 526 2028 cantatur.
1001 1974 1032 2027 la
1045 1976 1163 2039 gutture.
1180 1970 1235 2036 Qui
1250 1971 1281 2025 in
1296 1970 1380 2025 corde
1397 1974 1425 2024 et
1439 1969 1469 2024 in
1484 1970 1584 2042 lingua
1601 1985 1659 2025 non
1676 1970 1812 2027 desinunt

97 2062 179 2118 Vnus.
204 2063 246 2118 ¹3.
271 2090 307 2102 -
332 2061 479 2129 Confusio.
509 2061 597 2131 (Cas.)
628 2060 720 2132 Supra
745 2060 911 2132 dixitprins
965 2058 1531 2130 laudareeum‚aquooeternahabent.

61 2151 97 2206 de
112 2149 195 2216 caelo,
208 2153 308 2222 postea
318 2148 353 2205 de
376 2153 469 2215 terre;
490 2148 536 2203 bic
566 2149 601 2204 de
616 2149 753 2204 omnibus
767 2147 863 2203 simul.
877 2149 910 2204 Et
1001 2148 1107 2205 Gladii.
1120 2149 1290 2203 Poteststem
1304 2145 1383 2201 verbi
1405 2145 1457 2201 liei
1470 2145 1651 2217 accipientes,
1666 2163 1732 2202 cum
1756 2148 1811 2202 Do·

60 2239 165 2310 accipit
178 2253 230 2310 per
256 2237 360 2293 coelum
384 2237 481 2294 omnia
496 2237 655 2309 superiora,
679 2242 708 2294 at
722 2253 775 2308 per
802 2241 910 2292 terram
964 2235 1043 2291 mino
1055 2236 1235 2307 judicabunt,
1260 2235 1392 2290 sedentes
1416 2249 1503 2305 super
1531 2233 1681 2289 duodecim
1712 2235 1811 2302 sedes,

61 2326 160 2384 omnia
186 2326 331 2383 inferiora.
358 2324 455 2396 (Auo.)
481 2327 617 2390 Confessio
643 2327 702 2396 ejus
722 2326 910 2396 caperratum
964 2329 992 2379 et
1004 2329 1072 2380 tunc
1087 2340 1152 2380 vere
1168 2324 1219 2380 liet
1232 2324 1353 2379 uindicta
1368 2327 1393 2378 et
1404 2324 1552 2392 increpatio
1567 2325 1596 2377 iu
1606 2325 1726 2393 papulis,
1744 2327 1812 2379 tunc

59 2422 85 2473 et
96 2422 207 2472 imam.
224 2416 308 2470 lllum
332 2414 430 2469 omnia
449 2414 621 2469 cantitentur
635 2414 665 2469 in
676 2431 705 2469 se
719 2415 764 2469 vel
778 2414 809 2469 in
828 2413 908 2483 aliis3
962 2429 1045 2485 reges
1058 2418 1144 2468 terrae
1159 2412 1328 2484 ligabuntur
1343 2427 1349 2466 :
1364 2411 1440 2466 unde
1456 2427 1507 2465 uos
1517 2410 1555 2465 sit
1577 2410 1702 2466 liberum
1722 2413 1809 2468 exire.

58 2504 244 2578 pulchritudo
271 2503 400 2558 omnium
426 2519 479 2558 vox
495 2508 537 2558 est
558 2502 758 2558 confitentium
772 2502 803 2557 iu
819 2508 909 2557 atten-
964 2504 996 2558 lit
1011 2503 1119 2558 nobiles
1133 2502 1226 2556 ferent
1238 2502 1332 2556 ferrea
1348 2500 1470 2567 vincula,
1487 2505 1518 2554 ut
1532 2499 1629 2570 grauia
1643 2500 1679 2554 ad
1694 2505 1812 2571 portan-

59 2595 194 2650 dentibus
210 2610 255 2654 ee.
270 2592 366 2660 idest,
396 2592 575 2647 attendentes
589 2592 706 2647 laudent
728 2607 804 2660 eum,
830 2595 859 2646 et
872 2591 908 2647 de
963 2591 1043 2658 dum,
1060 2596 1089 2646 et
1103 2607 1168 2662 quae
1179 2607 1237 2646 nou
1247 2594 1369 2660 possunt
1383 2589 1480 2660 rumpi
1497 2594 1543 2643 :et
1557 2588 1655 2644 sieiiet
1667 2589 1810 2660 judicium

60 2681 183 2739 terrama
195 2687 223 2738 et
248 2681 284 2738 de
311 2681 482 2750 caelestibus,
510 2683 693 2753 quononest
719 2680 828 2753 aliquid
843 2696 908 2735 me·
960 2681 1165 2753 conscriptum,
1189 2680 1284 2735 idest
1311 2679 1346 2734 ab
1375 2678 1484 2748 angelis
1510 2679 1741 2749 comprobatum.
1771 2680 1810 2733 De

60 2772 125 2827 lius.
961 2787 1018 2842 quo
1044 2769 1219 2842 Apostolus:
1248 2759 1362 2826 Nescitis
1387 2770 1452 2836 quia
1471 2768 1579 2834 coaetos
1601 2766 1811 2836 judicabimus?

96 2862 178 2916 Vens.
196 2861 288 2914 ll.-
316 2860 460 2914 Euattaoit
478 2859 668 2928 comapopuia
689 2855 907 2929 sari.(ln.)llcce
960 2859 984 2930 (l
1004 2860 1063 2916 Gor.
1088 2858 1138 2930 vr.)
1168 2859 1200 2912 ut
1230 2872 1265 2912 ne
1292 2861 1376 2927 putes
1404 2856 1479 2911 solos
1503 2855 1648 2926 apostolos
1679 2856 1809 2926 judicare

59 2948 138 3020 quod
153 2947 335 3020 prophetarit
348 2950 471 3018 Aggasus
483 2949 511 3001 et
524 2945 682 3001 Zacharias.
703 2945 783 3002 blodo
799 2945 909 3000 humile
924 2938 945 2995 C
962 2947 1052 3013 addit,
1068 2948 1158 3017 gloria
1172 2947 1237 3012 baec,
1262 2945 1372 3000 scilicet
1384 2948 1509 3015 potestas
1520 2943 1632 3015 judicii,
1658 2949 1701 3000 est
1716 2943 1809 2999 omni-

60 3037 145 3092 estin
169 3036 401 3091 tribulationibus
416 3051 508 3090 cornu
522 3034 622 3107 populi
637 3034 692 3103 sui,
706 3033 755 3090 sed
776 3049 842 3090 cum
860 3050 908 3090 ve-

59 3125 137 3180 nerit
153 3124 302 3193 Dominus,
318 3124 500 3180 exaltabitur.

338 3247 495 3304 Pssluus
510 3246 622 3303 CXLIX.

94 3373 175 3428 Vens.
190 3377 214 3429 l.
236 3402 272 3413 —
294 3371 427 3429 Alleluia.
445 3373 534 3441 (Ces.)
564 3374 743 3428 Postomnes
757 3378 903 3430 creaturas

57 3462 176 3535 quasin
192 3461 365 3534 precedenti
391 3462 503 3533 psalmo
531 3461 646 3517 monuit
673 3462 789 3518 laudare
806 3465 906 3534 Deum,

57 3567 92 3606 eo
110 3551 188 3624 quod
202 3551 238 3606 ab
252 3551 315 3622 ipso
327 3554 428 3605 creatae
446 3554 524 3616 suut,
541 3549 587 3604 bic
605 3549 741 3621 proprius
757 3556 785 3605 et
797 3552 907 3621 specis·

57 3639 211 3695 liuslsrael
226 3639 327 3694 invitat
341 3638 377 3694 ad
404 3654 511 3694 novum
533 3638 678 3693 canticum
705 3655 760 3711 pro
782 3640 908 3697 novitate

55 3727 112 3784 sibi
126 3728 209 3794 iacta,
226 3744 291 3800 qnae
320 3727 480 3782 mirabilior
493 3731 536 3782 est
550 3726 600 3782 liei
614 3727 744 3797 operatio
758 3741 766 3782 :
782 3726 841 3782 lsaec
865 3734 908 3785 est

962 3036 1016 3092 bus
1030 3036 1134 3090 sanctis
1158 3035 1230 3106 ejus,
1253 3033 1284 3089 id
1311 3039 1354 3090 est
1376 3032 1517 3107 perlectis,
1542 3031 1592 3105 qui
1617 3048 1670 3105 pro
1698 3033 1809 3089 Christo

963 3123 1062 3179 omnia
1074 3128 1188 3178 terrena
1205 3120 1392 3194 reliquerunt.

998 3214 1088 3280 (Auo.)
1103 3212 1291 3268 Euaitationes
1302 3213 1351 3266 liei
1367 3212 1397 3265 ia
1419 3214 1538 3278 gutture.
1560 3208 1693 3264 Sicanim
1707 3208 1809 3264 laetan·

962 3305 1009 3357 tur
1022 3301 1053 3356 iu
1067 3299 1209 3356 cubilibus
1223 3304 1252 3354 et
1260 3297 1403 3368 faucibus,
1413 3297 1440 3352 id
1457 3297 1543 3352 estin
1558 3298 1642 3352 eorde
1657 3301 1685 3352 et
1699 3296 1808 3368 lingua,

962 3394 994 3446 ut
1008 3405 1068 3444 non
1083 3388 1137 3444 sibi
1151 3388 1280 3444 tribuent
1294 3388 1370 3459 quod
1384 3386 1453 3441 boni
1467 3391 1543 3453 sunt,
1556 3387 1606 3441 sed
1620 3387 1689 3453 Deo,
1713 3402 1731 3439 a
1752 3401 1810 3457 quo

962 3482 1132 3550 acceperunt
1147 3477 1224 3549 quod
1242 3481 1320 3544 sunt,
1336 3480 1365 3532 et
1382 3479 1499 3548 sperant
1521 3474 1551 3530 id
1578 3474 1655 3546 quod
1679 3474 1810 3530 noudum

962 3571 1077 3712 snitlius.
1094 3658 1120 3711 8.
1135 3685 1171 3696 —
1185 3652 1232 3710 Ad
1250 3651 1414 3722 alligandos.
1443 3651 1491 3707 llis
1518 3650 1639 3706 vinculis
1664 3650 1810 3706 mandato·

961 3760 1026 3799 rum
1053 3748 1082 3799 et
1096 3746 1307 3814 praeceptorum
1332 3740 1538 3813 liei,ligantnr
1562 3737 1692 3811 gentium
1718 3754 1808 3808 reges,

56 3817 246 3873 58ὓῦῑῶθᾶὓο
272 3819 369 3887 lsrael»
394 3832 447 3889 Pis
470 3831 558 3888 quam
586 3816 621 3870 ‘¹³
637 3814 726 3871 vimi
748 3815 839 3871 sacius
865 3822 908 3873 ⁰⁵1
961 3831 1073 3887 nobiles
1085 3831 1193 3899 saeculi,
1209 3830 1245 3885 ab
1261 3829 1384 3884 infirmis
1399 3833 1427 3883 et
1447 3827 1710 3899 contemptibilibus
1724 3826 1810 3898 hujus

56 3922 159 3962 milli·
962 3919 1074 3988 muudi,
1090 3935 1163 3991 quos
1178 3918 1265 3989 elegit
1279 3917 1417 3972 Dominus
1442 3921 1476 3970 ut
1494 3914 1580 3971 tortia
1603 3930 1727 3987 qumque
1740 3930 1809 3969 con·

92 3997 208 4057 &liliati
231 3996 353 4064 D⁰mf⁷²⁰s
383 3993 538 4065 ΜΨ)
564 3993 660 4051 Psi¹¹¹⁰
688 3993 787 4049 multis
816 3993 907 4050 modii
960 4006 1112 4074 funderet3
1134 4001 1416 4077 ipsosqueimplevit
1440 4001 1551 4074 Spiritu
1564 4005 1673 4071 sanctu,
1690 4005 1720 4057 et
1731 4000 1811 4057 dedit

60 4083 291 4140 mouetlaudare
306 4099 405 4156 regem
427 4083 479 4155 qui
494 4083 535 4138 eis
548 4082 705 4139 benevolus
726 4089 754 4138 et
777 4082 908 4139 benficus
961 4095 1001 4150 οῖς
1014 4095 1136 4151 pameas
1150 4093 1195 4150 bi,
1215 4097 1322 4160 acutas,
1350 4095 1381 4147 ut
1405 4092 1441 4147 ad
1466 4090 1571 4148 Christi
1599 4090 1733 4157 timorem
1761 4105 1811 4146 no-

57 4172 189 4228 S0⁰¹¹¹¹dfl
204 4172 310 4244 ⁸811(st
325 4172 439 4245 Baudiii
455 4177 629 4232 ⁸³⁰⁰i01'11ffl·
644 4171 696 4240 ibis
710 4173 904 4229 Exiliissbtmi·
920 4223 943 4279 D
962 4184 1064 4239 biliam
1100 4181 1187 4239 corda
1225 4185 1432 4248 converterent,
1462 4185 1498 4251 et,
1518 4178 1648 4236 saeculari
1660 4177 1810 4235 nobilitate

58 4263 155 4331 (aaa.)
171 4260 226 4326 Qui
254 4262 316 4318 lull
330 4267 444 4317 “ssim
464 4263 518 4317 11⁰0
531 4259 684 4328 ffiffifflms
700 4259 801 4331 difidit
823 4264 906 4316 aelffl'·
962 4275 1136 4344 contempta,
1158 4273 1358 4343 paupertatem
1388 4269 1529 4342 eligerent
1542 4267 1765 4324 etnobilitatem
1780 4265 1809 4320 in

58 4367 108 4419 Μ»
121 4355 152 4405 ῦῑ
166 4350 216 4406 fiat
235 4368 336 4407 1¹⁰V118·
360 4352 447 4407 V0l¹¹³
466 4350 544 4407 enim
559 4351 648 4406 h⁰m⁰
666 4353 748 4404 litu-‘³
765 4350 908 4407 mileum
963 4361 1086 4418 Christo.
1101 4360 1197 4416 Voluit
1224 4359 1302 4415 enim
1321 4358 1456 4430 prodesse
1478 4355 1647 4430 imperatori
1668 4355 1704 4413 da
1718 4354 1810 4429 pisca·

56 4443 155 4495 cantat
180 4440 215 4494 de
237 4440 367 4496 termule.
393 4441 486 4496 Novus
514 4440 601 4496 homo
629 4452 738 4493 novum
765 4440 909 4502 cantatde
962 4456 1035 4519 tore,
1048 4465 1107 4505 non
1120 4448 1256 4522 piscatori
1268 4448 1303 4504 de
1317 4447 1501 4520 imperatore.

55 4528 270 4599 spiritualibus;
287 4528 549 4586 canticumseilicet
563 4527 650 4600 pacis,
671 4525 909 4589 centiccnmcba-
997 4537 1088 4610 (Aue)
1117 4539 1173 4594 per
1194 4538 1246 4593 1105
1262 4537 1334 4610 ligat
1362 4551 1444 4607 reges
1467 4542 1497 4592 οι
1517 4534 1628 4595 nobiles
1641 4533 1674 4591 in
1688 4530 1809 4594 vinculis

61 4622 157 4678 ritatis
171 4626 200 4678 et
210 4621 410 4694 jucunditatis.
435 4619 571 4695 Quisquis
584 4618 662 4675 enim
684 4619 816 4693 sequitur
830 4626 908 4677 vete·
962 4627 1070 4697 terreis,
1080 4642 1117 4682 ne
1132 4626 1374 4701 progrederentur
1387 4625 1423 4680 ad
1449 4623 1559 4680 illicita.

56 4727 121 4773 rem
136 4710 360 4780 animositatem,
386 4727 565 4768 nonnovam
590 4713 772 4781 charitatem,
801 4726 908 4767 novum

57 4799 204 4856 cauticum
221 4815 279 4855 nou
294 4803 399 4855 cantat.

94 4889 170 4944 Laus
188 4889 246 4958 ejus
260 4891 290 4943 iu
315 4890 449 4945 Ecclesia.
466 4888 556 4961 (Cas.)
581 4888 631 4945 ilie
648 4888 698 4946 ubi
716 4892 745 4945 et
760 4905 777 4943 a
802 4887 908 4960 quibus

57 4976 169 5033 cantari
182 4975 330 5033 debathoc
348 4977 492 5033 canticum
505 4976 689 5034 determinet.

94 5067 177 5122 liras.
192 5068 220 5120 2.
244 5095 279 5107 -
306 5069 338 5123 lu
355 5081 418 5137 rege
436 5081 497 5126 ,sua
524 5067 589 5135 (ln.)
613 5066 644 5123 ld
659 5069 710 5132 ast,
737 5064 769 5121 in
798 5065 908 5122 Christo
962 5054 1185 5120 lieiin'sanetis
1201 5062 1272 5133 ejus,
1302 5062 1352 5135 qui
1366 5061 1520 5134 glorificati
1533 5062 1594 5129 sine
1609 5063 1667 5117 tlne
1682 5061 1808 5117 laudant.

60 5154 112 5227 qui
128 5158 173 5209 est
186 5170 237 5209 rex
252 5159 281 5210 et
295 5154 437 5210 sacerdos.
456 5154 550 5225 (Auo.)
571 5155 606 5210 Ut
626 5169 674 5209 rex
699 5152 840 5226 pugnavit
855 5169 908 5224 pro
962 5153 1092 5209 lionetur
1105 5151 1203 5208 civitas
1227 5150 1289 5220 liei,
1304 5151 1413 5207 scilicet
1429 5151 1525 5206 unitas
1552 5152 1682 5206 omnium
1697 5155 1810 5204 sancto·

58 5242 143 5299 nobis
170 5241 206 5298 de
233 5259 326 5311 cruce,
342 5242 490 5299 diabolum
503 5242 642 5298 vincens:
663 5245 694 5297 ut
720 5241 862 5306 sacerdos,
879 5256 909 5295 se
961 5245 1145 5310 rum,oreet
1169 5239 1266 5295 animo
1293 5243 1417 5294 cantare.
1442 5241 1474 5293 ln
1499 5240 1681 5296 bocculmen
1716 5239 1810 5294 omnis

59 5347 114 5405 pro
128 5331 211 5387 nobis
226 5332 342 5400 obtulit,
358 5332 431 5408 nibil
442 5331 591 5388 inveniens
605 5331 635 5388 in
649 5330 813 5388 hominibus
832 5329 908 5403 quod
962 5330 1123 5403 psalmodia
1138 5328 1314 5401 perducitur,
1329 5344 1395 5402 qua
1423 5328 1546 5400 nuptiali
1573 5328 1724 5394 dulcedine
1746 5343 1812 5384 can·

58 5421 166 5494 procis
181 5419 305 5478 offerret.
423 5494 424 5497 Ἴ
962 5424 1048 5477 tatur.

98 5510 181 5566 vass.
208 5512 234 5566 3.
262 5538 297 5553 -
316 5511 350 5567 ln
367 5511 456 5566 abore
479 5509 553 5582 (ln.)
567 5508 639 5576 orsis
654 5509 733 5567 nulle
756 5507 907 5581 dispersio,
997 5507 1123 5564 laudate
1136 5523 1196 5564 eum
1214 5509 1245 5564 iu
1264 5508 1448 5579 firmamento.
1478 5505 1571 5579 (Aac.)
1592 5504 1688 5562 Virtus
1709 5510 1752 5561 est
1780 5506 1810 5560 in

1277 4798 1433 4855 PSAleUS
1447 4797 1499 4853 CL.

997 4977 1080 5032 Vsus.
1105 4978 1130 5031 l.
1160 5005 1195 5015 -
1222 4975 1346 5032 laudate
1366 4975 1523 5031 Dominum.
1549 4973 1634 5046 (Cas.)
1664 4974 1703 5028 lle
1726 4973 1810 5029 lande
