3892 6106
121 266 156 319 tu
429 262 628 321 waltrami
648 261 772 320 STRbBI
791 262 889 320 FULD.
911 259 997 318 NON.
1016 259 1093 321 OPP.
1114 257 1201 316 PARS
1220 258 1241 315 Ι.
1263 285 1298 297 -
1316 252 1546 315 tunowclca.
1841 258 1877 312 80

121 385 195 441 banc
208 385 303 446 vitam,
323 383 479 455 pertinent,
491 382 648 454 producere
666 382 825 437 animarum
838 383 966 436 vivarum
983 379 1007 437 Α
1025 380 1054 435 in
1069 378 1163 434 cilicio
1179 378 1317 450 gignendi
1330 378 1405 433 lilios
1418 394 1478 434 esse
1495 382 1653 450 peccatum,
1670 378 1745 435 sicut
1759 379 1790 434 in
1820 379 1876 435 lor·

122 473 246 545 reptilia,
270 473 297 528 id
318 478 361 528 est
380 488 469 544 opera
488 487 553 544 quas
576 476 696 543 possunt
714 470 818 525 animis
837 470 922 538 sirim
939 475 967 526 et
1020 467 1163 524 nicatione
1177 468 1239 522 sins
1253 467 1400 539 coniugio.

122 569 341 633 oetosmagnos‚
365 561 393 616 id
418 565 461 616 est
483 559 652 614 fortissimas
670 557 840 629 agnitiones,
862 557 967 629 quibus
1055 557 1137 612 Vens.
1152 559 1196 611 25.
1212 576 1275 607 -a
1295 555 1329 610 Et
1343 555 1409 611 lecit
1436 555 1508 612 Deris
1536 555 1642 611 bestias
1672 561 1791 617 terrae.»
1815 562 1871 612 etc·

122 650 224 708 ilnctus
239 648 335 704 saculi
349 648 555 719 dirumpuntur
569 652 598 701 et
613 649 903 712 contemnuntur30t
918 661 966 700 ro-
1021 645 1144 715 (bauain
1169 645 1308 714 Naeuam.)
1338 643 1452 699 Ordinis
1463 648 1508 698 est
1536 644 1667 699 mutatio.
1684 644 1739 700 Nec
1765 650 1871 701 curant

121 739 211 796 latitia
225 738 299 802 coeli,
311 737 340 792 id
355 742 408 805 est,
421 752 502 791 sucas
521 734 645 790 caelestia
658 733 855 804 praedicantes.
1022 732 1091 788 dum
1106 732 1137 787 in
1153 737 1250 786 nostra
1272 732 1388 804 loquela
1415 732 1483 804 quid
1509 731 1589 803 prius
1616 739 1814 788 creaturarum
1829 749 1872 789 or

157 830 245 882 Vnus.
272 829 318 887 Ἠ.
336 855 370 866 -
395 826 455 878 ιΕῑ
478 824 584 879 sactum
613 830 657 877 cst
684 828 844 894 resperaet
871 838 965 887 mane,
1021 822 1089 878 dina
1116 823 1308 890 nominemus,
1342 839 1408 877 cum
1441 822 1515 877 beus
1542 821 1681 877 creaverit
1708 820 1806 878 omnia
1836 821 1874 877 si·

122 916 287 988 stallum,
312 915 346 969 de
372 915 439 968 Gen.
469 917 559 968 eunuc
587 912 719 979 Muniam,
748 910 797 967 lib.
829 926 860 977 n,
883 914 967 972 citt,
1023 911 1095 968 mul.

121 1003 265 1072 tomlll.)
289 1000 413 1074 llystice,
442 1015 526 1055 mane
556 998 770 1070 transmigratio
791 999 821 1055 in
847 999 967 1070 Babylo·
1058 997 1148 1066 (lsm.‚
1168 999 1196 1052 in
1211 997 1288 1064 Gen„
1302 1002 1371 1051 lum.
1391 997 1422 1067 V,
1437 997 1491 1051 col.
1506 997 1580 1064 207.)
1601 994 1685 1051 Sexta
1699 993 1745 1050 die
1771 995 1874 1066 produ·

123 1093 211 1158 niam,
237 1108 301 1146 cum
323 1106 357 1143 ea
377 1088 542 1159 captivitate
562 1088 687 1158 populus
715 1085 816 1141 leviter
837 1086 867 1142 in
886 1103 966 1157 pere·
1021 1084 1150 1141 cittarra
1177 1085 1304 1140 animam
1333 1084 1435 1149 rivam,
1457 1085 1572 1156 qnando
1604 1098 1670 1137 caru
1707 1088 1808 1138 nostra
1834 1083 1871 1137 ab

122 1181 205 1253 grino
234 1179 292 1233 urio
324 1183 367 1232 est
389 1177 554 1244 collocatus,
578 1182 649 1237 etc..
672 1190 756 1244 usqru
777 1174 815 1229 nd
833 1175 901 1245 quia
929 1175 969 1229 sic
1024 1173 1157 1243 operibus
1170 1173 1290 1227 mortuis
1305 1172 1460 1237 abstinens,
1488 1171 1550 1226 uiua
1572 1171 1711 1226 virtutum
1739 1170 1874 1242 germina

122 1267 252 1324 excaeati
267 1273 334 1321 sunt
358 1272 388 1320 ut
411 1251 462 1320 nec
480 1269 596 1337 possent
614 1263 759 1318 Christum
786 1279 966 1333 cognoscere.
1022 1261 1109 1333 parit,
1124 1260 1282 1316 secundum
1297 1275 1389 1331 genus
1403 1275 1497 1325 sunm,
1515 1258 1544 1314 id
1565 1259 1709 1324 est,vitam
1732 1259 1874 1315 imitando

156 1357 239 1410 Vnus.
268 1357 386 1409 tl.-«
423 1353 498 1408 Dixit
535 1368 650 1423 quoqne
688 1351 761 1406 Deus
790 1367 798 1406 ε
828 1352 970 1406 Producat
1023 1353 1199 1403 sanctorum.
1235 1347 1342 1403 Undsl
1383 1347 1448 1402 Cor.
1489 1363 1537 1401 iv:
1567 1368 1579 1397 a
1623 1346 1786 1402 imitatores
1815 1347 1875 1403 mei

123 1445 334 1511 «terranetc.
353 1441 455 1511 (Beni,
475 1441 657 1501 tullensem..
678 1442 748 1492 tom.
770 1438 818 1503 ill,
847 1437 967 1505 cotti.)
1024 1440 1159 1503 estole»
1188 1441 1241 1491 etc.
1270 1436 1432 1491 Secundum
1462 1452 1552 1506 genas
1579 1440 1712 1491 nostrum
1741 1434 1874 1496 vivimus,

124 1534 190 1588 Post
204 1531 308 1586 eoelum
330 1531 471 1601 repletum
494 1527 636 1582 sideribus
666 1531 695 1580 et
723 1542 818 1581 aerem
846 1525 967 1580 volatili·
1024 1523 1264 1596 quandosanctos
1289 1522 1371 1594 quasi
1386 1522 1531 1594 proximos
1556 1521 1714 1578 imitamur.
1740 1522 1878 1578 Producit

123 1619 240 1691 busqui
262 1621 380 1691 propter
406 1615 540 1671 viciniam
577 1616 679 1670 eoelum
709 1615 883 1681 nominatur,
903 1618 978 1681 etc,
1029 1615 1103 1665 terra
1113 1610 1228 1678 bestias,
1242 1610 1272 1666 id
1294 1615 1345 1673 est,
1374 1609 1505 1665 homines
1530 1609 1675 1665 ferocitate
1702 1611 1877 1683 superbien-

122 1705 385 1777 usqueudnomine
414 1702 634 1775 quadrupedum
648 1702 745 1757 omnia
764 1704 971 1774 comprehensa
1029 1704 1078 1754 tes.
1092 1700 1126 1755 Et
1147 1714 1261 1771 pecora,
1279 1698 1308 1754 id
1328 1701 1377 1763 esi,
1406 1697 1575 1769 simpliciter
1597 1697 1733 1753 virentes.
1764 1698 1797 1752 Et
1820 1714 1877 1752 ser·

122 1800 190 1850 sunt
217 1798 322 1865 praeter
353 1791 459 1848 bestias
473 1797 502 1847 et
521 1791 645 1864 reptilia,
674 1791 732 1848 sire
761 1791 878 1852 domita,
913 1791 971 1846 sire
1027 1791 1134 1862 pentes,
1150 1791 1256 1842 astutos
1269 1785 1378 1842 scilieet
1388 1790 1417 1841 et
1439 1786 1576 1841 bounma
1604 1787 1681 1840 malo
1710 1785 1877 1841 discernen-

123 1884 183 1938 ἣτε
194 1889 224 1937 el
235 1881 367 1953 agrestia·
1027 1892 1077 1949 tes,
1092 1889 1121 1940 et
1137 1884 1218 1956 quasi
1234 1883 1374 1954 reptando
1403 1886 1561 1938 scrutantes
1583 1886 1708 1951 terreus,
1732 1899 1785 1954 per
1812 1897 1877 1955 quae

160 1971 333 2025 «Producat
358 1974 475 2037 terra»
507 1973 563 2025 etr.
601 1967 759 2041 (Auo.‚lib.
788 1969 862 2022 lirin
893 1968 971 2037 Gen,
1027 1971 1337 2043 intelligantcoelestia.

123 2074 147 2114 c.
170 2063 212 2121 ll.
247 2062 319 2114 torn.
349 2058 409 2129 ill.)
433 2058 617 2129 Consequens
647 2059 756 2112 statut
780 2060 887 2111 terram
910 2056 971 2127 jam
1061 2059 1142 2114 Vsus.
1170 2061 1215 2114 26.
1245 2080 1303 2107 -ι
1346 2058 1494 2113 Faciamus
1540 2056 1730 2113 bominem.»
1781 2058 1875 2130 (Asu,

124 2150 239 2203 ornaret
249 2146 308 2200 suis
331 2144 514 2202 animalibus.
542 2147 597 2201 Ter
623 2144 754 2210 dicendo,
778 2145 860 2216 juxta
881 2160 973 2216 genus
1025 2145 1106 2214 ibid,
1123 2161 1148 2202 c.
1167 2144 1221 2215 la)
1241 2145 1405 2200 lnsinuataa
1428 2143 1577 2217 pluralitas
1607 2161 1797 2216 personarum
1822 2147 1876 2202 Pa·

123 2250 226 2304 snum,
238 2239 310 2302 elc.,
325 2249 411 2303 usque
425 2233 463 2288 od
482 2234 515 2289 lit
530 2232 645 2287 nomine
660 2247 795 2304 pecorum
811 2238 840 2288 et
854 2233 972 2288 bestia-s
1025 2231 1087 2300 tris,
1104 2237 1133 2288 et
1149 2231 1221 2299 Filii,
1234 2236 1262 2286 st
1275 2230 1397 2303 Spiritus
1412 2231 1511 2297 sancti,
1528 2235 1556 2286 et
1566 2232 1662 2288 statim
1689 2232 1787 2289 unitas
1814 2233 1876 2289 dei·

122 2338 189 2379 rum
216 2338 300 2378 omne
329 2321 495 2376 irrationale
522 2320 627 2376 animal
671 2320 742 2375 solet
768 2321 972 2392 comprehendi
1025 2319 1101 2387 tatis,
1125 2335 1191 2374 cum
1221 2319 1348 2375 dicitur:
1375 2338 1390 2372 a
1416 2321 1448 2375 Et
1471 2319 1537 2376 iacit
1565 2322 1638 2376 lleus
1664 2320 1814 2377 homiuem
1841 2321 1876 2376 ad

125 2412 442 2482 «laguncuculam»
467 2410 559 2480 (aaa,
581 2409 650 2463 ibid.
666 2423 690 2462 c.
721 2411 775 2467 li.)
797 2410 861 2464 llaec
893 2410 973 2465 torsi·
1027 2407 1183 2480 imaginem
1204 2408 1264 2478 Ilei,
1291 2429 1302 2457 ι
1331 2424 1389 2463 non
1417 2410 1499 2464 Pater
1525 2408 1560 2464 ed
1583 2407 1740 2480 imaginem
1763 2414 1875 2465 mntrim

125 2499 344 2555 tansacnndum
373 2513 463 2570 genus
483 2497 627 2563 dicuntur,
651 2497 775 2568 quisita
803 2502 912 2553 ortaut
938 2515 969 2554 er
1029 2496 1101 2552 Filii.
1127 2498 1187 2551 Non
1206 2496 1285 2551 enim
1315 2512 1380 2551 vere
1408 2495 1550 2551 diceretur
1570 2496 1607 2552 ad
1640 2497 1798 2569 imaginem
1821 2513 1876 2553 no·

125 2588 167 2644 eis
186 2593 339 2643 nascantur
363 2585 430 2653 alia,
460 2590 488 2640 et
510 2585 629 2656 originis
655 2586 776 2641 turmam
797 2587 972 2642 successione
1027 2589 1115 2640 stram
1132 2583 1203 2652 ;sed
1229 2584 1270 2639 ita
1293 2584 1474 2640 dictumest:
1492 2604 1506 2638 a
1532 2585 1608 2640 Fecit
1629 2587 1703 2641 Deus
1727 2587 1877 2641 bominem

125 2683 304 2732 conservant.
321 2676 360 2730 lle
375 2674 491 2730 bomine
517 2679 614 2729 autern
639 2674 693 2728 hoc
717 2674 826 2730 dictum
854 2690 912 2729 non
931 2682 973 2730 est
1026 2672 1062 2728 ad
1075 2672 1233 2744 imaginem
1249 2673 1308 2740 llei,
1327 2691 1341 2727 i
1357 2688 1390 2728 ac
1415 2673 1440 2728 si
1461 2673 1606 2729 diceretur
1621 2693 1635 2725 a
1651 2674 1687 2729 ad
1715 2674 1874 2746 imaginem

126 2765 194 2838 quia
208 2780 284 2820 rinus
299 2763 396 2831 tiebat,
412 2764 447 2818 da
462 2779 520 2835 quo
535 2767 564 2818 et
577 2762 686 2817 femina
706 2762 788 2817 iacta.
810 2763 872 2818 Non
894 2763 972 2819 enim
1027 2776 1149 2817 suam,-
1180 2762 1251 2817 Cum
1273 2766 1372 2816 autem
1400 2760 1526 2817 dicitur«
1550 2762 1586 2817 ad
1603 2761 1761 2834 imaginem
1786 2762 1874 2830 liei»

125 2854 216 2910 multa
229 2868 335 2924 genera
348 2852 501 2907 bominum
525 2850 597 2907 lacta
625 2856 702 2918 sunt,
722 2850 796 2906 sicut
818 2851 971 2908 herbarum
1027 2865 1093 2906 cum
1110 2849 1241 2921 superius
1257 2849 1364 2906 dictum
1375 2850 1422 2919 sit,
1440 2872 1452 2901 a
1467 2850 1501 2906 ad
1521 2850 1680 2922 imaginem
1708 2854 1844 2917 nostram,
1863 2873 1875 2902 a

125 2942 324 3013 etlignorum;
340 2945 373 2995 ut
383 2940 504 3006 dicatur,
533 2940 691 2994 secundum
715 2954 805 3011 genus
833 2954 928 3008 suuni,
944 2946 1011 3003 ecc
1028 2939 1208 3017 significatur
1222 2939 1299 3011 quod
1315 2954 1373 2993 non
1388 2939 1449 3010 agit
1462 2939 1610 3011 pluralitas
1635 2954 1835 3010 personarum,
1845 2946 1878 2995 ut

126 3029 150 3085 si
163 3030 306 3085 diceretur
319 3028 489 3100 generatim,
517 3027 682 3083 utinterse
705 3028 819 3094 similia,
844 3030 975 3100 atquein
1027 3028 1126 3100 plures
1149 3027 1218 3083 deos
1244 3028 1406 3096 credamus,
1436 3027 1531 3084 scdut
1561 3029 1684 3097 Patrem,
1708 3032 1737 3083 at
1763 3028 1877 3096 Filiam,

128 3133 213 3172 unam
229 3116 372 3188 originem
397 3115 514 3171 seminis
539 3114 713 3185 pertinentia
730 3115 976 3189 distinguerentur
1027 3120 1057 3172 et
1070 3115 1209 3187 Spiritum
1222 3121 1351 3171 sanctum
1365 3132 1457 3171 uuum
1472 3117 1564 3172 [lenm
1578 3115 1762 3188 accipiamus.

127 3203 278 3259 ecateris.
1064 3205 1228 3260 «Faciamus
1267 3204 1424 3261 bominem.
1456 3224 1470 3258 a
1500 3205 1636 3277 (Beonan
1660 3207 1804 3275 Hecatam.)
1826 3209 1877 3279 ltp-
1916 3234 1919 3240 ·

163 3294 255 3379 (bun,
287 3289 355 3345 idid.
372 3306 395 3345 c.
414 3289 710 3362 ld.)l)eqnibnsdam
725 3289 847 3348 minutis
864 3293 974 3349 anima·
1027 3297 1211 3365 paretquars
1238 3293 1346 3350 dictum
1374 3294 1410 3348 sit
1429 3298 1460 3350 nt
1488 3298 1591 3349 cetera
1612 3295 1723 3363 tierent,
1750 3301 1817 3363 etc,
1833 3311 1879 3352 us·

128 3381 202 3437 libus
217 3379 336 3452 queastio
352 3383 477 3448 ost,etc.,
498 3393 583 3447 usquc
597 3377 635 3433 nd
662 3377 717 3433 nisi
740 3379 818 3450 quod
833 3382 974 3453 potentia·
1027 3398 1078 3453 qne
1093 3382 1131 3437 od
1145 3382 1193 3437 sed
1210 3386 1242 3438 ut
1255 3397 1352 3439 veram
1367 3387 1566 3456 postmortem
1594 3399 1624 3440 se
1651 3400 1766 3440 carnem
1797 3401 1875 3440 rece·

127 3467 231 3524 literin
247 3466 327 3538 ipsis,
345 3471 375 3521 et
388 3466 574 3522 materialiter
585 3473 665 3523 erant
681 3470 895 3538 praeseminata.
1028 3470 1104 3544 pisso
1121 3474 1304 3527 monstraret.

163 3556 256 3625 (Ace,
286 3554 354 3609 ibid.
380 3558 462 3622 cli,
483 3553 591 3625 {bille
612 3555 762 3611 venenosis
781 3563 810 3612 et
831 3557 974 3630 pernicio·
1064 3558 1350 3631 «Etprsesit,setc,
1375 3559 1468 3631 (bea,
1499 3560 1547 3616 lib.
1574 3561 1655 3616 rude
1683 3563 1789 3617 Gamo.
1818 3564 1877 3632 20.)

127 3642 325 3715 sisquaeritur,
345 3649 410 3710 etc,
432 3658 519 3714 usqua
542 3643 580 3698 ad
594 3650 774 3717 quaecuncta
795 3647 974 3705 maritoeon·
1031 3647 1194 3704 Notandum
1213 3647 1300 3703 etiam
1322 3647 1391 3719 quia
1412 3664 1477 3703 cum
1496 3649 1685 3704 dixissetaad
1718 3649 1875 3722 imaginem

126 3731 418 3787 sideratalaudantur.
1027 3739 1163 3803 nostram,
1190 3755 1204 3788 a
1229 3736 1365 3791 continno
1398 3737 1545 3809 subjunxit
1570 3737 1766 3808 :adtpraesit
1792 3738 1876 3809 pisci·

161 3819 350 3890 (auo.‚ibid.‚
367 3821 456 3891 cdl.)
474 3821 643 3878 llludstiem
659 3825 764 3890 movet,
790 3828 860 3887 etc..
889 3839 975 3895 usqne
1026 3823 1079 3881 bus
1094 3823 1393 3880 marisetrolatilibus
1418 3826 1524 3881 coeli.»
1557 3826 1591 3881 Ut
1600 3826 1708 3882 scilicet
1734 3826 1877 3899 intelliga-

125 3909 163 3966 od
180 3909 228 3965 sed
250 3909 496 3980 piatortitndinis
525 3926 662 3967 numeros
682 3910 717 3967 ad
739 3911 837 3967 omniu
865 3927 974 3984 praepa·
1027 3912 1203 3968 musinboc
1228 3912 1332 3968 lactum
1358 3913 1555 3969 hominemad
1582 3914 1739 3985 imaginem
1769 3914 1829 3982 liei,
1846 3916 1875 3973 in

124 4014 187 4054 rare
201 3998 414 4055 nondabitent.
1026 4016 1084 4073 quo
1100 3999 1342 4057 irrationabilibus
1371 4003 1526 4059 antecellit.
1544 4003 1574 4059 id
1603 4007 1700 4058 autem
1724 4008 1768 4060 est
1792 4004 1876 4072 ratio,

57 4148 58 4153 .
160 4079 286 4151 (TW-2
311 4085 406 4150 imi·
424 4081 499 4135 ’ΒΜ
528 4080 662 4151 69ῃῆΝο
689 4078 805 4149 b⁰⁵¹i³³2
832 4081 911 4136 velut
937 4082 973 4137 ab
1026 4089 1231 4157 salmens,vel
1256 4089 1495 4161 intelligentiavel
1518 4091 1542 4146 si
1569 4091 1626 4146 elio
1652 4091 1770 4147 nomina
1798 4108 1877 4149 com·

124 4166 179 4233 bis,
206 4181 322 4237 prorsus
348 4166 441 4230 illaesi,
467 4171 696 4232 contemnamus.
721 4170 803 4241 qnasi
827 4171 972 4226 nullarum
1026 4178 1139 4233 modius
1152 4183 1275 4246 vocetur,
1302 4180 1333 4234 in
1357 4194 1414 4251 quo
1441 4179 1784 4252 seilicntconaamptandae
1799 4182 1877 4237 veri.

123 4252 180 4308 sinl
192 4253 306 4309 virium.
329 4255 542 4326 Nonnunquam
568 4257 709 4326 permittit
726 4259 799 4313 Deus
816 4259 887 4315 duos
923 4263 973 4314 aut
1027 4265 1079 4322 tati
1094 4265 1228 4322 inhaeret.

122 4347 205 4396 traso
229 4341 327 4397 multis
348 4341 476 4398 millibus
494 4343 570 4399 vela
592 4345 791 4417 scorpionibus
809 4346 910 4418 pungi,
927 4347 972 4404 vel
1064 4354 1144 4409 Vnus.
1159 4356 1205 4420 m,
1218 4371 1281 4407 -r
1304 4356 1337 4411 lit
1364 4356 1469 4411 creavit
1481 4356 1554 4410 Deris
1574 4355 1722 4413 bominem
1738 4356 1774 4412 ad
1803 4356 1875 4412 inra-

121 4429 339 4501 aserpantibus
364 4429 511 4497 morderi;
544 4435 645 4486 utnos
674 4432 755 4488 veriti
778 4448 815 4489 na
844 4434 915 4506 quid
933 4435 971 4488 si·
1027 4441 1248 4510 aginam,»etc.
1266 4443 1398 4513 (bauain
1422 4444 1498 4505 Gen..
1529 4447 1583 4499 c.l
1609 4444 1663 4510 Oni
1693 4461 1751 4501 non
1778 4461 1877 4517 quem·

121 4516 189 4572 mile
211 4517 365 4588 patiamur,
389 4517 478 4572 Derim
503 4522 660 4574 creatorem
684 4519 713 4575 in
736 4520 874 4577 auxilium
891 4522 969 4578 invo-
1025 4527 1094 4583 libet
1119 4533 1286 4586 sanctornm
1311 4532 1461 4600 imitando,
1482 4531 1532 4588 sed
1546 4531 1639 4604 ipsam
1661 4533 1810 4588 veritatem
1831 4533 1876 4589 in·

121 4619 229 4661 cemus·
1025 4619 1143 4688 tuendo,
1159 4624 1296 4692 operatur
1310 4621 1461 4693 justitiam,
1489 4628 1520 4678 nt
1534 4623 1626 4694 ipsam
1653 4624 1807 4679 veritatem
1830 4622 1878 4679 in-

157 4694 238 4764 (Αυθ.
255 4696 285 4749 in
314 4697 392 4761 Gen,
422 4693 441 4749 ¹·
460 4708 501 4762 ¹11,
528 4696 625 4764 ο·13·)
651 4695 797 4761 Quaerilut
821 4698 971 4770 quarebio
1025 4706 1179 4779 telligstet
1202 4713 1339 4780 sequatur
1365 4727 1372 4767 :
1400 4709 1446 4766 hic
1472 4710 1581 4782 accepit
1599 4715 1769 4782 potestatem
1790 4725 1878 4784 super

119 4797 177 4837 non
206 4785 243 4837 sit
259 4782 402 4851 additum,
433 4783 510 4856 quod
536 4783 644 4839 dictum
673 4788 716 4839 est
736 4785 771 4841 ds
798 4786 971 4843 animalibus
1025 4795 1133 4864 omnia,
1149 4795 1217 4868 quia
1240 4795 1396 4868 spiritualis
1424 4798 1548 4870 quiaque
1573 4797 1736 4860 effeetugflt
1766 4798 1877 4855 120031.

119 4886 275 4941 aquarum:
294 4891 309 4924 a
325 4871 529 4945 benedixitque
553 4872 595 4929 cis
611 4872 684 4928 Dens
714 4873 832 4930 di'cens:
849 4875 970 4933 Crescite
1025 4883 1110 4951 milis,
1126 4884 1223 4939 omnia
1233 4884 1351 4956 judicat,
1368 4889 1397 4940 et
1409 4885 1495 4957 ipssa
1511 4884 1626 4942 nemine
1640 4885 1794 4958 judicatur.

118 4962 147 5013 et
176 4959 420 5030 multiplicamini,
448 4983 460 5012 ι
491 4965 545 5017 eto.
584 4962 667 5017 Forte
694 4963 772 5035 qnod
808 4964 844 5020 de
878 4964 971 5037 prima
1062 4989 1077 5021 u
1117 4970 1149 5025 Et
1176 4971 1282 5028 crearit
1316 4972 1398 5036 Deus,
1431 4993 1442 5022 a
1487 4977 1540 5029 etc.
1578 4973 1671 5044 (Auo,
1699 4974 1749 5029 ubi
1779 4989 1876 5044 supro,

118 5050 247 5101 creatura
276 5048 379 5104 animae
407 5049 528 5105 virentis
556 5049 665 5106 dictum
699 5051 821 5118 erat,ds
847 5053 970 5109 mcunda
1024 5073 1085 5130 cap.
1131 5060 1176 5126 20,
1208 5061 1254 5123 tl,
1289 5062 1345 5131 tt)
1389 5062 1550 5118 Notandum
1600 5062 1677 5136 quod
1732 5063 1805 5119 sient
1845 5063 1877 5120 in

117 5133 394 5206 subintelligendum
422 5137 551 5210 reliquit,
578 5139 702 5195 maxime
732 5140 801 5211 quia
827 5140 857 5196 in
885 5141 970 5213 hujus
1024 5146 1147 5202 creanda
1167 5147 1232 5203 luce
1264 5148 1368 5205 dicitur
1393 5167 1428 5206 :a
1451 5150 1511 5207 Fiet
1530 5151 1588 5221 linx,
1614 5154 1674 5206 ·et
1704 5151 1801 5206 statim
1835 5167 1876 5207 se·

116 5221 174 5279 diei
188 5221 323 5293 operibus
340 5224 395 5277 alia
421 5225 505 5296 plura
529 5226 668 5284 dicturus.
700 5229 806 5284 llerbas
818 5234 916 5286 autem
929 5233 968 5285 at·
1024 5235 1131 5308 quitur,
1147 5240 1199 5292 «st
1227 5236 1300 5292 laeta
1327 5241 1368 5292 cst
1396 5239 1544 5307 liix;nsic
1572 5254 1638 5294 crim
1663 5238 1788 5295 dicitur:
1804 5240 1877 5295 «Fa-

116 5326 173 5384 qna
190 5310 343 5383 lignaqnia
356 5326 416 5367 non
442 5312 549 5371 babent
584 5318 745 5389 generandi
763 5318 970 5386 allectumbu-
1024 5325 1133 5378 ciamus
1155 5323 1313 5392 hominem,
1337 5347 1348 5375 ι
1376 5326 1536 5395 infertum·
1562 5325 1668 5383 etfacit
1692 5328 1765 5384 bens
1783 5327 1878 5384 bomi-

111 5399 161 5473 tus
183 5398 392 5456 benedictionis
418 5399 538 5458 lursitan
564 5403 685 5477 indigna
713 5405 859 5480 judicarit.
890 5407 971 5475 Qriod
1025 5427 1091 5469 nem
1105 5412 1141 5468 ad
1156 5412 1314 5487 imaginem
1326 5415 1376 5473 liei
1405 5416 1600 5491 :›q11iaisu
1628 5418 1733 5472 natura
1758 5415 1876 5472 intelle-

115 5487 278 5548 nsoessurio
299 5488 456 5563 repetitum
480 5495 525 5547 est
550 5490 580 5548 in
602 5492 778 5566 heminam
804 5497 869 5572 quis
886 5504 970 5571 putet
1022 5500 1125 5559 ctualis
1147 5506 1200 5572 est,
1221 5502 1295 5599 sicat
1320 5503 1371 5563 illa
1388 5504 1435 5563 lna
1452 5511 1500 5563 :et
1522 5503 1577 5562 boc
1592 5507 1635 5561 est
1662 5503 1772 5573 silleri,
1796 5506 1875 5580 quod
1906 5570 1910 5579 ,
1936 5566 1940 5573 ,
