3892 6106
94 251 151 303 389
684 245 815 302 GLOSSN
836 245 1045 300 dublellus.
1064 275 1100 287 -
1119 245 1184 300 Llll.
1205 246 1287 302 NUll.
1802 251 1854 306 310
1893 266 1900 281 ·

130 369 324 435 lueotreelque
350 380 510 448 recreem.
542 365 583 418 Ne
610 363 682 417 lorte
717 363 806 434 aliqui
836 362 988 421 videantA
1007 362 1154 417 bernaculi
1182 363 1331 434 longitudo
1363 364 1482 434 triginta
1509 365 1612 420 cubitis
1641 373 1852 425 mensurantur.

91 455 205 509 nudam
220 460 248 507 el
264 452 433 507 moriantur.
454 453 667 506 Extermiuatur
682 449 758 504 enim
774 449 824 522 qui
846 449 949 505 1111111-
1040 452 1259 522 Quinquaointu,
1276 456 1328 506 etc.
1353 451 1458 522 (Ome.)
1473 454 1505 506 ln
1520 455 1573 507 hoc
1598 469 1712 525 quoque
1730 455 1803 510 libro
1819 456 1854 510 de

91 544 163 598 bilia
187 545 365 596 sacramenta
391 539 541 611 contingit,
567 539 621 592 nisi
645 538 755 593 meritis
781 543 810 592 et
833 537 952 592 scientia
1004 539 1130 593 hostium
1153 539 1262 610 spoliis,
1277 546 1344 607 etc,
1359 541 1495 608 usquead
1511 541 1663 596 eltrudere
1686 543 1752 597 liliis
1766 543 1855 599 Caalh

91 633 125 687 in
142 631 296 685 sacerdotii
309 629 431 700 gradum
447 634 594 698 promotus
609 628 709 683 fuerit.
1004 626 1144 697 portanda
1157 627 1296 693 humeris,
1321 635 1349 682 et
1366 628 1497 682 manibus
1515 630 1651 685 vehenda.

130 720 234 790 (Ouio,
258 719 328 772 bom.
351 718 412 770 liu
426 716 519 786 Num.)
544 717 659 785 Septem
683 715 816 786 quaedam
842 713 951 785 species
1040 715 1134 769 Omnes
1160 722 1208 784 qul
1242 716 1443 784 inprediuutur,
1469 721 1521 771 etc.
1549 718 1652 788 101111..
1680 721 1750 774 lrom.
1783 724 1799 775 5
1825 723 1857 774 in

92 812 293 866 numerantur,
321 810 388 874 etc„
413 821 496 874 resque
524 804 561 858 ud
585 804 633 857 alii
656 808 753 857 autem
774 802 951 873 haecoperta
1003 801 1096 873 Num.)
1123 803 1231 857 Dicitur
1253 804 1287 857 de
1314 804 1425 870 herilis,
1451 810 1516 871 etc,
1543 822 1627 875 usque
1651 808 1688 861 ud
1708 808 1855 879 quiomui

91 898 214 950 rideant
235 895 292 947 imo
306 894 397 947 relata
412 893 444 946 in
462 892 590 946 humeris
606 896 730 962 portent.
1005 905 1038 943 ex
1061 895 1141 959 parte
1166 890 1363 961 multiplicatis
1394 897 1424 946 et
1442 893 1598 963 purilicutis
1622 895 1750 949 sensibus
1774 895 1856 950 inre-

131 984 214 1036 11111.
241 985 267 1034 d.
292 1008 328 1019 -
352 981 388 1034 El
413 980 542 1047 operient.
572 978 634 1031 Filii
661 979 755 1031 Aaron
779 974 950 1040 sacerdotes,
1006 976 1251 1048 niturperlectus.

91 1071 204 1144 quibus
225 1067 324 1122 omnia
347 1067 426 1121 nuda
442 1072 468 1120 et
482 1071 583 1136 aperta
597 1065 695 1120 videre
710 1080 876 1119 concessum
892 1068 947 1118 est.
1041 1067 1120 1122 Vnus.
1146 1069 1190 1122 ³5.
1208 1095 1243 1107 -
1266 1067 1314 1121 Ad
1337 1083 1438 1122 annum
1462 1072 1724 1140 quinquepesimum.
1749 1073 1855 1146 (011111.)

133 1159 216 1212 Vsus.
243 1160 269 1209 7.
297 1186 330 1196 —
367 1157 452 1209 Panes
488 1170 601 1223 semper.
630 1156 722 1224 (Auo,
752 1157 846 1220 quast.
877 1155 892 1204 1
925 1153 954 1204 irs
1006 1154 1265 1226 Quinquagesimus
1287 1161 1385 1210 autem
1413 1173 1505 1210 annus
1531 1158 1729 1214 remissionem
1759 1167 1787 1215 et
1810 1161 1855 1216 iu·

92 1247 191 1314 Num.)
219 1246 255 1298 let
283 1257 367 1312 porres
396 1245 445 1312 qui
469 1257 573 1311 semper
593 1256 676 1310 super
703 1255 761 1293 eom
783 1244 873 1292 erunt.
890 1239 954 1292 Non
1007 1243 1184 1312 dulgentiam
1204 1243 1356 1313 significat,
1371 1249 1437 1309 etc,
1452 1261 1537 1315 usque
1548 1247 1585 1300 od
1595 1247 1619 1300 si
1634 1247 1756 1303 addatur
1769 1250 1854 1305 unius

92 1334 198 1404 utique
222 1332 308 1386 iidem
336 1346 456 1401 semper,
480 1330 529 1385 sed
551 1329 660 1384 similes
682 1344 795 1394 eorum,
821 1326 889 1398 quia
911 1325 955 1380 illi
1007 1329 1120 1385 decadae
1133 1332 1351 1398 consummatio,
1368 1333 1440 1387 liunt
1452 1333 1612 1404 quingenti.

94 1418 312 1484 auferebantur,
336 1424 364 1471 et
387 1423 515 1472 recentes
529 1417 657 1488 quotidie
676 1416 868 1486 ponebantur,
885 1414 953 1469 dum
1351 1419 1463 1474 CAPUT
1483 1421 1513 1472 V.

94 1511 196 1560 tamen
212 1506 274 1559 sine
300 1505 425 1574 panibus
446 1521 547 1558 mensa
570 1520 627 1557 non
653 1504 873 1573 relinqueretur.
890 1502 954 1555 ldeo
1043 1508 1124 1561 Vnus.
1145 1508 1349 1564 1.-01111111
1372 1509 1518 1577 leprosum.
1547 1509 1662 1567 leprosi
1681 1513 1853 1567 1111111111-

95 1594 181 1659 dixit,
201 1593 253 1664 qui
269 1609 382 1664 semper
397 1608 483 1663 super
498 1608 561 1645 eam
577 1595 671 1658 crunt,
686 1590 715 1644 id
729 1595 779 1657 est,
796 1588 864 1660 quia
879 1603 953 1642 sem·
1008 1595 1056 1650 tici
1080 1595 1165 1648 variis
1193 1610 1323 1649 errorum
1352 1596 1470 1650 maculis
1498 1597 1612 1667 polluti,
1635 1615 1693 1653 nou
1718 1574 1855 1656 hahentes

95 1698 149 1754 per
160 1697 259 1751 panes,
277 1696 335 1734 uon
351 1680 419 1750 quia
434 1679 475 1733 illi
492 1696 613 1750 semper.
1010 1683 1180 1737 uniformem
1195 1685 1320 1737 colorem
1334 1683 1472 1739 doctrines
1496 1687 1540 1739 vel
1565 1686 1631 1741 lldei
1647 1702 1654 1741 :
1670 1703 1723 1742 neo
1736 1689 1854 1744 abscon-

134 1771 216 1822 l'aas.
250 1771 292 1823 ll.
321 1797 355 1806 -
380 1768 432 1822 Nec
459 1781 512 1819 11011
532 1771 557 1818 el
576 1767 673 1818 ellare·
698 1763 760 1817 Alia
785 1763 899 1817 littera:
928 1768 954 1817 el
1006 1772 1079 1825 dunt
1108 1770 1293 1842 imperitiam,
1320 1772 1368 1825 sed
1398 1772 1561 1837 ostendunt.
1593 1773 1676 1827 Nulla
1703 1776 1854 1831 verolalsa

96 1871 180 1926 super
206 1858 294 1910 otlure
315 1870 427 1908 aureum
449 1854 608 1922 adoperient
621 1855 808 1906 uestimentum
837 1853 953 1921 119111111-
1007 1857 1191 1913 doctrinaest
1211 1874 1276 1929 quae
1299 1873 1357 1912 non
1377 1859 1473 1930 aliqua
1493 1876 1560 1914 vera
1585 1861 1738 1930 aliquando
1760 1863 1855 1918 admi.

99 1947 270 2001 tbinum1el
295 1944 452 2013 adoperient
474 1942 544 1997 1111111
569 1943 731 2011 operimento
752 1941 861 2010 pelliceo
886 1942 952 1993 iou·
1007 1951 1093 2000 sucat..
1117 1946 1189 1999 Vera
1213 1962 1281 2016 ergo
1298 1945 1376 2000 falsis
1397 1947 1535 2017 permista
1559 1947 1589 2001 in
1608 1948 1704 2020 aliqua
1728 1949 1855 2022 dispula-

100 2036 186 2088 tlu'uo.
214 2037 311 2089 Posset
331 2033 386 2087 isla
410 2030 517 2085 loculio
538 2030 639 2095 rideri,
662 2045 749 2100 quam
765 2030 842 2082 velut
858 2027 955 2082 1111111-
1006 2033 1084 2088 tione
1107 2036 1150 2087 rel
1178 2034 1340 2088 narratione
1369 2034 1531 2104 cujuslibet,
1555 2040 1691 2106 tanquam
1717 2035 1747 2089 in
1772 2036 1856 2090 unius

101 2124 167 2177 dam
196 2128 299 2177 elnon
326 2122 469 2191 integram
489 2119 581 2173 Latini
608 2118 778 2190 interpretes
802 2116 954 2172 transferre
980 2156 985 2167 .
1007 2121 1133 2191 eorporis
1155 2124 1251 2176 colore
1273 2122 1452 2193 apparentia,
1475 2123 1637 2192 significant
1656 2124 1775 2193 lepram,
1792 2129 1856 2178 tan·

102 2215 264 2277 voluerunt,
291 2210 387 2265 idest
410 2225 496 2280 super
521 2208 609 2261 altare
640 2222 760 2261 aureum
788 2205 954 2277 adoperient

103 2300 307 2354 vestimentum
329 2296 559 2369 hyacinthinum,
587 2301 725 2367 tauquam
741 2293 870 2349 debuerit
886 2292 953 2359 dici,

105 2388 234 2441 stellare
249 2401 370 2441 aureum
385 2383 552 2454 adoperient
566 2382 734 2437 vestimento
751 2380 952 2452 hyacinthino:

106 2493 160 2530 non
175 2475 347 2544 adoperient
371 2473 574 2526 uestimentum
594 2469 820 2542 hyacinthinum.
838 2469 895 2522 lloe
912 2467 954 2520 vi-

108 2565 186 2619 detur
210 2564 371 2635 signiticare
394 2560 470 2631 quod
493 2560 587 2631 ipsum
611 2560 814 2613 vestimentum
837 2555 954 2627 hyacin-

108 2654 217 2706 thinum
240 2650 358 2705 aliunde
380 2647 588 2719 adoperiretur.
612 2646 666 2701 Sed
681 2644 754 2699 mihi
770 2645 881 2699 ridetur
896 2659 954 2696 non

110 2748 162 2796 lam
178 2757 269 2812 genus
294 2738 448 2793 locutionis
464 2753 534 2803 esse,
564 2752 650 2806 quam
675 2735 866 2788 subobscurus
886 2748 955 2786 sen-

111 2846 169 2895 sus;
185 2831 238 2883 hoe
262 2827 341 2881 euim
359 2824 482 2895 intelligi
497 2828 610 2894 potest:
629 2838 716 2891 super
732 2822 819 2875 altare
835 2835 955 2873 aureum

1007 2227 1094 2280 quam
1109 2211 1182 2264 veris
1199 2210 1334 2282 falsisque
1357 2214 1486 2265 colorum
1501 2211 1576 2277 locis,
1594 2213 1722 2266 humana
1737 2228 1856 2282 corpora

1008 2297 1175 2352 variantem.

1044 2387 1127 2442 Vnus.
1154 2390 1179 2440 d.
1204 2388 1292 2441 -Vir
1314 2388 1370 2442 siue
1397 2388 1508 2442 muller.
1529 2388 1607 2456 111111.
1637 2389 1666 2441 ln
1682 2389 1776 2458 Num.)
1799 2389 1857 2443 lloc

1008 2473 1131 2543 capitulo
1160 2473 1359 2539 admonemur,
1387 2481 1419 2529 ut
1446 2475 1470 2528 si
1490 2473 1631 2546 quid'psr
1651 2475 1856 2546 negligentiam

1008 2561 1213 2632 delinquimus,
1239 2578 1290 2632 per
1312 2562 1521 2617 confessionem
1544 2567 1572 2616 el
1591 2562 1789 2633 poenitcntiam
1814 2563 1856 2617 di·

1008 2648 1121 2701 luamus
1134 2652 1162 2702 et
1176 2648 1315 2703 damnum
1340 2649 1533 2703 restituamus.
1550 2648 1580 2702 Si
1605 2653 1700 2702 autem
1725 2649 1856 2719 proximo

1009 2736 1145 2790 damnum
1163 2736 1321 2801 intulimus,
1337 2752 1432 2791 coram
1448 2737 1496 2791 illo
1511 2736 1709 2807 poeniteamus,
1730 2743 1759 2791 et
1775 2736 1856 2791 dam·

1009 2839 1079 2877 num
1102 2825 1294 2879 restituamus.
1314 2825 1342 2879 Si
1365 2839 1431 2881 vero
1448 2840 1507 2879 uon
1521 2830 1659 2895 superest,
1682 2824 1855 2891 coufitendo,

112 2919 275 2988 adoperient
312 2915 513 2968 uestimentum
543 2911 769 2982 hyacinthinum,
800 2915 832 2963 ut
859 2907 954 2979 ipsum
973 2912 1215 2993 cpoenitendoet
1238 2913 1430 2983 eleemosynas
1456 2912 1613 2982 largiendo,
1630 2913 1750 2967 [lumino
1774 2913 1857 2968 satis·

112 3007 306 3060 vestimentum
321 3002 540 3074 hyacinthinum
560 3000 616 3053 alia
632 3016 662 3053 re
677 2998 865 3069 operiendum
879 3011 954 3067 prae·

114 3095 223 3163 ceperit,
240 3091 317 3164 quod
342 3090 545 3145 vestimentum
565 3089 628 3159 jam
650 3102 736 3156 super
760 3086 848 3140 altare
870 3088 956 3150 esset,

114 3182 185 3234 acsi
210 3181 336 3234 breviter
363 3184 519 3248 utrumque
547 3175 792 3246 complecteretur,
818 3170 955 3228 11111111-

116 3274 203 3324 mento
228 3267 518 3340 111111111111111111111
543 3262 741 3335 operiendum,
758 3267 786 3315 el
800 3260 954 3315 vestimen·

115 3363 168 3410 tum
186 3355 406 3427 hyacinthinum
430 3353 487 3407 alio
512 3352 638 3422 tegmine
663 3349 862 3421 operiendum.
882 3349 955 3404 Suli-

113 3445 199 3514 junxit
211 3445 337 3514 denique
354 3443 428 3496 uude
448 3441 555 3512 operiri
570 3440 654 3494 vellet
668 3439 868 3492 vestimentum
884 3437 956 3507 bpa-

114 3534 277 3597 cinthinum,
304 3548 369 3586 cum
393 3531 514 3600 adjecit:
529 3534 557 3584 et
581 3527 747 3598 adoperient
772 3527 840 3581 illud
860 3524 956 3595 operi·

114 3627 202 3676 mento
216 3620 337 3692 pelliceo
352 3619 492 3673 ianthino.

143 3711 222 3764 Vens.
255 3711 297 3762 15.
333 3738 368 3750 -
400 3709 472 3761 Turre
491 3705 633 3760 intrabunt
657 3704 710 3773 filii
733 3702 832 3757 Caute.
854 3702 956 3772 (Ouio,

114 3798 175 3853 lom.
192 3799 232 3868 4.)
246 3796 301 3861 Oui
316 3795 383 3849 licet
403 3811 464 3849 non
478 3793 536 3847 sint
557 3792 727 3855 sacerdotes,
741 3795 806 3856 ete,
821 3805 906 3858 usque
921 3789 958 3843 od

113 3887 187 3956 cujus
211 3883 410 3939 hereditatem
432 3880 579 3953 prestabit
599 3879 682 3933 nobis
704 3879 842 3932 Dominus
862 3883 958 3932 noster

112 3974 185 4027 lesus
201 3972 339 4028 Christus.

143 4063 224 4116 Vens.
250 4062 291 4116 l8.
319 4089 353 4098 —
378 4058 467 4114 Nolite
486 4056 610 4127 perdere.
636 4054 736 4125 (0111.)
759 4055 847 4109 Nolite
869 4059 958 4109 eeter-

1008 2999 1156 3054 faciamus.

1045 3087 1137 3157 (Auo,
1154 3091 1219 3155 etc,
1239 3092 1334 3155 quast.
1348 3092 1364 3140 9
1378 3087 1410 3143 iu
1423 3088 1517 3156 Num.)
1533 3087 1596 3142 alia
1610 3088 1707 3143 littera
1720 3104 1805 3158 usque
1819 3090 1857 3144 ud

1010 3192 1074 3247 quae
1088 3192 1140 3247 per
1153 3175 1288 3230 delictum
1307 3176 1400 3229 ablata
1415 3181 1468 3230 est.

1045 3265 1124 3319 Vsus.
1146 3269 1171 3318 7.
1201 3293 1236 3305 -
1257 3263 1379 3330 Reddent
1401 3265 1498 3333 ipsum.
1525 3265 1619 3332 (Auo,
1645 3269 1739 3333 quest.
1766 3267 1799 3320 l0
1827 3268 1857 3322 ira

1009 3356 1101 3423 Num.)
1127 3352 1270 3418 Oumritur
1299 3353 1446 3424 quomodo
1474 3352 1503 3406 iu
1524 3353 1618 3407 Exodo
1644 3353 1759 3424 legitur,
1787 3359 1854 3423 ete,

1010 3443 1146 3513 usquead
1165 3458 1221 3513 quo
1244 3443 1337 3496 turem
1364 3441 1602 3512 comprehensum
1627 3441 1672 3495 vel
1698 3443 1857 3497 convictum

1010 3531 1096 3602 plecti
1118 3535 1274 3600 oporteret.

1048 3621 1128 3674 Vsus.
1145 3622 1174 3674 8.
1202 3648 1237 3660 -
1251 3620 1369 3688 Recepto
1393 3619 1477 3672 ariete
1501 3615 1604 3672 tristis
1626 3617 1733 3672 oblatio
1755 3617 1858 3673 Christi

1009 3708 1173 3779 passionem
1199 3705 1350 3776 significat,
1375 3706 1405 3759 in
1435 3720 1492 3775 qua
1520 3704 1643 3760 maxime
1676 3705 1857 3774 confidimus,

1012 3796 1079 3867 quie
1100 3794 1160 3848 siue
1182 3809 1215 3847 eo
1232 3792 1303 3846 nihil
1327 3808 1486 3862 possumus.
1512 3793 1575 3863 lpse
1600 3796 1643 3847 est
1666 3794 1795 3849 sacerdos
1810 3796 1861 3866 qui

1011 3899 1064 3938 nos
1079 3881 1157 3937 Patri
1170 3896 1223 3952 per
1245 3879 1420 3934 oblationem
1435 3879 1529 3933 caruis
1541 3895 1600 3934 sum
1613 3879 1778 3934 reconciliat
1793 3881 1859 3951 (Joo

1011 3972 1055 4041 xv)
1070 3987 1077 4025 :
1095 3970 1159 4025 ideo
1183 3969 1226 4023 illi
1244 3983 1364 4022 munera
1387 3971 1484 4021 nostra
1510 3966 1667 4035 offerimus,
1685 3983 1742 4038 quo
1770 3969 1859 4024 inter·

1011 4059 1128 4114 cedente
1144 4056 1256 4111 reniam
1270 4071 1441 4110 mereamur.

113 4154 212 4206 minure
233 4149 340 4220 plebem
366 4149 467 4215 caath,
496 4151 550 4199 etc.
583 4143 712 4213 intellige
733 4143 813 4214 prius
834 4143 957 4196 colloca·
1047 4149 1128 4201 Vnus.
1159 4149 1184 4200 9.
1211 4144 1258 4200 Ad
1288 4143 1461 4199 sacerdotem.
1498 4141 1640 4199 Christum
1671 4141 1787 4209 scilicet,
1815 4138 1862 4194 cui

111 4238 215 4293 tionem
238 4235 426 4297 tabernaculi,
451 4239 517 4303 ele,
543 4249 627 4303 usque
656 4232 693 4287 ad
722 4230 835 4286 humeri
861 4236 957 4285 autem
977 4220 1138 4292 Ddicitur:
1156 4237 1197 4289 Tu
1216 4248 1242 4288 es
1264 4231 1391 4287 auredus
1413 4235 1444 4287 irs
1467 4237 1593 4287 aeteruum
1615 4229 1761 4286 secuudum
1782 4227 1861 4284 ordi-

111 4342 195 4398 opcra
210 4325 380 4398 significant.
1012 4339 1071 4377 uem
1099 4319 1291 4378 Melchisedech
1318 4320 1402 4392 (Psol.
1433 4320 1497 4392 clx).
1529 4321 1595 4391 Ejus
1623 4319 1728 4382 scilicet
1752 4315 1861 4390 judicio

143 4417 224 4471 Vsus.
241 4416 285 4469 10.
303 4445 337 4454 -
358 4414 422 4467 Alii
444 4412 531 4477 nullu,
557 4415 611 4464 etc.
637 4408 741 4480 (011111.)
766 4409 798 4463 ln
821 4408 957 4463 Ecclesia·
1013 4415 1114 4466 cuncta
1137 4425 1296 4478 reservans,
1326 4426 1362 4464 ne
1389 4409 1463 4464 forte
1487 4409 1597 4481 judicet
1622 4425 1683 4463 rem
1711 4407 1861 4472 incertam,

112 4504 184 4557 sticis
205 4518 321 4574 quoqne
340 4499 599 4567 observationibus,
626 4505 690 4567 etc,
714 4495 853 4566 usquead
877 4500 905 4551 et
928 4496 959 4550 111
1012 4499 1108 4555 unde:
1137 4500 1226 4554 Nolite
1254 4503 1316 4553 oute
1343 4503 1446 4568 tempus
1468 4498 1596 4567 judicare
1619 4496 1794 4568 quoadusque
1816 4510 1861 4548 oe·

113 4608 180 4663 opus
195 4589 320 4663 proferri
333 4590 405 4642 ratio
419 4586 590 4660 poposcerit.
1012 4587 1072 4643 niul
1091 4589 1230 4654 111111ιί11111,
1247 4592 1299 4641 etc.

145 4681 229 4752 Vsus.
249 4681 297 4734 23.
318 4678 389 4733 -Α
406 4679 531 4744 lra'qiratu.
560 4672 749 4741 Tricenarius,
769 4673 819 4744 qui
840 4672 958 4753 denario
1050 4676 1177 4746 (11111111
1197 4677 1288 4744 Num.)
1314 4673 1415 4729 Farina
1438 4673 1598 4728 hordeacea
1621 4672 1859 4727 scientiamrete-

112 4772 152 4822 ter
176 4766 365 4838 multiplicato
392 4765 584 4836 componitur,
609 4762 803 4834 integritatem
838 4761 904 4816 lidei
931 4765 960 4815 el
1013 4763 1052 4818 ris
1067 4763 1138 4834 legis
1161 4761 1392 4835 signiticat‚etc.,
1417 4762 1553 4832 usquead
1579 4759 1743 4816 damnanda
1766 4756 1862 4812 autli-

113 4856 313 4927 perlectionem
330 4854 426 4925 operis
441 4853 593 4923 significat,
610 4851 671 4905 sine
686 4851 791 4921 quibus
806 4866 891 4905 nemo
913 4866 959 4904 ac·
1013 4852 1140 4906 heranda
1152 4856 1322 4907 reservatur.

114 4945 208 5000 cedere
233 4944 320 4998 debet
344 4943 380 4996 ad
404 4941 500 4996 divina
526 4939 693 4993 ministeria.
719 4937 823 5008 loseph
838 4938 960 4992 tricena·
1050 4941 1129 4994 Vsus.
1157 4944 1199 4995 15.
1224 4971 1257 4980 -
1277 4940 1338 4995 Nora
1361 4939 1467 5006 (undet.
1490 4938 1553 4991 Non
1575 4937 1657 4992 decet
1675 4935 1739 4990 oleo
1759 4933 1863 4989 adula-

113 5034 168 5088 rius
182 5033 298 5105 AEgypti
314 5030 439 5101 suscepit
464 5027 658 5100 gubernacula
674 5027 749 5097 (Gerr.
763 5030 815 5096 11),
831 5032 859 5080 11
874 5024 960 5081 David
1013 5029 1099 5085 tionis
1124 5032 1168 5085 vel
1182 5028 1341 5085 indiscrete
1355 5025 1572 5095 misericordie,
1598 5041 1650 5080 nec
1662 5023 1746 5079 thure
1761 5039 1862 5102 super·

116 5137 243 5193 regnum,
262 5117 596 5192 quodseptuagenarius,
609 5117 700 5183 idest,
716 5115 960 5186 perpetuaquietu
1014 5119 1079 5174 lluae
1103 5119 1195 5173 laudis
1213 5119 1258 5173 rel
1283 5115 1455 5171 inordinatae
1479 5112 1627 5180 orationis,
1650 5106 1863 5184 impoenitentes

117 5210 215 5282 dignus
232 5208 388 5278 complevit
416 5207 467 5279 (111
488 5207 556 5274 Req.
574 5206 615 5275 11).
633 5205 666 5258 Et
684 5204 812 5259 Ezechiel
835 5204 960 5275 prophe·
1013 5206 1100 5273 liniri,
1126 5206 1177 5261 sed
1199 5206 1259 5260 zelo
1283 5203 1401 5277 justitioe
1422 5202 1579 5257 secundum
1603 5206 1779 5274 praeceptum
1808 5201 1864 5255 llo·

116 5300 158 5354 tire
185 5300 262 5355 dona
286 5297 446 5368 promeruit
469 5296 573 5365 (Erech.
605 5293 634 5364 1).
657 5294 690 5347 Et
718 5293 786 5364 quia
800 5309 851 5364 per
873 5292 960 5347 iidem
1014 5295 1086 5350 mini
1099 5295 1201 5351 vitium
1216 5293 1355 5348 instanter
1369 5295 1397 5346 et
1409 5291 1538 5346 ordinate
1551 5289 1697 5362 persequi.

116 5388 227 5443 adversa
242 5386 349 5442 debent
368 5384 573 5456 longanimiter
587 5381 665 5450 terri,
682 5386 710 5436 el
725 5381 847 5453 premia
871 5381 960 5436 subli-
1049 5385 1130 5438 Vsus.
1159 5387 1199 5438 17.
1229 5413 1263 5422 -
1290 5382 1399 5450 Aquom
1428 5386 1560 5436 sonetum.
1587 5378 1653 5451 (In.)
1683 5378 1754 5434 lluie
1781 5392 1863 5447 aquae

116 5478 193 5532 miter
224 5474 338 5547 sperari
372 5489 445 5526 arem
481 5473 525 5525 111
562 5470 660 5540 templi
694 5469 825 5532 altitudo,
855 5474 884 5525 el
917 5475 961 5525 ta-
1014 5473 1113 5526 miscet
1138 5471 1268 5525 sacerdos
1292 5469 1451 5540 pauxillum
1472 5473 1557 5524 terrae
1579 5468 1614 5523 de
1638 5467 1803 5538 pavimento
1821 5469 1864 5518 ta·
