3892 6106
28 302 38 313 .
108 256 134 309 u
556 247 793 306 wscsamnus
812 215 1176 305 suerrus‘rmnarsrs
1195 245 1393 302 ssorscuus
1825 249 1854 298 u

104 375 227 442 uecrtapia
243 377 369 430 Christi:
385 373 517 428 editaesl
540 370 947 440 aileru.Pez,Thees.nosiss.
964 372 987 425 Α
1006 368 1120 434 dicitur,
1148 367 1349 431 Humiliarium.
1377 370 1506 438 Epistulae
1537 369 1720 431 addiacrsos,
1739 370 1857 424 Carmen

105 448 251 502 baecdot..
269 452 337 499 lom.
355 445 388 506 ll,
404 449 477 514 part.
495 460 513 503 r.
530 459 557 512 p.
575 446 621 497 39.
1006 440 1142 494 beroimm
1156 439 1189 492 dc
1202 440 1341 492 miraculis
1370 439 1406 493 B.
1439 440 1570 507 Virplnis.
1591 447 1620 492 et
1644 440 1776 510 alioqum
1791 457 1857 493 nar-

143 520 184 570 ll.
200 517 460 585 Eupasiiiouipiuli
486 518 635 583 primarum
660 513 845 583 psalmorum:
863 515 953 565 exstat
1006 516 1050 564 rat
1079 510 1222 564 biezlerus.
1239 510 1387 564 Cbraaicon
1416 510 1448 563 dc
1472 510 1612 563 sedialibus
1640 513 1795 564 monasterii
1811 514 1857 565 aui

105 587 212 642 ibidem
229 594 307 640 tuma
326 587 371 649 lV,
388 593 461 653 part.
478 602 496 646 ι,
512 601 538 653 p.
553 585 615 637 471.
667 585 671 592 '
1006 581 1093 635 estin
1119 581 1188 634 Ribl.
1216 581 1346 633 Vaticana
1363 586 1447 648 prout
1470 586 1590 633 testatur
1615 582 1695 635 Beru.
1714 582 1748 634 de
1765 582 1854 634 biaut·

145 660 185 712 l8.
218 658 346 726 Epiruma
376 657 633 713 Commentariorum
663 651 773 706 itabant
803 654 896 707 Mauri
922 654 951 706 in
1005 651 1108 706 iarrcun
1123 651 1193 705 Bsbl.
1212 650 1472 708 bibliotlrecarmm.
1488 666 1567 717 mss,
1584 668 1610 720 p.
1627 650 1674 704 ti.

105 730 268 784 hereticum:
286 734 465 782 exstatlomu
483 726 505 779 ll
520 725 644 794 Operum
659 723 779 788 flabant,
789 739 816 793 p.
833 725 894 777 uel.
1042 723 1109 776 Vide
1133 720 1333 784 Trilhernium.
1356 721 1391 775 de
1413 721 1516 791 Script.
1531 723 1642 785 eccles,
1658 737 1685 775 c.
1705 721 1756 776 ula
1774 738 1781 786 ;
1800 723 1849 776 Ra·

143 802 185 853 ss.
203 799 319 852 initium
336 797 485 852 Annalium
504 796 677 849 Fuldenstrrm
693 799 791 846 nostro
818 793 951 847 tribuunt
1004 793 1100 856 laeum,
1116 797 1189 845 cent.
1207 807 1265 856 ssu,
1284 795 1310 855 9,
1327 792 1465 852 Piraeum,
1482 807 1505 843 c.
1526 793 1670 858 ilt;lob‚
1687 793 1851 856 theuterum,

105 877 234 923 auctores
264 871 362 923 Gallici
391 869 459 921 hist.
492 867 535 920 ist.
553 864 660 919 Galliae.
700 866 899 919 Conierhitm.
917 864 950 916 de
1003 864 1037 917 de
1063 862 1134 915 Viris
1162 862 1264 916 illustr.
1289 863 1318 917 S.
1342 863 1424 927 Galli,
1448 878 1478 924 u,
1496 864 1643 927 69;luan.
1665 864 1801 931 ligonem,
1818 865 1854 916 de

108 941 242 1004 Triduum,
261 943 338 994 arar.
354 939 428 1003 lan..
447 953 475 1005 p.
492 939 537 990 ili.
1003 933 1076 987 Viris
1089 934 1175 986 illust.
1192 932 1292 1000 srsgiae
1305 932 1410 998 divitis,
1426 949 1444 998 1,
1464 935 1514 995 lm
1530 949 1560 999 u,
1580 936 1630 997 ¹33
1646 932 1741 1002 Lyseri
1767 934 1853 986 iiislo

141 1010 407 1080 ineditaejussuut
432 1007 514 1062 Liber
541 1006 574 1060 de
603 1007 667 1060 Vita
690 1006 720 1058 S.
734 1005 948 1061 Gallisermone
1002 1004 1241 1074 riampoutarum
1259 1002 1345 1057 medii
1361 1005 1425 1073 aevi,
1441 1021 1468 1075 p.
1485 1004 1556 1070 235;
1587 1005 1655 1057 illst.
1684 1004 1726 1056 lit.
1744 1003 1852 1069 Gallia,

105 1081 209 1150 rigata,
226 1082 275 1151 qui
301 1078 396 1134 adbuc
418 1078 448 1132 in
474 1076 645 1132 manasterio
664 1077 690 1130 S.
712 1076 784 1130 Galli
799 1090 947 1144 superesse
1002 1079 1071 1129 tam.
1092 1075 1121 1138 V,
1136 1088 1167 1143 p.
1179 1075 1213 1128 59
1225 1089 1269 1143 sq.

490 1327 759 1415 MONITUM
788 1326 1051 1414 EDITORIS
1082 1325 1459 1414 PATROLOGIAE

348 1487 388 1550 nv
414 1483 658 1563 saudauma
681 1482 824 1548 ravan
851 1481 1033 1548 caussa
1054 1482 1313 1550 onnrannnu
1332 1482 1598 1548 nacusroaan.

149 1706 332 1769 Wscssnrm
350 1703 465 1770 Srnsar
493 1704 547 1768 vei
573 1702 751 1768 Srnaaoms
780 1701 887 1783 Opera
919 1700 1157 1781 colligentibus
1179 1703 1288 1783 prima
1320 1703 1430 1767 ironte
1451 1705 1548 1768 rrobis
1570 1705 1715 1768 occurrit
1733 1701 1852 1770 Glossa

104 1789 288 1870 ordinaria,
320 1796 418 1874 cujus
443 1792 634 1875 precipuus
660 1796 779 1855 auctor
805 1790 948 1854 hahetur
974 1788 1186 1854 Walalridus.
1214 1789 1325 1854 hiuttae
1340 1793 1478 1855 luerunt
1493 1792 1597 1874 hujus
1618 1789 1741 1857 Glossae
1764 1798 1797 1856 et
1816 1795 1852 1858 in

103 1883 207 1946 variis
220 1882 420 1962 regionibus
441 1881 620 1956 editiones
639 1881 680 1943 ab
694 1897 784 1943 anno
801 1885 887 1942 stra
909 1878 949 1941 ad
969 1896 1098 1940 annum
1123 1881 1233 1952 163l;
1256 1897 1401 1960 quarum
1433 1881 1728 1944 enumerationem
1758 1881 1850 1960 vide,

104 1971 132 2033 ai
150 1971 243 2048 libel,
270 1971 304 2033 in
320 1968 468 2033 Historia
498 1968 660 2032 litteraria
692 1966 817 2042 Gallim,
846 1973 928 2031 tom.
947 1965 986 2044 V,
1010 1984 1090 2048 pag.
1111 1970 1167 2029 62.
1186 1966 1248 2030 Par
1268 1985 1328 2030 sex
1342 1969 1465 2032 saeculu
1478 1986 1606 2049 magna
1625 1970 1688 2032 luit
1716 1965 1849 2035 Glossae

104 2053 282 2123 ordinariae
309 2058 505 2121 auctoritas.
536 2056 699 2120 Paulatim
724 2060 851 2133 tamen,
882 2056 981 2118 annis
996 2053 1266 2130 decurrentibus,
1295 2057 1402 2119 multa
1429 2062 1648 2121 accesserunt
1679 2057 1845 2137 addititia,

104 2149 228 2229 quibus
248 2147 332 2210 adeo
343 2165 444 2228 supra
460 2145 597 2208 modum
613 2149 789 2222 acciscat,
807 2149 844 2206 ut
859 2162 920 2207 sex
938 2143 1149 2224 ingentibus,
1166 2149 1203 2206 ut
1218 2144 1334 2207 dicunt
1347 2140 1478 2230 infolio
1507 2142 1668 2222 maximo,
1699 2146 1848 2210 volumi-

104 2235 206 2298 nibus
233 2240 395 2298 constans
417 2234 459 2297 ad
483 2253 546 2297 nos
573 2233 778 2314 pervenerit,
804 2232 839 2294 in
860 2230 1169 2313 quibusWalalridi
1189 2250 1275 2312 opus
1291 2233 1349 2294 vix
1370 2251 1551 2313 agnoscas.
1570 2235 1729 2298 Alienum
1750 2253 1850 2315 porro

105 2328 187 2386 esta
202 2323 376 2405 proposito
390 2327 506 2386 nostro
516 2321 745 2384 additamenta
757 2321 960 2402 scriptorum
975 2318 1304 2394 duodecimi‚decimi
1320 2321 1409 2383 larlii
1425 2319 1592 2385 velaliam
1607 2323 1716 2405 quinti
1728 2323 1851 2386 decimi

106 2411 219 2475 saeculi
237 2412 423 2483 recudere:
441 2409 560 2474 elidco
580 2408 750 2472 Walulridi
774 2426 861 2490 opus
881 2407 1237 2489 tautummodo,quale
1257 2408 1450 2490 antiquiora
1464 2414 1498 2472 el
1517 2410 1709 2474 authentica
1728 2429 1847 2474 manu·

106 2501 231 2581 scripta
249 2499 409 2576 afferunt,
428 2497 634 2562 servandum
647 2515 724 2560 esse
737 2497 948 2560 censuimus.
966 2495 1123 2559 Attamen
1141 2514 1182 2558 na
1198 2496 1381 2559 lectoribus
1396 2499 1604 2562 abbreviatio
1620 2498 1734 2580 operis
1745 2504 1848 2563 tantae

104 2605 166 2670 par
185 2592 234 2650 lot
253 2587 375 2650 saecula
387 2586 596 2649 arrclorilntis
608 2585 777 2648 desiderio
787 2590 891 2659 esset,
902 2584 1006 2665 hujus
1019 2584 1294 2652 delineationem,
1311 2587 1420 2666 quoad
1438 2587 1478 2650 ad
1493 2604 1555 2649 nos
1568 2590 1701 2665 niliaci,
1715 2588 1849 2650 elilrrxi-

101 2692 193 2751 mus,
211 2683 243 2740 el
258 2673 653 2755 Prolegomenaedilioni
668 2670 1144 2751 buccensiumlhaoiogorum
1156 2673 1237 2734 asini
1255 2676 1338 2735 liil'l
1352 2675 1490 2754 praelixa
1501 2675 1711 2747 recudimus,
1725 2676 1850 2758 quibus

103 2763 244 2828 discitur
255 2765 364 2846 qualis
379 2763 479 2827 luerit
497 2758 614 2827 Glossa
628 2759 800 2825 ordinaria
811 2762 850 2824 de
867 2759 1001 2842 quahic
1015 2759 1197 2839 agitandi
1212 2761 1319 2823 mulla
1330 2763 1364 2824 in
1375 2761 1429 2824 bis
1443 2762 1699 2843 prolegomenis
1712 2783 1732 2827 a
1754 2765 1852 2827 nobis

103 2852 194 2917 edita
208 2855 346 2916 luerunt
360 2853 396 2914 in
416 2851 520 2914 variis
533 2850 678 2932 hujusce
699 2849 901 2928 Patroiogiae
913 2847 1027 2912 tomis.
1042 2845 1131 2912 Salis
1145 2866 1229 2928 ergo
1246 2849 1390 2912 eritloca
1402 2851 1564 2929 indicare,
1580 2869 1621 2915 ne
1642 2853 1693 2915 bis
1710 2853 1744 2915 iu
1762 2854 1851 2915 idem

101 2940 305 3006 incidemus.
320 2939 447 3004 Pariter
460 2938 643 3003 bibliorum
659 2937 1114 3018 sacrorumuniuscujasqne
1126 2955 1247 3000 versus
1263 2938 1380 3019 primas
1394 2957 1496 3003 voces
1512 2941 1852 3004 tantuminducendae

102 3035 180 3092 surrt
196 3029 237 3091 ad
251 3023 478 3106 ¹intelligenda
489 3027 626 3090 Petrum
642 3026 886 3090 commentaria
901 3026 1026 3108 quibus
1038 3025 1299 3106 praemittantur.
1318 3024 1402 3089 Nam
1413 3027 1535 3092 merito
1549 3029 1693 3092 lectores
1710 3034 1849 3092 nostros

103 3117 248 3198 pigeret,
270 3116 312 3194 si,
333 3115 411 3179 dala
424 3113 594 3178 Walairidi
606 3116 720 3197 operis
735 3114 928 3191 occasione,
946 3112 1052 3177 Biblia
1077 3131 1172 3176 sacra
1191 3113 1326 3193 integra
1351 3115 1645 3180 exhibuissemus.

525 3405 925 3523 DUhlillNSiUli
964 3403 1423 3522 THEOLOGORUM

369 3587 429 3673 nv
459 3584 722 3674 mussan
752 3584 1120 3672 andrunnun
1149 3585 1596 3704 rnocaaonans.

731 3743 776 3805 (Ex
790 3741 906 3792 editione
918 3741 1048 3791 Duacensi
1062 3742 1125 3791 anni
1138 3743 1220 3806 tell.)

463 3963 631 4030 hactum
655 3962 881 4030 CATHOLICO
907 3963 1097 4030 SALUTEM
1120 3963 1173 4031 ΕΤ
1197 3965 1482 4032 rhhlclrhrbll.

135 4109 207 4163 Sunt
220 4107 352 4162 nonnulli
375 4103 470 4159 studio
495 4103 666 4158 novellitatis
693 4102 816 4160 nimium
836 4105 946 4158 accensi
961 4106 983 4162 B
1000 4105 1110 4176 grapho
1137 4110 1166 4160 et
1188 4106 1366 4177 polyhistore
1393 4111 1489 4163 tantus
1509 4113 1553 4163 est
1561 4116 1727 4179 proventus,
1745 4113 1777 4164 ut
1791 4109 1850 4163 sint

100 4197 150 4268 qui
179 4212 296 4251 omnem
319 4194 396 4249 hunc
417 4192 555 4258 laborem,
580 4207 667 4264 quem
696 4190 726 4246 in
744 4191 946 4247 conservandis
1000 4208 1073 4264 pena
1088 4193 1321 4250 innumerabiles.
1340 4195 1481 4251 Caeterum
1500 4211 1553 4250 uas
1578 4197 1745 4269 hujusmodi
1758 4196 1848 4251 lecto·

99 4284 220 4341 eruditas
242 4281 421 4353 antiquitatis
444 4280 639 4334 nsonumentis
658 4284 770 4349 ponunt
791 4279 845 4334 viri
859 4279 945 4348 docti,
999 4281 1079 4336 ribus
1093 4284 1206 4353 placere
1220 4298 1278 4354 nau
1303 4281 1473 4345 studuimus,
1496 4283 1616 4339 minima
1639 4284 1749 4339 interea
1764 4284 1849 4339 dubi-

100 4371 252 4443 repudiant
278 4385 405 4440 prorsus,
428 4373 457 4422 et
475 4368 689 4432 abominantur,
711 4368 790 4422 reiut
808 4367 945 4438 supersti-
999 4373 1102 4435 males,
1117 4369 1252 4425 modestis
1278 4374 1307 4425 et
1332 4369 1478 4426 catholicis
1507 4373 1660 4428 lectoribus
1691 4373 1846 4444 probatum

99 4460 217 4526 lissum,
239 4458 346 4530 quique
379 4456 516 4529 praeclara
544 4454 663 4526 ingenia
687 4454 723 4509 ab
751 4453 945 4524 excogitandis
999 4456 1035 4511 iri
1050 4458 1283 4514 hociustitutum
1298 4464 1441 4528 nostrum,
1458 4460 1506 4530 qui
1531 4460 1623 4516 sciant
1639 4466 1847 4532 etagnoscanl,

99 4548 134 4604 de
149 4564 221 4604 novo
235 4544 437 4603 excellentibus
452 4543 574 4598 inventis
588 4548 695 4612 avocet,
720 4547 749 4598 et
769 4543 944 4598 absterreat:
999 4543 1159 4601 incaeteris
1182 4547 1301 4619 quidem
1335 4547 1444 4602 artibus
1465 4547 1582 4603 iuventa
1604 4565 1728 4620 quaeque
1757 4550 1846 4604 etiarn

99 4637 170 4693 dum
184 4636 321 4692 nimirum
346 4634 386 4688 ita
408 4633 472 4687 lieri
494 4632 735 4698 animadvertunt,
747 4636 780 4686 ut
793 4631 864 4685 nibil
880 4646 943 4684 ma·
998 4633 1207 4704 recentissima,
1234 4652 1317 4691 suam
1348 4635 1471 4707 gratiam
1516 4636 1746 4708 dignitatemque
1785 4653 1846 4709 prce

99 4740 226 4798 gnopere
247 4722 402 4795 suspiciant
427 4720 557 4776 homines
586 4721 678 4792 probi,
700 4721 730 4775 in
759 4719 859 4774 litteris
874 4735 945 4790 prae
1001 4722 1100 4777 mullis
1123 4724 1266 4780 veteribus
1286 4724 1415 4778 invenire
1444 4740 1546 4797 possa:
1572 4725 1601 4780 in
1625 4726 1846 4782 arcanisaulem

98 4814 195 4867 sertim
219 4815 247 4866 et
272 4810 354 4865 honis
382 4809 502 4876 artibus,
532 4807 588 4863 nisi
614 4808 690 4879 quod
707 4812 791 4862 aetate
813 4805 944 4877 ipsasibi
998 4809 1088 4866 divini
1111 4811 1189 4866 verbi
1209 4812 1339 4868 sensibus
1360 4806 1570 4882 adaperiendis,
1595 4818 1622 4868 ei
1645 4817 1842 4887 asseuphmr,

97 4898 293 4954 conciliaverit
307 4898 520 4953 auctoritatam.
537 4898 570 4952 ili
591 4897 660 4951 tales
679 4897 779 4968 procui
793 4895 944 4950 dubiunos
999 4915 1064 4970 qnae
1082 4899 1290 4967 vetustissima
1306 4905 1335 4955 et
1358 4916 1392 4954 ea
1414 4900 1533 4970 optimis
1554 4901 1699 4973 proxima,
1720 4920 1784 4975 quae
1799 4920 1845 4958 ve-

97 4986 267 5053 irridebuut,
293 4986 344 5057 qui
372 4988 501 5041 Glossam
534 4985 607 5040 banc
635 4984 820 5051 ordinariam,
850 4987 879 5038 et
895 4984 943 5038 Ni·
998 4987 1162 5040 iustissimis
1188 4991 1255 5042 sunt
1282 4987 1500 5059 propinquiora.
1527 4996 1561 5045 ut
1591 4998 1657 5062 pule
1673 4992 1763 5063 magis
1777 5008 1845 5046 con·

96 5074 169 5130 colai
197 5073 292 5128 Liraui
319 5075 466 5129 Postillam
495 5073 627 5142 (nomina
644 5074 689 5128 vel
719 5088 791 5127 sano
815 5072 889 5144 ipso,
916 5077 944 5126 et
995 5073 1096 5146 juncta
1119 5073 1271 5145 purissimo
1296 5076 1424 5131 veritalis
1452 5077 1537 5147 fonti,
1561 5095 1592 5134 ue
1615 5080 1736 5152 proinde
1756 5097 1847 5135 remo·

95 5164 171 5220 ssasu
187 5163 272 5228 vocis,
286 5177 387 5217 aarum
404 5162 530 5218 delicatis
541 5162 657 5217 auribus
671 5161 847 5216 horrendum
862 5161 941 5232 quid,
998 5163 1072 5218 tiara
1104 5178 1120 5217 e
1152 5162 1262 5217 lacunis
1289 5168 1317 5219 el
1345 5180 1428 5221 coeno
1464 5183 1664 5238 perversorum
1700 5168 1846 5240 spiritum,

95 5258 124 5307 et
151 5253 307 5306 barbarum
341 5249 520 5321 albicantia),
548 5249 637 5304 tantis
665 5249 769 5321 vigiliis
795 5250 942 5313 recudere,
997 5251 1074 5306 unde
1087 5252 1224 5306 salutares
1237 5257 1265 5306 et
1289 5252 1396 5309 illimes
1414 5255 1724 5328 aquoeScripiurarum
1747 5258 1847 5313 crebra

95 5341 350 5410 studiosorumque
373 5339 505 5393 manibus
527 5337 680 5393 obtrudere
702 5338 867 5408 satagimus.
886 5339 942 5393 bia·
997 5339 1090 5394 solent
1113 5338 1192 5394 inlici
1215 5346 1244 5394 el
1263 5342 1435 5412 perturbari.
1452 5364 1467 5395 e
1484 5343 1516 5398 ln
1538 5342 1664 5414 antiquis
1686 5345 1847 5401 animasse

92 5426 306 5484 luisseutenim
322 5441 428 5480 navum
438 5426 554 5497 aliquod
570 5441 643 5496 opus
653 5432 683 5481 et
695 5427 815 5481 antehac
828 5426 939 5481 inaudi·
993 5426 1191 5498 sapientiam»
1231 5431 1401 5501 pronuntiat
1434 5431 1563 5502 Sapiens,
1595 5435 1624 5485 et
1646 5431 1675 5485 in
1703 5433 1846 5488 veteribus

91 5521 165 5582 tam,
196 5521 245 5571 ant
268 5515 370 5570 saltem
394 5529 533 5569 novarum
551 5513 702 5569 bominum
717 5513 938 5570 commentarios
993 5513 1121 5571 Ecclesia
1144 5517 1345 5574 tractatoribus
1371 5534 1470 5574 secura
1495 5524 1644 5592 ponuntur
1681 5520 1842 5577 sedulitatis

91 5607 126 5661 ad
142 5605 290 5661 haberem
306 5603 449 5674 adasplori:
477 5619 600 5674 quorum
621 5603 651 5659 in
666 5603 721 5659 hoc
736 5604 840 5659 secum
854 5603 935 5676 poly·
992 5607 1097 5660 nostras
1121 5604 1251 5677 vestigia,
1280 5606 1388 5679 absque
1408 5605 1551 5677 falsitatis,
1570 5612 1671 5663 saltem
1693 5608 1841 5665 damnose

1698 5914 1816 6061 ..ἡ
