3892 6106
522 302 651 360 atussa
668 304 868 364 ORDlllded.
887 336 922 349 -
942 308 1010 364 ΗΒ.
1031 305 1149 363 esaia.
1649 306 1717 363 talu

74 428 164 497 spetu,
189 424 237 479 sed
255 423 437 492 citotransit;
465 425 542 482 unde
555 426 673 483 subdit:
702 433 845 485 terren-A
1152 428 1308 485 PSllleUS
1328 428 1423 485 CXXV.

74 540 86 552 -
118 512 245 566 Forsitan
268 515 383 582 ponunt
411 511 513 580 Latini,
549 519 580 569 ut
601 521 731 585 possunt,
758 533 812 587 pro
907 519 986 575 Vens.
1013 522 1038 575 l.
1056 550 1089 559 -
1117 519 1257 575 Canticum
1285 517 1431 587 graduum.
1448 518 1548 589 (Cass.)
1572 519 1718 592 Septimus

74 599 124 674 ripa
137 598 327 654 dubitationis
348 600 422 667 loco,
449 602 527 672 quod
544 602 757 674 intelligibilius
772 605 813 660 di·
868 607 974 679 gradus
988 607 1019 662 in
1046 606 1139 679 figura
1161 607 1268 661 Veteris
1295 606 1469 661 Testamenti
1488 624 1540 679 per
1562 614 1716 665 venturum

87 692 179 760 putas,
207 691 360 758 pertransit
385 692 605 747 animisnostris?
630 693 657 747 id
679 697 729 762 est,
751 710 811 748 ma·
868 695 1025 762 Christum,
1041 693 1232 749 reversionem
1254 694 1289 748 dc
1304 693 1477 765 captivitate,
1504 695 1585 766 quasi
1608 697 1643 751 de
1662 700 1718 752 Da·

74 776 216 849 vpericuli
232 776 277 830 vix
291 776 359 831 sinit
372 776 428 832 hoe
438 779 528 834 credi.
867 784 985 856 bylonia
995 784 1150 855 prophetat
1166 782 1261 837 :unde
1274 783 1335 855 iam
1351 783 1515 849 consolatio,
1537 789 1566 838 et
1594 786 1717 841 semina·

74 867 127 919 ,5.
158 895 191 904 -
219 865 330 934 Aquam
360 866 568 922 intolerabilem.
609 867 705 939 (duo.)
746 868 813 924 Sine
867 872 908 926 tio
936 871 982 943 uti
993 873 1059 943 plus
1086 875 1221 926 metatur.
1262 870 1353 942 (duo.)
1391 871 1542 943 Redempti
1576 875 1716 945 sanguine

73 952 124 1008 vtia
139 957 171 1006 ut
193 952 352 1021 snntvitia,
377 959 406 1008 et
421 960 547 1024 peccata,
564 961 593 1010 et
613 957 733 1012 dulcedo
758 959 812 1012 lra-
867 959 972 1016 Christi
989 965 1018 1015 et
1038 959 1198 1014 couversia
1220 958 1396 1031 captivitate,
1410 960 1470 1014 haec
1496 964 1622 1028 cantant,
1647 962 1715 1017 dum

74 1045 182 1109 e.etc.,
205 1057 290 1111 usque
317 1042 355 1096 ad
370 1042 581 1113 prodigumque
605 1043 698 1099 tilium
724 1047 813 1118 longa
865 1047 1022 1121 peregrini,
1052 1052 1199 1120 gementes
1228 1047 1332 1102 invia.
1348 1048 1416 1104 Sion
1446 1054 1488 1103 est
1502 1050 1660 1106 Jerusalem
1685 1051 1716 1106 in

75 1133 132 1185 tate
140 1130 300 1184 coniectum
316 1131 350 1185 ad
364 1135 474 1201 patrem
493 1132 650 1188 reduceret.
866 1138 977 1209 angelis
991 1142 1109 1208 aeterua,
1127 1136 1156 1191 in
1169 1136 1466 1208 hominibuscaptiva.
1489 1139 1519 1192 ln
1529 1139 1714 1194 concutendo.

74 1257 78 1272 .
104 1221 130 1274 d.
161 1248 196 1259 ·-
216 1219 375 1275 Benedictus
396 1222 534 1277 Dominus.
557 1222 657 1293 (Cass.)
684 1223 812 1279 Secunda
866 1224 966 1295 (mss.)
983 1225 1112 1280 Primum
1138 1223 1307 1294 magnitudo
1322 1223 1399 1286 facti,
1419 1239 1486 1278 eum
1516 1225 1715 1296 magnitudine
1784 1247 1785 1250 ¹

74 1306 209 1362 bisancii
224 1307 523 1380 gratiasaguntquod
547 1310 661 1365 liberati
684 1316 713 1367 et
734 1313 812 1385 quod
866 1313 964 1383 gaudii
986 1311 1164 1367 ostenditur:
1189 1312 1313 1367 seeundo
1337 1315 1471 1383 precatur
1497 1313 1715 1369 conversionem

74 1396 246 1451 scontritus.
865 1398 1065 1471 acaptivitate
1092 1399 1185 1453 adhuc
1214 1398 1320 1464 futura,
1346 1398 1395 1466 ibi,
1423 1399 1558 1466 Converte,
1592 1401 1713 1455 Domine.

74 1488 118 1540 .7.
141 1515 175 1523 -
195 1486 416 1540 Animonostra.
432 1486 591 1555 (Annivm
618 1487 689 1542 sicut
712 1488 809 1562 aliquo
864 1489 899 1544 In
920 1486 1107 1543 convertendo.
1142 1485 1233 1557 (Aac.)
1258 1487 1319 1554 Vel,
1349 1502 1415 1541 enm
1439 1486 1620 1555 converterit,
1647 1493 1714 1556 etc,

74 1572 248 1645 estrepitum
266 1588 416 1644 maguum,
433 1577 498 1642 etc,
513 1588 598 1644 usque
616 1575 654 1629 ud
681 1591 746 1647 quse
769 1582 812 1632 est
864 1590 949 1647 usque
972 1574 1149 1642 adsentiente,
1165 1576 1285 1642 Domine,
1305 1577 1490 1645 captivitatem
1504 1582 1635 1631 nostrum.
1652 1578 1712 1634 Sic·

85 1660 214 1732 laquens.
248 1663 424 1718 Venants'um.
468 1662 528 1734 (Io.)
566 1665 707 1719 venantes
743 1671 810 1721 sunt
864 1667 905 1718 ut.
929 1663 989 1734 (ln.)
1017 1664 1079 1718 Non
1090 1679 1204 1734 semper
1224 1663 1258 1718 ad
1273 1663 1492 1719 similitudinem
1516 1665 1645 1735 ponitur,
1663 1665 1713 1720 sed

74 1754 180 1819 nentes,
200 1766 263 1804 esca
285 1749 314 1804 in
336 1750 507 1822 muscipula,
524 1751 644 1806 dulcedo
668 1753 755 1824 hujus
769 1753 810 1807 vi·
865 1752 899 1807 ad
915 1750 1132 1822 proprietatem,
1158 1756 1191 1806 ut
1216 1750 1278 1819 hie,
1299 1751 1375 1806 unde
1390 1750 1478 1806 etiam
1493 1751 1620 1807 dicitur:
1637 1751 1713 1808 Fecit

74 1853 168 1909 squeus
197 1839 338 1892 contritus.
364 1838 463 1909 (Cass.)
492 1838 597 1894 Occisis
624 1841 809 1913 martyribus,
866 1840 1176 1912 utiustus,quodvere
1191 1845 1244 1907 est,
1259 1840 1298 1894 ita
1314 1839 1381 1895 faeti
1394 1840 1468 1895 fiunt
1493 1840 1540 1895 isti
1555 1843 1625 1896 sicut
1648 1857 1710 1897 con·

74 1929 124 1981 ctat
135 1925 256 1980 dulcedo
276 1925 359 1993 -vitse,
376 1943 433 1998 qua
459 1928 570 1997 possint
597 1928 702 1984 iterum
719 1930 807 2001 capi:
864 1931 956 1999 solati,
975 1929 1073 1998 idest,
1095 1930 1186 2002 gavisi
1212 1935 1289 1996 sunt,
1317 1929 1364 1999 int
1389 1929 1615 1985 consolationem
1638 1930 1712 1985 aeci-

74 2013 163 2069 inon
186 2014 272 2069 simol
287 2014 401 2070 contriti
422 2020 498 2084 sunt,
514 2015 574 2071 imo
589 2017 712 2075 liberati.
738 2020 807 2076 Con·
863 2016 974 2089 pientes
992 2016 1023 2072 in
1050 2017 1259 2073 resurreetione
1289 2017 1402 2085 Christi,
1432 2018 1483 2089 qui
1507 2017 1655 2089 precessit
1683 2025 1714 2075 ut

74 2100 130 2173 ¹lv.)
160 2101 244 2167 Quasi
274 2102 402 2157 diceret:
430 2102 498 2174 quia
521 2104 630 2159 ferreus
655 2108 730 2174 erat3
750 2122 808 2161 non
863 2122 1087 2178 consequamur.

81 2194 223 2262 utstupa,
240 2194 320 2246 tanta
334 2190 470 2247 fortitudo
487 2192 639 2263 passionis,
659 2198 739 2249 tanta
752 2211 807 2267 po-
896 2195 1017 2250 versu.
1035 2223 1073 2237 -
1093 2195 1128 2252 Os
1146 2198 1279 2250 nostrum.
1311 2193 1412 2265 (Cass.)
1439 2194 1538 2251 Cordis
1563 2210 1710 2263 arcanum,

74 2278 224 2334 iberantis.
861 2282 912 2337 ubi
924 2281 1051 2354 primum
1067 2281 1181 2353 gaudia,
1197 2298 1262 2353 quse
1276 2286 1341 2354 post
1365 2281 1460 2336 officio
1476 2281 1584 2353 lingum.
1613 2298 1710 2337 erum-

238 2366 396 2423 PSALMUS
414 2368 527 2423 CXXIV.
859 2374 942 2442 punt.
962 2369 1052 2441 (Aac.)
1069 2371 1105 2429 Os
1119 2374 1251 2425 nestrum.
1268 2368 1378 2435 Cordis,
1404 2369 1472 2424 iude
1498 2369 1627 2440 procedit
1647 2386 1704 2424 ma-

74 2458 113 2510 .l.
131 2456 330 2512 -Canticum
355 2454 453 2527 (Cass.)
475 2457 573 2512 Sextus
599 2458 714 2529 gradus,
741 2475 806 2514 eon·
860 2456 1359 2528 lumbonnm,quodnosmundat,
1385 2456 1427 2509 vel
1451 2454 1599 2526 inquinat;
1629 2455 1707 2510 unde

74 2584 78 2598 .
113 2543 274 2599 fidelissimi
310 2545 464 2601 Christiani
506 2545 684 2602 solidissimis
723 2564 805 2604 mon·
860 2561 941 2601 non:
971 2545 1048 2613 Quod
1072 2544 1196 2616 procedit
1219 2545 1252 2598 de
1279 2560 1334 2612 ore,
1359 2546 1488 2613 inquinat
1513 2543 1613 2615 (Marc.
1646 2542 1707 2611 vn).

74 2637 240 2704 imperatur,
264 2649 351 2706 quam
365 2634 452 2689 habet
475 2634 505 2688 in
523 2636 654 2703 Domino,
680 2654 716 2692 ne
734 2638 805 2693 zelet
858 2635 921 2688 Non
936 2634 1031 2689 deors
1046 2633 1148 2699 carnis,
1163 2632 1212 2687 sed
1223 2633 1325 2687 cordis.
1344 2634 1407 2688 Non
1425 2632 1504 2686 enim
1527 2631 1551 2685 si
1575 2630 1708 2686 nominas

74 2738 96 2777 n
114 2721 168 2777 boc
182 2723 296 2777 sceculo.
314 2724 369 2789 Qui
382 2723 529 2792 confidunt.
554 2723 648 2796 (Aac.)
664 2726 713 2780 llic
728 2727 803 2798 psol·
858 2723 973 2777 iurtaet
985 2720 1041 2777 alia
1056 2722 1142 2787 mala,
1165 2721 1331 2776 immundus
1350 2737 1380 2775 es
1397 2737 1403 2774 :
1420 2720 1469 2774 sed
1494 2720 1563 2775 dum
1588 2718 1707 2790 cogitas,

74 2814 135 2878 seat,
155 2814 219 2878 etc,
239 2826 325 2881 tuque
352 2811 455 2882 adqui
479 2817 546 2867 sunt
559 2813 627 2869 isti?
642 2814 736 2886 qualis
761 2820 804 2870 est
858 2816 887 2868 st
901 2810 925 2865 si
939 2809 1036 2865 sileas.
1055 2811 1128 2864 lntes·
1141 2814 1243 2877 centes.
1260 2808 1322 2879 (lv.)
1340 2809 1404 2863 Non
1424 2813 1534 2881 gentes,
1554 2806 1623 2879 quia
1649 2823 1707 2862 non

74 2899 199 2966 usalem;
217 2899 341 2953 breviter
355 2898 499 2955 describit.
858 2914 958 2957 earnes
969 2899 1099 2954 credunt.
1117 2898 1316 2966 magnificavit,
1343 2897 1412 2968 quia
1434 2896 1533 2951 vident
1546 2912 1595 2951 eos
1619 2894 1705 2950 etiam

85 2989 112 3042 2.
126 2989 281 3056 -iltosstes
292 2989 320 3042 s‘n
336 2989 463 3054 circuitu,
479 2988 508 3042 id
536 2992 590 3056 est,
604 2989 709 3060 angeli,
738 3006 805 3062 pro·
822 2991 842 3046 C
860 2987 979 3042 virtutes
993 2986 1121 3058 operari;
1135 2986 1252 3041 firmum
1267 2986 1467 3041 testimonium
1481 2986 1518 3040 ab
1533 2984 1705 3040 adversario.

75 3075 197 3148 apostoli
212 3080 280 3131 surrt
296 3076 491 3147 murusejus:
522 3076 598 3130 unde
628 3077 736 3134 lsaias:
766 3080 805 3135 Et
859 3074 958 3146 (mss.)
975 3075 1008 3128 lit
1021 3088 1087 3127 vere
1114 3073 1318 3145 magnificavit,
1343 3088 1379 3127 ne
1410 3072 1524 3128 dubites
1553 3072 1587 3126 de
1614 3070 1708 3126 verbis

74 3179 105 3219 ca
127 3180 231 3229 murus,
261 3168 286 3218 et
311 3164 478 3219 antemurale
501 3164 567 3235 (leo.
597 3165 671 3233 russi
704 3165 752 3220 sed
769 3182 805 3220 ne
859 3161 1001 3233 gentium.

73 3251 161 3308 stibus
183 3268 341 3315 remaneas,
368 3251 454 3315 addit,
481 3257 510 3306 et
538 3252 675 3307 Dominus
699 3253 731 3308 in
752 3255 805 3309 eir·
894 3250 974 3305 Vens.
1004 3250 1034 3306 t.
1079 3250 1273 3317 -Converte,
1314 3252 1433 3305 minine.
1474 3250 1535 3317 (lu.)
1576 3247 1706 3303 Secunda

75 3345 116 3403 ac
136 3359 199 3413 erpo
226 3346 262 3399 sit
286 3346 389 3412 apesin
416 3344 561 3410 montibus,
585 3343 680 3399 sedin
701 3345 805 3401 vertice
859 3354 936 3410 pars.
956 3339 1093 3393 Precatnr
1124 3338 1351 3405 conversionem,
1381 3354 1446 3410 quae
1479 3338 1577 3392 futura
1599 3340 1652 3402 est,
1674 3338 1706 3391 in

74 3448 117 3487 m:
148 3433 224 3487 unde
263 3432 366 3486 lsaius:
391 3433 454 3486 Erit
481 3433 511 3487 in
537 3434 692 3488 nonustms'c
711 3433 805 3490 diebus
859 3443 916 3499 qvia
929 3427 980 3482 fiet
992 3427 1144 3482 seminatio
1159 3443 1208 3499 spe
1228 3429 1335 3499 gandii.
1352 3430 1419 3500 (lo.)
1434 3429 1576 3484 Adventus
1591 3425 1706 3482 Domini

74 3524 182 3577 ‚uertice
196 3520 266 3592 (tsa.
282 3521 352 3589 xxvi,
364 3525 419 3576 etc.
446 3522 501 3587 Qui
528 3521 676 3589 confidunt.
705 3522 804 3592 (Cass.)
857 3515 1056 3587 redemptione
1066 3516 1213 3588 predicta,
1230 3522 1385 3586 precantur
1400 3516 1505 3570 iterum
1521 3519 1637 3587 peccata
1655 3531 1706 3570 sua

74 3610 176 3675 raserit,
193 3609 533 3681 etc.,usqueadquiaet
558 3611 642 3665 multi
671 3616 749 3678 sunt,
778 3615 806 3667 et
858 3602 973 3658 dimitti.
990 3604 1022 3658 ln
1035 3605 1162 3674 generali
1172 3605 1341 3659 remissione
1355 3605 1492 3676 gaudent,
1516 3609 1545 3659 et
1572 3603 1626 3658 sibi
1655 3619 1706 3657 ve-

74 3703 136 3755 unt.
151 3700 227 3753 Mons
240 3699 315 3755 Sion.
334 3699 440 3766 (Hrsn.)
456 3698 597 3765 Christus,
613 3698 644 3752 in
663 3715 720 3770 quo
734 3699 804 3754 fun·
857 3692 935 3746 niam
949 3697 1112 3764 precantur.
1127 3695 1263 3759 Converte,
1284 3696 1404 3759 Domine,
1435 3695 1632 3763 Captivitatem
1656 3706 1706 3746 no-

85 3786 232 3841 Ecclesia:
250 3785 443 3841 Monsillccd
470 3786 607 3855 litteram,
630 3786 662 3840 in
677 3785 804 3842 finesae-
856 3783 954 3834 stram.
971 3779 1037 3850 (ln.)
1050 3779 1134 3834 Nulla
1158 3780 1194 3834 ad
1212 3780 1335 3833 litteram
1356 3779 1503 3834 indiebus
1533 3777 1633 3847 David,
1657 3777 1707 3832 sed

74 3875 259 3931 amovebitur,
858 3867 911 3921 sub
926 3866 1040 3923 diabolo
1068 3868 1193 3923 muudus
1207 3868 1345 3937 captivus,
1375 3877 1440 3932 etc..
1468 3882 1553 3935 usque
1580 3865 1618 3920 ad
1647 3881 1705 3919 nou

85 3966 112 4021 ³.
128 3993 166 4007 -
192 3965 307 4036 Virqam
332 3969 513 4035 pcccatorum.
533 3964 627 4036 (Aac.)
645 3963 802 4020 Dominan.
858 3956 922 4010 ideo
950 3954 1157 4023 desistendum,
1182 3955 1260 4026 qula,
1289 3958 1338 4025 put
1364 3957 1481 4010 seminat
1512 3957 1542 4008 in
1567 3954 1703 4022 lacrymis.

74 4068 98 4108 m
117 4053 271 4124 aliquando
299 4058 419 4124 propter
444 4052 625 4124 disciplinam
648 4053 802 4121 bonorum,
858 4042 983 4116 (Talion.)
996 4045 1132 4098 Austrum
1159 4044 1387 4116 Hierosolymam
1415 4047 1506 4110 vocat,
1535 4046 1598 4108 eiu,
1621 4057 1706 4112 usquc

74 4157 269 4212 .n0nsemper
281 4142 345 4209 erit,
361 4145 392 4195 ut
402 4140 448 4195 hic
458 4145 556 4212 aperte
566 4140 780 4213 dicit'propbcta
794 4158 802 4196 :
857 4132 895 4188 ad
908 4136 941 4187 ut
954 4136 1101 4203 cogantur,
1128 4136 1157 4187 et
1175 4133 1310 4188 torrentis
1328 4133 1418 4186 instar
1432 4131 1487 4185 iter
1501 4130 1616 4186 iaciant.

96 4247 155 4287 non
169 4231 305 4287 deficiunt
317 4231 399 4303 iusti,
424 4231 492 4302 quia
506 4230 599 4286 sciunt
622 4234 735 4302 tempus
758 4230 802 4285 iu·
892 4221 974 4277 Vm·
990 4222 1016 4274 5·
1045 4222 1078 4275 1²¹
1105 4221 1243 4290 iacrymis.
1271 4220 1365 4290 (iffi)
1389 4219 1553 4292 spititualis
1578 4217 1706 4273 ³⁰minss‘

81 4336 139 4392 que
154 4320 281 4375 Christus
298 4320 329 4374 in
344 4319 471 4374 claritate
486 4336 537 4375 sna
560 4335 709 4391 apparens,
734 4335 802 4374 con·
856 4309 897 4364 15⁰
908 4324 1023 4379 semper
1036 4308 1068 4363 5¹1
1086 4308 1228 4379 iflssflmib
1245 4310 1342 4365 ¹¹¹¹&ss
1367 4311 1445 4365 Btssii
1455 4311 1504 4378 (Μ’
1528 4310 1628 4374 tueent.
1652 4305 1706 4372 01¹1

74 4412 169 4464 ‚tanto
185 4425 214 4463 gg
234 4424 345 4478 omnes,
368 4412 468 4480 genien
484 4412 513 4463 et
537 4408 646 4464 dividet
659 4424 706 4463 eas
731 4407 805 4464 sicut
860 4413 926 4452 vert)
942 4397 1085 4452 seminant
1107 4396 1138 4451 iu
1152 4413 1249 4466 Carne,
1272 4414 1338 4453 cum
1362 4398 1461 4453 laeiiiitl
1475 4396 1637 4451 seminant:
1656 4393 1705 4449 sed

80 4494 182 4553 dividit
204 4497 302 4553 haedos
328 4497 364 4552 ab
389 4497 497 4563 ovibus,
523 4513 646 4569 ovesque
671 4503 759 4569 ponet
787 4514 804 4552 g
858 4487 1040 4557 postfleillti
1056 4485 1125 4557 tillia
1148 4494 1269 4542 extrema
1291 4487 1390 4557 gaudii
1402 4487 1488 4541 luctus
1498 4488 1619 4556 occupat.
1644 4484 1705 4549 (ID-i

87 4584 186 4641 haedos
201 4602 217 4639 a
232 4585 363 4640 sinistris.
380 4588 495 4643 Sortem.
517 4586 620 4656 (Cass.)
635 4586 668 4643 Id
683 4590 735 4655 est,
759 4589 805 4659 iu·
859 4574 1001 4637 Zaehaellb
1017 4576 1082 4629 3⁶⁶0
1096 4574 1253 4641 dimidium,
1270 4579 1335 4638 ete,
1348 4590 1432 4645 “illm
1454 4573 1492 4628 “d
1508 4591 1515 4628 ²
1533 4574 1587 4640 Qui
1602 4572 1706 4627 &dmi

74 4677 104 4730 te
118 4674 232 4743 electos,
248 4675 291 4729 vel
307 4675 358 4746 qui
372 4680 439 4730 sunt
453 4692 514 4730 sors
528 4681 557 4730 et
575 4676 727 4731 haereditas
742 4676 802 4733 Dei.
859 4664 969 4718 militm
983 4676 1060 4731 ‘¹⁹¹‘ae
1073 4663 1197 4733 (litim,
1210 4679 1264 4719 Μ
1276 4663 1372 4732 Derim
1389 4662 1535 4718 mmm
1546 4661 1654 4732 immi·
1666 4658 1704 4727 ¹)-

74 4763 120 4821 ,4,
136 4794 171 4804 -
194 4763 324 4832 flemme
350 4766 459 4819 Domine
485 4764 546 4836 (10)
571 4760 701 4820 Secunda
728 4781 805 4836 pars,
894 4751 979 4806 VERE.
1017 4753 1043 4805 6.
1077 4781 1114 4793 ··
1137 4753 1248 4808 Eutim-
1278 4750 1376 4823 (ΕΔΜ.)
1414 4753 1553 4806 provectu
1578 4745 1707 4804 melioris

74 4850 192 4907 ,firmato
204 4854 323 4925 populo,
349 4857 482 4924 prmius
504 4853 581 4924 quod
601 4852 654 4908 scii
676 4853 805 4908 futurum
858 4838 937 4893 vitre.
958 4839 1100 4905 liittentes,
1118 4844 1183 4893 ante
1198 4856 1227 4894 se
1250 4838 1456 4910 premittentes
1469 4837 1499 4892 in
1519 4837 1569 4892 illo
1591 4836 1703 4891 saeculo.

74 4940 287 5012 spi-ommis,
304 4941 387 4995 maiis
401 4941 527 4995 vindicii
538 4939 643 4996 veniat,
858 4928 927 4993 Sua,
942 4942 1001 4981 nou
1020 4926 1055 4982 de
1070 4926 1178 4997 rapina.
1198 4928 1246 4982 sed
1259 4926 1294 4982 de
1308 4926 1424 4998 proprio
1437 4926 1549 4993 labore;
1569 4927 1704 4980 venantes

74 5068 78 5084 .
110 5032 136 5083 5.
165 5060 196 5068 —
220 5031 388 5084 Decliuantes
418 5033 517 5083 eutem.
540 5026 603 5098 (lu.)
628 5027 694 5082 Pari
718 5026 805 5082 etium
858 5015 1061 5087 adjudicium.
1089 5017 1146 5071 ¹1⁰⁰
1174 5031 1326 5071 ⁰⁰fflml¹¹¹0
1351 5015 1494 5082 0m¹¹i⁰ffl2
1510 5013 1559 5068 Sed
1579 5013 1613 5067 ad
1635 5028 1705 5083 ΒΜ·

74 5115 101 5171 ia
113 5122 246 5189 pereunt,
258 5117 308 5188 qui
324 5116 470 5173 declinant
493 5117 573 5187 jussa
601 5115 749 5189 principis,
777 5120 807 5171 et
860 5104 939 5160 dium
955 5120 1013 5159 non
1026 5104 1080 5159 nisi
1093 5105 1162 5160 boni
1176 5104 1305 5159 veniunt.
1324 5105 1364 5160 Et
1390 5104 1499 5172 nebant.
1517 5102 1612 5173 (Aac.)
1634 5101 1706 5165 stia

74 5220 110 5259 aa
120 5205 275 5260 malavalle
285 5205 463 5259 contendunt
474 5224 482 5272 ;
494 5202 666 5271 deficientes,
683 5220 748 5259 cum
760 5220 806 5261 co.
859 5193 959 5249 miseri
969 5196 1060 5260 erant,
1071 5197 1136 5254 etc..
1158 5208 1243 5262 usque
1257 5192 1295 5247 ad
1309 5195 1389 5263 optat
1400 5193 1505 5247 multos
1528 5206 1588 5244 esse
1602 5205 1704 5260 agros.

74 5309 94 5348 u
107 5293 240 5349 delicere.
258 5296 318 5350 Pac
337 5294 529 5364 superlsroet.
556 5293 648 5360 (doc.)
665 5292 726 5347 Uno
754 5307 805 5345 no·
1140 5281 1297 5337 essenus
1312 5280 1422 5336 Clllilll.

74 5382 157 5438 vatma
179 5382 339 5442 ‚haereditas
376 5381 568 5450 diciturque
600 5383 643 5435 est
665 5378 804 5435 Christus.
896 5371 979 5426 Vens.
998 5374 1022 5425 l.
1041 5373 1231 5428 —Canticum
1254 5370 1393 5438 graduum
1419 5369 1579 5424 3οῙοΜοηῑῶ
1608 5366 1706 5438 (CM-i

75 5470 115 5526 ins
143 5475 185 5525 est
206 5474 383 5540 pernostra,
405 5470 453 5540 qui
479 5469 544 5523 iecit
566 5472 686 5541 utruque
703 5484 805 5536 unum,
861 5470 992 5535 Octavus,
1006 5466 1122 5555 gradus,
1140 5471 1206 5533 ele„
1224 5465 1356 5536 usquead
1374 5469 1402 5520 et
1415 5464 1447 5519 in
1461 5480 1490 5519 se
1506 5464 1602 5537 lupide
1616 5480 1707 5536 angn-

74 5572 129 5613 cens
141 5574 228 5630 supra
236 5574 337 5630 pacem
353 5556 433 5613 dabit
444 5556 536 5614 nobis.
860 5555 915 5611 lari
930 5554 1084 5610 Ecclesiam
1113 5555 1148 5611 de
1175 5555 1288 5611 duobus
1312 5553 1470 5626 parietibus
1496 5552 1661 5609 iudeorum
1679 5555 1708 5607 et
