3892 6106
96 254 167 309 {aar
662 250 792 309 classa
810 251 1012 310 ORDillthh.
1031 279 1069 294 -
1087 251 1157 308 UD.-
1172 251 1282 308 isam.
1421 270 1424 275 ·
1464 250 1469 261 ’
1779 250 1848 308 {208

94 382 144 433 tur
170 373 364 449 tropologiam
380 379 409 431 st
432 374 464 431 in
481 374 552 431 locis
576 373 765 444 difficillimis,
782 380 847 444 etc,
861 377 982 447 nsqueb
1037 376 1117 430 Vens.
1147 376 1189 429 ιι.
1204 374 1310 430 -Non
1322 374 1480 428 revertetur.
1510 371 1564 428 Sed
1577 373 1728 444 postquam
1753 387 1847 428 meam

92 467 131 522 od
145 468 253 522 stolam
266 466 456 537 osculumque
471 464 602 536 porrigit.
1000 461 1163 536 impleverit
1173 463 1349 517 voluntatem
1361 461 1391 515 in
1404 460 1499 530 terris,
1521 459 1627 516 redibit
1651 463 1679 514 et
1708 460 1848 517 sedebita

130 556 214 611 Vane.
232 557 258 611 9.
276 584 311 596 -
330 555 410 609 Sicut
425 553 555 608 indictus
569 555 633 620 Noc,
646 556 699 607 etc.
718 552 754 608 Ut
763 552 861 608 credat
882 567 947 608 san·
1000 550 1108 607 dextris
1118 551 1200 617 meis,
1210 550 1369 631 secundum
1380 549 1464 618 illud,
1480 549 1548 606 Sede
1560 548 1692 604 cdeetrts
1706 551 1783 618 mna,
1794 553 1846 604 etc.

93 647 210 699 ctorum
221 640 408 713 congregatio
424 639 653 696 miscricordiam
666 639 782 696 Domini
798 641 946 712 sempiter.
1036 640 1123 696 Vens.
1138 643 1164 694 2.
1179 668 1216 681 -
1229 641 1341 705 Montes,
1358 637 1465 693 scilicet
1478 636 1584 693 animae
1599 642 1765 693 sanctorum
1783 653 1849 709 quas

94 748 177 798 nam,
194 731 272 786 etad
288 735 429 803 puuctum
442 746 504 784 essa
527 728 665 795 desertos,
680 733 713 783 nt
731 728 815 783 amici
831 728 881 784 Dei
899 728 948 784 ιω·
1000 744 1053 800 pro
1068 729 1203 783 varietate
1219 727 1357 781 virtutum
1371 731 1484 780 montes
1507 726 1692 796 appellantur
1708 729 1736 780 ει
1750 725 1847 782 colles.

96 821 166 875 dere
178 825 287 874 aetcrno
303 818 392 874 liant:
408 819 552 890 majorum
566 818 648 891 ponit
659 819 799 889 exempla.
1039 817 1119 871 Vens.
1139 818 1181 871 tt.
1201 844 1236 856 -
1262 816 1313 869 Pro
1335 814 1500 869 saliuncula.
1537 812 1711 881 Salinncula,
1743 813 1849 868 aculeis

133 909 214 963 Vens.
233 907 435 963 ll.-llcccde
457 909 563 978 procot.
590 908 691 977 (Dran.)
717 907 885 963 consolatus
904 909 949 962 est
1001 909 1031 961 et
1042 903 1246 976 punctionibus
1266 903 1360 975 plena.
1388 901 1484 967 Abies,
1501 902 1569 970 alta,
1598 917 1728 972 procera,
1757 900 1849 957 labri-

96 994 450 1067 Ecclesiamdagentibus‚
467 994 640 1066 promittens
655 995 695 1049 eis
708 994 872 1066 spirituales
882 1011 946 1065 gra·
1002 993 1101 1048 caudis
1116 992 1251 1048 domibus
1267 997 1343 1062 apta,
1359 990 1422 1061 pice
1432 990 1562 1046 fecunda.

95 1085 172 1140 tias:
201 1100 279 1138 nunc
293 1083 377 1138 docet
395 1083 473 1154 qnod
487 1087 563 1154 agat,
582 1098 617 1137 ne
633 1082 810 1138 adversarios
836 1083 945 1138 timeat.
1035 1084 1072 1136 lit
1093 1084 1145 1135 erit
1174 1082 1313 1135 Dominus.
1332 1079 1398 1134 Alii.
1426 1080 1459 1134 Et
1485 1080 1540 1134 crit
1573 1078 1712 1135 Dominus
1738 1077 1769 1132 in
1796 1094 1847 1133 no·

134 1172 216 1227 Vens.
236 1174 277 1226 ιιι.
292 1202 326 1212 -
341 1172 408 1227 Ecce
418 1173 517 1227 accolo.
535 1172 592 1226 lloc
603 1170 639 1226 ad
653 1176 681 1226 te
696 1187 725 1226 se
737 1172 885 1227 invertunt
897 1173 947 1227 tn·
1001 1185 1068 1224 men
1083 1174 1112 1223 et
1123 1168 1154 1223 in
1164 1168 1280 1240 signum
1290 1168 1499 1239 sempiternum
1511 1168 1587 1239 quod
1602 1183 1660 1222 non
1670 1167 1793 1223 deliciet.

96 1259 164 1327 daei,
179 1262 318 1330 tanquam
332 1257 390 1314 sint
402 1258 492 1314 futuri
507 1258 642 1330 proselyti
657 1274 691 1313 ex
706 1258 842 1329 gentihus
875 1264 947 1315 tern-
1327 1257 1439 1313 CAPUT
1459 1257 1525 1312 tvl.

98 1362 170 1420 pora
184 1345 288 1402 Christi
302 1345 356 1400 sni.
605 1361 615 1376 ·
1035 1346 1117 1400 Vsus.
1136 1348 1159 1400 ι.
1187 1375 1221 1384 -
1242 1344 1311 1400 Her
1338 1344 1406 1400 dicit
1434 1345 1576 1400 Dominus.
1608 1343 1744 1402 Custodite
1768 1344 1848 1415 judi-

134 1435 215 1488 Vsns.
235 1435 278 1488 16.
296 1435 413 1489 -Ecce
426 1447 483 1502 eqo.
511 1433 571 1488 lton
588 1432 665 1506 qnod
693 1431 747 1487 sim
774 1448 859 1488 causa
884 1450 947 1504 per·
1000 1436 1081 1488 ctum.
1098 1432 1377 1504 (llren.)'lerminato
1403 1432 1534 1504 gentium
1557 1432 1693 1487 vaticinio
1722 1448 1788 1505 que
1816 1433 1848 1488 in

97 1520 217 1577 ditionis
231 1534 343 1586 eorum,
359 1521 408 1575 sed
436 1520 615 1576 adversarius
630 1536 773 1593 pugnans,
790 1521 871 1577 victis
880 1538 947 1595 per·
1000 1522 1125 1577 adventu
1139 1521 1243 1577 Christi
1259 1522 1294 1576 dc
1312 1521 1471 1576 saliuncula
1497 1526 1527 1577 et
1555 1522 1647 1577 urtica
1665 1522 1696 1576 in
1723 1521 1847 1578 abietem

96 1606 224 1675 ditionis,
240 1607 491 1662 victoribuscansa
504 1613 545 1663 est
557 1607 678 1679 praemii.
1002 1615 1184 1682 myrtumque
1195 1614 1362 1665 mutantur:
1384 1610 1515 1682 loquitur
1541 1611 1577 1665 ad
1602 1609 1745 1665 auditores
1768 1609 1847 1666 iilius

132 1699 214 1751 Vens.
230 1699 273 1751 tr.
292 1698 400 1752 -Hec
423 1699 463 1750 est
488 1696 642 1751 hareditas.
671 1696 710 1751 Na
727 1694 823 1765 justus
852 1693 944 1751 tribu·
1000 1698 1150 1770 temporis,
1165 1702 1241 1753 utse
1256 1706 1359 1769 parent
1381 1698 1416 1753 ad
1431 1699 1585 1754 adrentum
1604 1698 1768 1768 salvatoris,
1796 1699 1847 1771 qui

94 1786 171 1840 latus
186 1784 309 1852 deficiat,
319 1783 534 1855 additpraemia.
999 1790 1042 1841 est
1055 1785 1249 1841 misericordia
1264 1785 1420 1856 etjostitia.

428 1871 539 1927 eleut
559 1871 611 1926 LV.
1033 1875 1170 1932 custodite
1188 1874 1337 1943 judicium.
1362 1874 1426 1944 (ln.)
1458 1874 1521 1929 lion
1554 1873 1726 1946 accipientes
1751 1889 1846 1946 perso·

130 1959 211 2013 Vens.
230 1962 255 2014 t.
285 1988 320 1999 -
349 1960 445 2015 Omnes
465 1961 595 2023 sitientes,
623 1961 722 2015 uenite.
750 1960 851 2032 (lirae.)
872 1960 945 2026 Quia
998 1961 1235 2032 naminjodicio.
1252 1962 1367 2017 Domini
1388 1961 1466 2017 enim
1479 1961 1624 2033 judicium
1653 1966 1704 2026 est,
1723 1962 1773 2035 qui
1797 1963 1846 2036 ju·

94 2047 371 2102 rasllctumcontra
392 2046 545 2102 Ecclesiam
578 2046 691 2102 dixerat
725 2050 943 2116 conterendum,
998 2050 1073 2106 dicat
1087 2050 1243 2121 judicantes
1254 2050 1338 2105 bona.

95 2139 124 2190 et
140 2150 255 2192 omnem
279 2137 408 2207 linguam
437 2141 577 2191 armatam
596 2141 696 2192 contra
718 2136 868 2193 scientiam
894 2137 944 2193 Dei
1034 2139 1114 2194 Vnus.
1131 2137 1369 2196 2—Gustodiens
1391 2137 1547 2193 sabbatum.
1561 2137 1629 2209 (ln.)
1654 2139 1694 2194 lle
1719 2137 1765 2208 sit,
1790 2138 1847 2194 sci-

97 2223 302 2294 superandum,
318 2228 455 2295 provocat
468 2223 615 2279 credentes
625 2222 661 2278 ad
673 2223 793 2278 fluvium
808 2223 868 2291 Dei,
893 2224 944 2296 qui
998 2227 1063 2283 licet
1076 2227 1111 2283 de
1121 2243 1169 2282 sex
1185 2225 1286 2282 diebus
1296 2226 1401 2297 quibus
1415 2226 1507 2280 laotos
1521 2229 1565 2280 est
1579 2226 1714 2282 mundus.
1726 2228 1766 2283 Da
1781 2227 1846 2300 qui·

96 2311 224 2381 repletus
234 2318 278 2393 est
291 2311 384 2383 aquis.
996 2316 1050 2371 bus
1066 2315 1185 2388 apostoli
1194 2331 1254 2370 non
1267 2318 1359 2384 erant,
1375 2315 1481 2386 quibus
1491 2313 1598 2369 dicitur
1614 2329 1621 2368 :
1636 2315 1668 2371 Si
1692 2315 1726 2370 de
1745 2317 1846 2372 mundo

132 2399 277 2456 Gcmcdtte.
311 2399 474 2467 audiendo,
497 2401 655 2473 loquendo,
687 2399 820 2471 legendo,
849 2399 943 2455 medi·
996 2407 1100 2470 essetis,
1125 2404 1243 2460 mandas
1269 2403 1342 2474 qaod
1363 2418 1441 2459 suum
1464 2407 1523 2458 erat
1546 2401 1681 2470 ditiqeret,
1706 2406 1759 2458 etc.
1787 2406 1845 2472 qu

95 2487 196 2554 tando,
218 2488 373 2558 operando,
395 2489 481 2543 corde
495 2488 657 2544 retinendo.
675 2488 776 2543 Divina
800 2486 943 2559 siquidem
996 2493 1065 2561 steps·
1077 2508 1124 2548 sos
1136 2493 1169 2546 (ιε
1178 2491 1288 2557 manco,
1300 2492 1402 2547 ideirco
1420 2489 1479 2546 odit
1493 2505 1539 2545 cos
1553 2490 1671 2545 mundus
1683 2489 1771 2560 (locu.
1785 2491 1845 2559 xv.)

94 2575 252 2647 Scriptura,
283 2582 312 2632 et
335 2582 421 2650 potus
439 2582 491 2644 est,
521 2583 645 2649 aperta:
676 2577 942 2640 etcibus,occnlta.
1033 2582 1114 2636 Vsus.
1131 2584 1157 2637 ³.
1175 2580 1419 2636 -Etncrrrts'cct
1437 2580 1500 2646 (lo.)
1518 2579 1574 2633 lloc
1598 2583 1696 2633 contra
1717 2578 1841 2648 ludaeos,

96 2666 162 2736 lpsa
173 2664 260 2719 etiam
274 2671 303 2720 et
316 2682 391 2737 aqua
405 2670 448 2721 est
469 2669 497 2721 et
511 2665 592 2737 panis
602 2666 653 2737 qui
662 2666 698 2720 dc
710 2665 942 2722 coelodesceudit.
996 2667 1047 2739 qui
1058 2668 1112 2722 sibi
1127 2672 1239 2722 tantum
1253 2668 1407 2723 adrentum
1418 2665 1521 2722 Christi
1530 2666 1726 2732 vendicabant,
1736 2670 1764 2721 et
1773 2665 1845 2722 alios

132 2754 220 2820 Quare
248 2755 404 2824 oppanditis
441 2759 596 2824 cruentum.
622 2754 749 2810 Pensatis
780 2770 859 2809 sacra
887 2755 944 2810 elo·
996 2757 1149 2828 desperare
1174 2754 1322 2828 cogebant.
1338 2755 1392 2813 Sed
1417 2770 1470 2811 non
1485 2760 1525 2811 est
1539 2754 1678 2810 distinctio
1701 2754 1790 2810 ludet
1818 2760 1844 2811 et

95 2841 175 2913 quia,
192 2841 240 2896 sed
257 2858 314 2897 non
329 2841 523 2898 relectionem.
552 2842 607 2907 Qui
632 2843 721 2897 solam
748 2841 872 2913 speciem
896 2841 944 2896 lit·
997 2847 1083 2902 Greci
1095 2847 1181 2911 (Rom.
1197 2848 1234 2912 a).
1732 2854 1736 2863 '

93 2935 164 2986 terre
179 2930 336 2997 custoditis,
350 2931 385 2986 da
407 2931 550 3002 spirituali
575 2930 764 3003 intelligentia
787 2929 977 3002 pinguem-C
1030 2933 1188 2989 Eunuchus.
1217 2932 1279 3002 (ln.)
1308 2934 1427 3004 Propter
1460 2947 1583 3004 regnum
1610 2931 1760 2999 coelornm,
1792 2931 1842 3003 qni

94 3034 161 3074 nem
176 3019 298 3075 internae
312 3019 478 3075 reiectionis
491 3019 632 3076 amittitis.
994 3021 1169 3077 mortificant
1183 3020 1311 3076 membra
1325 3036 1375 3075 sua
1391 3036 1477 3091 super
1492 3026 1609 3089 terram,
1625 3024 1690 3086 etc,
1706 3033 1791 3089 usquc
1805 3020 1843 3075 od

132 3109 212 3162 Vens.
241 3109 269 3163 t.
297 3138 333 3148 —
360 3111 426 3164 Ecce
448 3113 549 3165 testem.
580 3107 743 3164 Provocavit
767 3108 880 3164 ludaeos
904 3110 940 3166 ad
994 3109 1072 3183 quod
1084 3110 1119 3165 de
1135 3104 1244 3164 semine
1259 3108 1416 3180 spiritualis
1429 3106 1525 3180 operis
1539 3107 1655 3176 dicitur,
1671 3122 1730 3162 non
1741 3108 1840 3178 prolis.

95 3195 281 3263 credendum,
297 3195 347 3251 sed
377 3196 568 3267 quiesciehat
597 3196 653 3252 illis
676 3212 733 3251 non
761 3193 941 3250 credentibus
1030 3198 1109 3252 Vens.
1127 3198 1287 3262 4.—Qur'n
1307 3199 1362 3252 bec
1376 3197 1444 3252 dicit
1458 3197 1602 3251 Dominus.
1618 3196 1681 3266 (lu.)
1700 3196 1763 3251 Duo
1778 3211 1843 3267 pro·

78 3276 219 3353 'gentiles
234 3297 295 3338 esse
313 3284 482 3350 credituros,
496 3283 566 3339 dicit
592 3300 621 3337 se
645 3283 738 3339 litium
752 3283 863 3338 misisse
890 3281 942 3355 qui
995 3287 1100 3358 posuit,
1117 3285 1275 3357 proselytos
1290 3284 1396 3340 scilicet
1410 3288 1440 3339 ει
1453 3284 1610 3353 eunuchos,
1626 3288 1691 3351 etc,
1707 3298 1792 3355 nsque
1805 3284 1842 3339 od

95 3375 239 3442 praecepta
251 3371 342 3442 ipsius
356 3372 471 3444 populis
481 3372 634 3427 nuntiaret.
995 3392 1031 3430 nc
1044 3391 1073 3430 sa
1089 3378 1190 3446 putent
1204 3373 1352 3443 subjacere
1366 3371 1563 3428 maledictioni
1576 3372 1659 3442 legis.

133 3460 214 3514 Vens.
242 3464 268 3514 5.
302 3490 337 3501 -
362 3465 504 3537 Dominum
522 3464 605 3517 Deum
627 3465 713 3515 mum.
743 3459 943 3531 (intonando
1030 3464 1120 3518 vans.
1132 3465 1159 3518 tl.
1176 3462 1255 3516 -llt
1268 3461 1338 3529 filios
1348 3461 1479 3516 adame:
1495 3464 1560 3532 post
1574 3459 1722 3516 eunuchos
1736 3459 1773 3516 ad
1793 3459 1844 3515 ed-

95 3547 313 3603 l’aterdicitnr.
338 3551 422 3605 Pater
450 3549 555 3605 Christi
579 3547 737 3604 secundum
765 3547 943 3605 divinitatem
996 3569 1083 3608 venas
1093 3550 1196 3606 transit
1209 3553 1238 3605 et
1248 3549 1370 3620 praemia
1381 3547 1535 3621 promittit.

95 3634 203 3689 dicitnr
218 3637 435 3706 Patergloriae:
461 3633 620 3693 secundum
643 3636 863 3704 humanitatem,
893 3639 943 3692 Pa·
1032 3643 1064 3695 ln
1086 3654 1186 3695 sevos.
1208 3638 1305 3702 Qualis
1334 3636 1439 3692 Paulos
1462 3636 1513 3708 qui
1542 3636 1577 3692 de
1594 3652 1624 3692 se
1647 3636 1708 3692 ait:
1739 3637 1845 3693 Paulus

96 3727 141 3778 tar
156 3724 270 3779 Domini
284 3725 372 3779 nostri
388 3727 454 3780 Jesu
472 3724 587 3781 Christi.
996 3743 1094 3783 servus
1108 3725 1213 3782 Christi
1226 3725 1304 3792 Jesn,
1319 3728 1348 3778 et
1361 3725 1469 3795 lloyses
1484 3723 1609 3777 famulus
1624 3723 1683 3778 Dei.

132 3812 212 3867 Vsus.
229 3814 304 3867 6.—
319 3814 435 3880 Querite
451 3815 608 3869 Dominum.
637 3813 705 3868 tier
733 3813 878 3883 pertinent
906 3809 941 3864 ad
1031 3814 1151 3867 Vens7.
1171 3812 1384 3866 -lloloccustc
1410 3824 1511 3864 eornm.
1540 3810 1701 3878 lllorts'ttccta
1726 3809 1847 3864 membre

92 3900 210 3957 ludaeos
223 3901 267 3956 vel
279 3901 315 3955 ad
325 3905 424 3972 gentes
434 3901 605 3974 specialiter,
621 3901 693 3956 etad
705 3913 942 3970 unumquemque
994 3905 1095 3968 oraha,
1124 3915 1184 3969 que
1211 3902 1274 3954 sunt
1287 3902 1482 3969 superterram
1499 3896 1597 3966 (Cetos.
1613 3897 1666 3966 ιιι).
1693 3897 1726 3951 Et
1750 3897 1845 3952 uert-

93 3987 279 4058 gencraliter.
309 3990 453 4060 Propheta
476 3991 512 4045 ad
539 3990 680 4045 ludaeos:
711 3989 829 4055 Querite
851 3987 941 4043 Donat·
996 3989 1081 4044 beatis
1091 4003 1205 4057 corporo
1217 3991 1309 4041 uestra
1324 3986 1440 4040 hostiam
1455 3987 1506 4040 Deo
1533 3986 1675 4039 uiuentem.
1705 3983 1845 4039 Holocau-

92 4090 171 4138 num,
188 4075 270 4147 qnasi
284 4076 410 4132 diceret:
435 4079 539 4133 Gentes
556 4077 717 4148 suscipiunt
733 4073 943 4130 misericordias
995 4081 1072 4132 stum
1082 4079 1175 4131 totum
1187 4074 1307 4130 offertur
1319 4074 1387 4135 Deo,
1398 4076 1428 4127 et
1442 4071 1617 4127 incenditur.
1633 4070 1762 4126 Victima
1776 4087 1843 4144 pars

95 4162 197 4228 David,
213 4167 242 4217 et
263 4180 312 4219 vos
327 4165 535 4237 dedignamini,
561 4163 611 4220 sed
637 4164 713 4236 agite
733 4161 940 4235 penitentiam,
998 4163 1294 4221 sac'erdotihnsdatnr.
1304 4161 1507 4216 Holocaustum
1516 4161 1575 4215 Dco
1583 4159 1694 4224 tribuit,
1703 4158 1845 4231 quimun·

94 4254 126 4304 et
139 4251 338 4308 convertimini
351 4253 420 4308 dum
431 4258 545 4325 tempus
557 4254 677 4309 habetis.
999 4253 1067 4309 dnm
1084 4252 1232 4324 relinquit,
1252 4255 1286 4305 ut
1308 4265 1423 4320 semper
1437 4251 1519 4304 vacet
1532 4247 1667 4302 orationi.
1683 4247 1845 4317 victimam,

132 4340 202 4394 Dum
229 4355 323 4411 prope.
349 4343 411 4413 (ln.)
438 4343 479 4398 lle
501 4341 603 4396 restris
629 4341 707 4396 vitiis
731 4339 856 4406 recedat,
895 4339 945 4410 qui
999 4342 1049 4416 qui
1064 4342 1122 4397 Deo
1137 4340 1223 4396 servit
1235 4344 1263 4395 ct
1275 4354 1341 4411 qnae
1356 4336 1458 4392 mundi
1470 4335 1675 4407 suutdiaponit
1685 4335 1774 4408 juste.

93 4427 313 4500 appropinquat
338 4429 638 4503 appropinquantibus
653 4429 718 4496 sihi,
734 4433 762 4482 at
779 4427 839 4483 titio
850 4442 944 4483 rever·
1034 4431 1122 4500 snper
1146 4430 1231 4484 altori
1259 4442 1325 4480 meo.
1353 4424 1449 4480 Fidem
1468 4439 1654 4495 superquam
1670 4423 1852 4499 omniaoffe·¹

94 4513 170 4569 tenti
184 4515 266 4572 letus
279 4519 411 4574 occurrit.
1000 4520 1113 4582 runtur,
1128 4516 1190 4571 sina
1205 4530 1263 4586 qna
1276 4511 1452 4586 impossihile
1464 4516 1506 4566 cst
1532 4512 1589 4566 Deo
1600 4512 1724 4582 placere.
1742 4511 1822 4568 Unde
1839 4528 1846 4566 ε

139 4602 221 4659 Vens.
239 4608 266 4661 8.
284 4635 315 4649 -·
339 4608 399 4663 Non
424 4608 505 4662 enim.
543 4606 583 4660 Ne
608 4604 716 4676 putetis
740 4602 856 4660 ditDcila
883 4617 945 4658 esse
999 4608 1192 4662 Jmtusoatem
1209 4605 1239 4658 tn
1252 4601 1459 4673 fidemnoivet.

96 4693 176 4766 qnod
190 4693 318 4764 spondeo
339 4692 541 4748 :considerate
555 4691 631 4764 qnod
650 4690 727 4746 inter
749 4706 813 4746 mee
837 4694 867 4745 et
896 4706 946 4745 uc·
1035 4694 1116 4748 Vens.
1132 4696 1206 4748 9.-
1220 4692 1315 4748 Omnes
1331 4690 1430 4744 hestia.
1459 4688 1517 4743 Vox
1536 4686 1695 4761 prophete,
1726 4686 1778 4760 qui
1802 4689 1848 4743 ad·

96 4788 158 4837 stra
179 4780 298 4837 consilia
324 4781 416 4836 multa
444 4780 482 4835 sit
505 4779 685 4837 differentia:
709 4783 737 4834 et
766 4782 872 4850 quanta
894 4793 945 4833 na·
999 4786 1082 4836 rocat
1121 4782 1265 4837 Romanos
1293 4776 1329 4832 ad
1357 4774 1502 4831 excidium
1532 4775 1702 4842 ierusalem,
1741 4775 1848 4846 quibos

95 4877 182 4932 turae,
197 4874 278 4925 tanta
292 4870 447 4925 voluntatis
460 4855 618 4924 diversitas.
1001 4886 1074 4941 pene
1089 4873 1165 4925 totos
1184 4867 1260 4923 orbis
1287 4865 1438 4920 serviebat.
1461 4865 1511 4920 Vel
1526 4879 1579 4936 per
1591 4863 1707 4932 bestias,
1736 4864 1848 4920 daemo-

133 4959 275 5014 Vnnsth.
294 4961 383 5015 -Ει
410 4958 551 5030 quomodo.
581 4958 642 5028 (ln.)
670 4955 733 5012 tllia
758 4954 946 5011 similitudine
1000 4957 1187 5031 nas:quibus
1202 4955 1236 5011 ad
1253 4952 1551 5010 devorandumtunaei
1564 4951 1662 5008 traditi
1677 4955 1753 5007 sunt.

97 5046 227 5104 ostendit
242 5045 311 5118 quia
323 5047 431 5102 multus
443 5051 487 5102 est
501 5046 535 5102 ad
550 5045 768 5118 ignoscendum.
1035 5046 1124 5104 Vens.
1143 5047 1186 5100 ιι).
1201 5072 1238 5086 -
1252 5044 1329 5100 Caci.
1348 5043 1411 5098 Non
1421 5040 1559 5096 habentes
1578 5039 1721 5096 Christum
1747 5053 1849 5095 rerum

134 5138 236 5193 Panem
264 5135 421 5191 comederat.
462 5134 543 5191 Unda
573 5134 728 5191 Salomon:
760 5135 838 5190 Mitte
848 5148 947 5203 paoem
1000 5134 1110 5201 lumen,
1126 5133 1171 5188 acl
1183 5131 1269 5188 tidem
1282 5135 1310 5186 et
1323 5129 1394 5185 alias
1407 5129 1535 5185 virtum.

98 5229 178 5280 tuum
202 5240 285 5294 snper
311 5239 409 5294 aquas,
439 5227 506 5295 quta
525 5226 556 5279 tn
574 5223 749 5279 multitudine
764 5224 870 5278 dimum
901 5223 947 5276 tn·
1037 5223 1131 5280 Canes.
1148 5221 1213 5292 (ln.)
1228 5219 1307 5276 Sicut
1323 5234 1407 5273 canes
1419 5232 1548 5288 gregem,
1559 5216 1600 5272 sic
1613 5213 1725 5287 praelati
1745 5212 1851 5270 dehent

97 5315 189 5369 renim
214 5330 285 5382 eum,
312 5314 365 5369 hoc
390 5317 444 5380 est,
473 5328 578 5383 panem
608 5311 745 5368 doctrinae
761 5315 818 5366 tuae
838 5313 868 5365 et
881 5324 945 5380 gra-
1002 5308 1142 5366 custodire
1156 5307 1283 5379 plebem.
1314 5308 1399 5365 Canes
1414 5304 1653 5376 impudentissimi.
1678 5301 1761 5369 Quod
1786 5304 1848 5357 est:

78 5446 80 5450 .
100 5402 171 5459 tiam
185 5402 364 5475 spiritualem
375 5403 484 5459 cunctis
511 5401 640 5471 infunde,
660 5401 729 5475 quia
741 5401 770 5456 in
793 5399 947 5456 novissimo
1001 5399 1081 5454 Sicut
1093 5409 1178 5451 canes
1203 5395 1266 5452 sine
1281 5394 1451 5452 discretione
1461 5392 1548 5449 etiam
1575 5392 1664 5448 bonos
1692 5406 1769 5464 saepe
1788 5404 1850 5463 per·

101 5491 220 5564 praemia
235 5491 366 5564 recipies.
811 5516 812 5520 =
1001 5486 1172 5558 sequuntur,
1190 5483 1233 5540 sic
1254 5488 1283 5540 ει
1304 5482 1397 5540 tadei
1420 5481 1604 5554 impudenter
1642 5481 1848 5544 clamaverunt,
