3892 6106
107 288 160 341 all
679 286 807 344 crossi
827 287 1030 346 uenturum.
1049 317 1084 329 -
1103 289 1167 344 le.
1189 286 1294 344 EXOD.
1810 284 1865 340 242

103 403 144 456 ris
160 404 235 457 circa
246 402 463 459 tabernaculum
482 403 602 459 Domino
615 405 718 476 posita.
735 406 869 461 Armatus
884 409 992 478 argob
1009 411 1053 463 tra
1066 407 1197 479 Moysen:
1214 407 1279 463 ideo
1288 405 1373 477 jubet
1388 406 1461 460 Deus
1484 408 1515 458 ut
1529 403 1661 459 ostendat
1684 402 1726 457 eis
1751 408 1864 475 petram

102 493 250 547 incastris
267 493 383 547 Domini
405 494 530 548 militans
555 509 591 548 ne
616 495 745 568 implices
757 500 784 550 te
812 496 960 551 soeculari-
1013 510 1048 550 ex
1060 494 1238 566 quabibant.
1257 494 1286 550 Si
1307 494 1372 564 quis
1401 496 1496 547 autem
1519 493 1618 562 legens
1649 493 1763 564 Moysen
1783 508 1864 547 mur·

102 581 157 634 bus
174 581 308 653 negotiis,
329 586 358 637 et
379 581 410 636 in
425 583 522 637 castris
548 583 665 638 Domini
687 599 800 656 semper
825 584 958 639 excubias
1013 587 1107 639 murat
1132 584 1265 638 adsersus
1293 598 1370 649 eum,
1393 586 1422 636 et
1446 581 1576 650 displicet
1602 581 1628 636 ei
1658 581 1754 637 littera
1777 581 1863 653 legis,

101 684 184 739 agas,
198 670 276 725 ntde
292 675 321 725 te
333 670 446 726 dicatur
459 671 527 743 quia
549 672 693 743 proiectus
707 690 736 729 es
764 690 817 746 per
838 674 957 729 uerbum
1011 670 1135 725 ostendit
1149 672 1176 725 ei
1188 671 1295 741 Moyses
1310 675 1430 740 petram,
1447 685 1513 740 que
1528 673 1569 722 est
1579 668 1719 736 Christus,
1735 674 1765 724 et
1783 669 1866 726 ducit

101 757 223 813 Domini
236 756 271 812 de
288 758 403 814 deserto
429 759 489 827 Sin,
513 764 543 814 ει
573 760 654 815 venis
674 761 704 815 iu
728 760 891 832 Rephidim.
908 762 958 817 Sia
1011 759 1047 814 ad
1061 759 1164 830 ipsam,
1179 759 1256 814 unde
1267 758 1348 813 bibat
1359 763 1388 813 et
1402 758 1479 812 sitim
1494 758 1615 813 reliciat.

100 848 203 899 autem
226 849 337 901 tentatio
364 847 588 918 interpretatur;
606 848 757 920 Rephidim
779 851 884 905 sanitas
903 851 953 920 ju·
1045 849 1127 902 Vens.
1152 853 1178 904 5.
1206 877 1237 890 -
1265 848 1398 903 Anteceee
1419 849 1559 917 poputum,
1591 851 1644 902 ete.
1676 847 1740 901 Non
1768 848 1864 901 solum

99 931 192 987 dicii:
211 934 343 1005 quibene
356 934 413 989 exit
425 935 460 991 de
477 936 644 1004 tentatione,
661 935 737 992 venit
751 937 786 993 ad
806 937 956 993 sanitatem
1011 936 1118 1007 Moyses
1143 935 1220 991 ducit
1242 937 1382 1006 populum
1409 936 1446 990 ad
1471 951 1569 1005 aquas,
1594 935 1643 990 sed
1677 939 1706 989 et
1733 935 1862 990 seniores

98 1020 218 1090 judicii.
237 1023 269 1077 ln
284 1023 330 1077 die
341 1023 418 1077 enim
429 1023 531 1095 judicii
545 1040 631 1078 sanus
645 1024 708 1079 erit.
728 1025 807 1079 Unde
822 1027 909 1096 Αροι.
922 1043 954 1080 n:
1010 1024 1120 1095 populi.
1139 1024 1199 1079 Nun
1210 1023 1287 1078 enim
1313 1024 1372 1078 sola
1395 1023 1440 1077 lex
1471 1022 1614 1079 Christum
1636 1021 1799 1089 aununtiet,
1814 1022 1863 1077 sed

101 1109 273 1178 Quiuicerit,
296 1111 367 1166 dabo
381 1111 452 1166 eide
474 1113 547 1180 tiene
572 1115 635 1167 uitas
650 1113 811 1182 quaeestin
825 1114 956 1182 paradiso
1010 1113 1198 1182 etpropuene
1224 1115 1252 1166 ει
1275 1110 1443 1182 patriarche
1468 1115 1496 1164 et
1515 1125 1615 1165 omnes
1625 1110 1749 1180 majores
1781 1115 1861 1165 natu.

101 1199 150 1251 Dei
159 1199 222 1252 mei.
236 1198 317 1253 Venit
333 1215 402 1270 ergo
419 1199 454 1254 ad
465 1199 616 1255 sanitatem
627 1200 728 1273 judicii
742 1201 793 1274 qni
810 1201 882 1257 bene
897 1202 956 1257 dis-
1044 1202 1081 1254 lit
1093 1202 1210 1268 ciream,
1227 1203 1279 1253 etc.
1292 1201 1384 1271 (bne,
1396 1203 1490 1270 quest.
1509 1199 1544 1252 tii
1563 1201 1593 1252 in
1616 1198 1728 1264 urea.)
1755 1200 1861 1266 Aaron,

101 1286 186 1356 ponit
200 1301 349 1342 sermones
363 1304 430 1343 suos
444 1288 602 1360 injudicio.
1009 1303 1069 1342 uon
1078 1289 1203 1360 Moysen,
1220 1287 1326 1358 legitur
1338 1288 1447 1342 tlumen
1461 1287 1542 1357 virga
1552 1287 1737 1356 percussisse.
1754 1287 1863 1357 Moyses

134 1373 195 1428 sm.
214 1373 264 1427 Ric
279 1373 440 1444 specialiter
464 1375 513 1430 Sin
537 1390 596 1430 una
625 1375 736 1431 mansio
769 1377 954 1449 accipiturex
1008 1375 1295 1446 enimeademrirga
1328 1391 1406 1429 mare
1431 1375 1535 1442 divisit,
1558 1391 1617 1429 non
1637 1374 1755 1429 flumen.
1786 1375 1860 1438 Quid

100 1461 144 1515 bis
164 1460 296 1532 quinque
325 1478 391 1534 quie
419 1463 569 1519 fuerunta
591 1465 664 1519 mori
691 1463 787 1520 Rubro
815 1462 956 1537 usquead
1010 1481 1078 1536 ergo
1112 1464 1166 1518 sibi
1194 1465 1269 1518 vult:
1303 1464 1404 1533 Accipe
1424 1465 1532 1530 ciream
1560 1465 1590 1517 in
1616 1478 1671 1531 qne
1701 1464 1862 1532 percussisti

100 1550 325 1617 montemSina‚
353 1567 425 1623 quas
449 1552 588 1623 Iosephus
615 1551 787 1608 nominatim
811 1553 953 1608 describit.
1008 1553 1126 1622 {lumeni
1142 1554 1185 1607 An
1199 1552 1360 1606 tortemare
1388 1551 1542 1621 appellavit
1565 1551 1697 1605 flumen?
1722 1555 1751 1605 et
1782 1565 1861 1621 qure-

100 1636 280 1693 Generaliter
294 1637 372 1694 enim
392 1654 475 1694 omne
504 1639 648 1695 desertum
667 1639 738 1695 illud
765 1640 815 1696 Sin
838 1644 955 1696 vocatur
1010 1642 1134 1696 rendum
1148 1644 1190 1695 est
1201 1641 1362 1709 exemplum
1373 1638 1621 1709 hujuslocutionis
1635 1639 1649 1694 ‘l
1661 1639 1705 1693 Aa
1715 1638 1790 1710 quod
1805 1639 1862 1695 Aa·

100 1726 174 1780 sicut
188 1730 220 1781 et
232 1727 396 1797 Rephidim.
1010 1745 1063 1784 ron
1077 1729 1152 1795 iecit,
1167 1727 1255 1800 Moysi
1272 1726 1370 1799 potius
1381 1726 1552 1782 attributum
1567 1730 1621 1794 cst,
1637 1726 1704 1797 qnia
1717 1742 1769 1797 per
1784 1727 1861 1797 Moy·

134 1815 408 1871 Castrametatisunt
434 1818 464 1871 ie
485 1815 643 1886 Rephidim.
680 1816 808 1886 (tirason.
834 1815 867 1871 dc
893 1817 954 1871 beo·
1008 1833 1058 1872 sen
1069 1815 1189 1887 jubebat
1201 1817 1275 1871 Deus
1291 1831 1356 1887 quae
1366 1813 1471 1869 iaceret
1484 1817 1591 1883 Aaron,
1607 1818 1637 1868 et
1662 1813 1693 1868 in
1721 1813 1776 1868 hoc
1806 1828 1862 1868 au-

99 1904 412 1976 llebr.,tom.lll)Est
434 1905 513 1960 locus
536 1904 566 1958 ιιι
594 1905 706 1960 deserto
725 1906 807 1976 juxta
827 1908 955 1960 muntem
1008 1905 1133 1972 ctoritas,
1161 1905 1191 1959 in
1220 1904 1269 1959 illo
1298 1902 1518 1958 ministerium?
1546 1903 1651 1958 Unde:
1675 1904 1737 1958 Erit
1759 1901 1862 1957 tibiae

100 1993 205 2047 Roreb.
220 1993 373 2048 Sciendum
390 1997 432 2048 est
444 1998 540 2049 autem
554 1994 631 2066 quod
656 1994 750 2050 omnis
777 2009 889 2050 eremus
902 2010 955 2050 us·
1003 1995 1146 2068 populum,
1162 1999 1192 2049 tu
1201 1995 1291 2048 eutem
1305 1992 1350 2048 illi
1364 1994 1394 2046 in
1407 1992 1449 2047 liis
1463 2006 1522 2061 pun
1535 1992 1573 2046 ecl
1595 1993 1691 2046 Deum.

98 2098 154 2153 que
169 2081 207 2135 ad
224 2086 353 2137 montem
368 2081 448 2137 Sinai
464 2082 514 2138 Sin
531 2088 659 2149 vocatur,
675 2086 705 2137 ει
719 2087 826 2138 extota
840 2081 954 2152 provin·
1040 2085 1125 2139 Vaas.
1142 2084 1169 2151 6,
1183 2087 1211 2136 7.
1226 2113 1261 2122 -
1280 2083 1468 2150 Parautiesque
1486 2087 1603 2151 petram.
1624 2080 1778 2144 Christum,
1810 2078 1860 2151 qui

96 2169 244 2225 ciaetiam
259 2170 337 2225 locus
352 2169 437 2225 unius
461 2170 618 2226 mansionis
633 2187 739 2226 nomen
762 2171 880 2243 accepit,
903 2171 954 2226 sic·
1006 2173 1134 2228 incruce
1149 2170 1284 2226 aludaeis
1310 2185 1461 2242 percussus
1490 2172 1554 2223 est:
1579 2169 1626 2225 cui
1658 2169 1776 2224 accessit
1803 2167 1859 2221 vir·

96 2262 129 2312 ut
142 2261 172 2312 et
184 2258 268 2313 Moab
282 2260 341 2313 tam
363 2259 442 2314 urbis
465 2275 552 2331 quam
580 2259 734 2331 provincias
761 2275 868 2314 nomeu
900 2265 952 2317 est.
1006 2277 1052 2331 ga,
1066 2260 1095 2315 id
1111 2264 1165 2329 est,
1181 2259 1292 2330 lignum
1307 2258 1460 2330 passionis,
1487 2263 1519 2312 ut
1541 2257 1673 2313 fidelibus
1698 2260 1862 2313 remaneret

98 2347 129 2400 ln
141 2346 196 2401 hac
212 2346 369 2403 solitudine
385 2347 513 2420 quinque
542 2353 609 2403 sunt
637 2347 811 2416 mansiones,
828 2348 954 2419 Zuph,et
1006 2365 1088 2422 aque

97 2450 214 2489 eremus
232 2435 293 2503 Sia,
326 2437 404 2503 blus,
434 2436 575 2506 Depheca,
595 2435 758 2506 Rephidim.
786 2436 866 2492 Unde
880 2437 953 2492 benc
1054 2437 1135 2492 Vens.
1164 2439 1190 2491 8.
1210 2467 1245 2478 —
1271 2436 1350 2492 Venit
1374 2439 1464 2490 eutem
1500 2436 1624 2500 Amalec,
1653 2438 1705 2489 etc.
1736 2433 1859 2504 (Smin)

96 2522 203 2578 dicitur
227 2524 296 2594 qnia
311 2525 436 2594 prolecta
458 2528 497 2578 est
511 2526 597 2578 omnis
616 2523 762 2579 multitudo
780 2524 897 2593 filiorum
912 2526 951 2580 ιι·
1004 2525 1118 2581 Amalec
1132 2524 1187 2579 fuit
1209 2524 1285 2578 lilius
1312 2525 1425 2592 lsmael,
1442 2542 1459 2578 a
1479 2539 1537 2594 quo
1565 2521 1740 2588 amalecita,
1765 2521 1861 2591 quiet

95 2613 153 2665 rael
167 2612 203 2665 de
217 2627 313 2667 memo.
342 2613 392 2668 Sin
406 2614 620 2681 permensiones
633 2627 698 2667 snas
712 2615 798 2682 jueta
819 2629 847 2668 os
860 2615 951 2668 Domi-
1005 2614 1155 2669 lsmaelilae
1179 2618 1270 2667 sunt:
1299 2611 1355 2682 ipsi
1387 2616 1453 2667 snat
1479 2611 1622 2666 Saraceni.
1653 2611 1860 2680 Interpretatur

95 2703 134 2766 ni,
154 2706 181 2754 et
196 2705 327 2754 venerum
355 2703 384 2754 in
399 2700 557 2770 Rephidim.
571 2700 650 2756 Unde
665 2705 745 2771 patet
759 2701 857 2772 plures
871 2717 951 2757 man·
1004 2706 1100 2756 autem
1122 2701 1213 2755 bibens
1239 2699 1284 2753 vel
1311 2700 1429 2754 lambens
1458 2701 1630 2767 sanquinem,
1660 2703 1688 2752 ει
1718 2697 1860 2768 significat

96 2788 192 2842 siones
204 2788 291 2842 unius
304 2789 431 2860 regionis
462 2788 597 2844 vocabulo
621 2789 821 2844 demonstrari.
1004 2790 1161 2855 diabolum,
1177 2789 1227 2860 qni
1251 2792 1363 2842 sanctos
1390 2787 1424 2843 de
1452 2789 1572 2858 AEgypto
1600 2791 1748 2852 exeuntes,
1779 2784 1859 2841 etad

132 2878 260 2943 Mansit,
276 2876 532 2947 i.-Sitioitccpo
550 2879 591 2932 ibi
616 2880 743 2948 populus,
761 2883 815 2932 etc.
847 2878 948 2948 (Onia,
1003 2882 1110 2933 terram
1135 2876 1335 2948 promissionis
1358 2875 1518 2940 tendentes,
1557 2891 1670 2946 semper
1695 2875 1856 2946 impugnat,

97 2965 144 3019 ubi
159 2965 268 3035 supro).
281 2966 344 3020 lilia
358 2966 451 3020 littera
467 2983 474 3019 ι
494 2966 710 3037 8ιιιυιι,ιιιριιίι,
722 2967 837 3036 populus
850 2982 951 3036 equam
968 2972 988 3028 c
1010 2971 1039 3022 et
1052 2966 1213 3021 animarum
1243 2963 1411 3034 sauguinem
1429 2964 1527 3018 bibere
1552 2963 1704 3018 desiderat.

96 3060 120 3106 n
132 3055 327 3110 murmurabat
342 3054 471 3109 aduersus
486 3056 610 3123 Moysen.
635 3053 750 3109 Suffecit
775 3054 951 3128 dicerequia
1042 3055 1132 3120 Dare,
1149 3054 1219 3108 hom.
1244 3055 1305 3106 nin
1333 3052 1436 3122 Ειοιι.)
1465 3052 1640 3107 Describitur
1659 3051 1769 3106 bellum
1791 3064 1857 3104 cum

96 3145 196 3209 sitivit,
214 3143 282 3213 quid
299 3160 370 3213 opus
384 3142 439 3197 init
451 3142 553 3198 addere
569 3142 690 3212 equam?
705 3145 767 3197 Non
781 3148 822 3198 est
847 3161 966 3216 super·‚
1004 3141 1167 3198 Amalecitis
1182 3142 1298 3196 factum.
1315 3144 1476 3212 Antequam
1491 3141 1678 3198 manducaret
1703 3154 1808 3211 panem
1822 3139 1856 3193 de

97 3232 152 3284 ilua
176 3230 311 3301 adjectio.
349 3234 421 3287 Sient
449 3231 649 3303 ergodiversae
676 3230 753 3298 sites,
769 3237 798 3288 ει
827 3233 948 3305 quisque
1003 3232 1084 3297 coelo,
1100 3229 1248 3285 etbiberet
1266 3244 1370 3299 aquam
1399 3229 1434 3283 de
1462 3234 1554 3300 petra,
1585 3244 1645 3283 non
1667 3227 1772 3283 dicitur
1806 3242 1857 3297 pu·

96 3319 181 3374 babet
196 3319 354 3391 proprium.
369 3319 422 3385 Oui
439 3320 507 3374 boni
522 3323 597 3381 sunt,
615 3320 744 3374 esuriunt
760 3320 948 3391 etsitiuntju-
1004 3335 1104 3390 gnasse
1115 3319 1237 3390 populus
1254 3317 1322 3384 ;sed
1348 3317 1452 3372 dicitur
1477 3319 1512 3372 ad
1538 3334 1604 3372 eum
1621 3334 1627 3371 :
1659 3319 1788 3372 Dominus
1801 3331 1855 3385 pec·

96 3408 202 3462 stitiam
221 3410 328 3473 (Metili.
344 3409 391 3479 v).
408 3408 461 3464 alii
481 3423 596 3479 quoque
620 3407 740 3462 dicunt:
766 3409 860 3464 Sitivit
883 3412 948 3464 eni·
1002 3409 1096 3477 onebit
1115 3424 1165 3477 pro
1192 3408 1267 3462 vobis
1283 3412 1309 3461 et
1345 3423 1391 3462 uos
1420 3407 1551 3463 tacebitis.
1575 3407 1622 3461 Est
1644 3421 1713 3476 ergo
1739 3405 1855 3476 quaudo

94 3511 139 3551 me
153 3511 214 3550 mee
227 3497 265 3550 ed
279 3500 315 3564 te,
342 3497 415 3551 Deus
438 3496 520 3567 (Psal.
550 3497 617 3566 xm).
637 3495 692 3561 Qui
708 3512 773 3551 vero
796 3482 862 3550 ἒιιιιι
881 3513 946 3568 pec·
1002 3497 1140 3552 Dominus
1154 3501 1266 3567 pugnat
1281 3511 1333 3566 pro
1348 3495 1441 3562 nobis,
1456 3512 1508 3550 nec
1527 3494 1669 3566 permittit
1688 3493 1792 3549 tentari
1807 3509 1854 3547 su·

94 3591 206 3639 catores
220 3586 372 3655 patiuntur
385 3601 443 3639 non
471 3584 547 3639 sitim
564 3601 653 3656 aquae,
683 3601 741 3640 non
775 3585 947 3659 iamempa-
1000 3602 1052 3657 pra
1067 3585 1096 3641 id
1111 3584 1186 3658 quod
1202 3600 1362 3656 possumus,
1378 3600 1430 3638 nec
1456 3585 1580 3656 impares
1606 3584 1714 3638 viribus
1735 3582 1803 3637 sinit
1817 3580 1852 3636 ad

92 3673 147 3741 nis,
170 3672 220 3727 sed
237 3673 373 3727 audiendi
394 3674 511 3727 verbum
538 3673 598 3728 Dei.
624 3674 800 3745 Sitieitergo
824 3677 946 3746 populns
1000 3674 1101 3729 fortem
1127 3674 1223 3727 venire
1254 3688 1447 3743 congressum.
1477 3673 1529 3727 lob
1558 3688 1672 3743 quoque
1709 3675 1853 3725 certamen

93 3776 208 3833 aqrrarn,
225 3761 277 3833 qui
295 3761 394 3816 debuit
408 3761 487 3816 sitire
503 3761 655 3832 justiliam.
682 3762 735 3817 Sed
751 3764 825 3817 Deus
846 3763 945 3817 erudi·
999 3762 1164 3817 tentationis
1175 3778 1233 3816 sure
1246 3762 1306 3832 jam
1332 3761 1473 3831 periectas
1509 3762 1656 3831 implerit3
1683 3767 1713 3814 et
1728 3766 1759 3814 tu
1784 3775 1853 3826 ergo

93 3854 137 3905 ter
150 3850 316 3918 infantium,
347 3850 482 3920 magister
510 3850 717 3922 insipientium,
746 3851 863 3923 corrigit
885 3853 946 3907 cul·
999 3865 1064 3904 cum
1084 3850 1203 3920 coeperis
1217 3851 1388 3905 manducare
1424 3865 1539 3916 manna,
1580 3864 1683 3918 panem
1711 3849 1854 3903 caelestem

94 3953 141 4008 pas
155 3939 330 3993 atemendat
345 3953 465 4004 errores,
481 3938 578 3992 dicens
603 3939 638 3995 ad
658 3940 770 4011 Moysen
794 3944 823 3995 ut
851 3945 945 3997 sumat
999 3937 1076 3992 verbi
1092 3937 1150 4004 Dei,
1164 3937 1296 3992 etbibere
1321 3954 1425 4007 aquarn
1444 3938 1479 3992 de
1500 3943 1591 4007 petra,
1608 3951 1731 4006 cumque
1756 3936 1791 3990 ad
1807 3935 1854 3989 in-

94 4027 255 4098 rirgam,et
276 4027 419 4098 percutiat
454 4032 606 4098 petram,et
623 4028 724 4083 educat
748 4045 845 4100 aqrras.
879 4031 944 4087 Vult
998 4019 1102 4080 teriora
1115 4025 1251 4079 doctrinae
1266 4025 1421 4095 spiritualis
1453 4025 1611 4093 accesserit,
1646 4028 1776 4094 exspecta
1796 4040 1854 4094 pu-

94 4115 168 4170 enim
180 4131 230 4170 eos
246 4115 308 4186 jam
326 4115 360 4170 de
376 4121 455 4186 petra
470 4116 567 4171 bibere
596 4117 782 4187 etprolrcere,
799 4123 827 4172 et
854 4118 888 4173 ad
902 4119 945 4173 in·
998 4130 1094 4186 gnam,
1112 4129 1241 4183 praepara
1252 4117 1280 4167 te
1291 4113 1326 4168 ad
1343 4114 1459 4169 bellum.

93 4202 198 4258 teriora
211 4203 466 4273 mysteriavenire.
483 4205 730 4272 Murmuraverunt
755 4205 942 4262 animadver-
1033 4204 1111 4257 Vens.
1137 4205 1163 4266 9,
1197 4204 1239 4256 lt).
1258 4233 1292 4244 -
1324 4202 1456 4274 Dicitque
1480 4205 1584 4274 Moyses
1614 4203 1769 4268 callosae,
1796 4206 1850 4258 etc.

94 4307 138 4346 sus
152 4293 279 4362 Moysen,
293 4290 451 4361 ideojubet
465 4292 603 4347 Dominus
619 4298 650 4347 ut
676 4294 808 4349 ostendat
823 4295 863 4349 eis
891 4311 942 4367 pe·
963 4259 1093 4355 ι)Οιιιι.,
1119 4289 1201 4357 ieie.)
1226 4290 1288 4344 Alia
1312 4290 1423 4345 littera:
1449 4293 1527 4347 Dicit
1550 4294 1655 4362 Moyses
1681 4291 1719 4346 ecl
1742 4293 1850 4346 lesum:

94 4379 944 4455 tramdequabibant.SiquisenimestquilegensMoysen,
998 4380 1075 4447 Elios
1093 4379 1145 4432 tihi
1168 4380 1252 4445 uiros,
1274 4383 1327 4435 etc.
1357 4381 1507 4451 Rerumque
1539 4379 1613 4434 beati
1641 4379 1765 4434 nominis
1787 4380 1853 4433 lesu

94 4473 255 4521 murmurat
268 4467 404 4523 adversas
419 4485 496 4535 euin,
507 4474 536 4523 et
547 4469 714 4540 displicetei
727 4471 774 4526 lex
787 4472 945 4527 secundnm
999 4481 1148 4536 nunquam
1172 4466 1245 4522 facta
1279 4472 1320 4522 est
1347 4469 1463 4523 mentio.
1496 4469 1545 4522 Ric
1583 4468 1710 4540 primum
1744 4465 1853 4520 vocavit

95 4554 226 4621 litteram,
243 4556 311 4627 quia
327 4556 356 4610 io
379 4557 478 4611 multis
493 4573 551 4612 non
575 4557 689 4613 videtur
711 4558 816 4614 habere
846 4576 944 4615 conse·
999 4555 1106 4625 Moyses
1131 4556 1238 4621 lesum,
1276 4561 1305 4611 et
1344 4557 1414 4611 dixit
1449 4557 1496 4611 ei:
1516 4559 1592 4626 litiae
1620 4555 1761 4611 uirestibi
1784 4556 1849 4624 iptio

94 4644 251 4714 essentiam,
266 4643 390 4698 ostendit
402 4645 429 4698 ei
445 4646 550 4716 Moyses
569 4636 690 4715 petiam,
713 4663 778 4718 qum
793 4652 835 4702 est
860 4648 946 4703 chri.
1000 4643 1108 4713 Moyses
1120 4647 1201 4697 vocet
1216 4646 1323 4711 lesum,
1340 4647 1385 4701 lex
1399 4644 1510 4700 invocat
1534 4644 1687 4713 Christum,
1704 4649 1737 4699 ut
1763 4643 1849 4714 eligat

95 4737 160 4801 stus,
177 4736 210 4786 ut
225 4731 294 4788 inde
310 4731 632 4789 bibatetsitimreticiat
644 4734 699 4789 Sed
710 4735 770 4790 baec
792 4740 873 4807 petra
888 4753 947 4791 non
1001 4730 1054 4785 sibi
1083 4729 1158 4785 viros
1182 4736 1312 4802 potentes
1337 4733 1371 4788 de
1391 4735 1492 4804 plebe:
1518 4750 1577 4787 non
1602 4738 1715 4802 poteret
1744 4733 1852 4802 Moyses

96 4819 138 4873 dat
151 4835 243 4892 aquas
256 4819 465 4890 nisipercussa,
481 4836 614 4891 percussa
628 4822 794 4876 verotontes
804 4823 945 4894 producit:
1001 4819 1117 4888 eligere,
1134 4819 1181 4874 sed
1206 4822 1282 4875 solus
1300 4823 1389 4888 lesus,
1419 4822 1468 4893 qui
1490 4822 1529 4875 ait
1543 4822 1625 4875 loan.
1648 4836 1696 4874 xv:
1724 4821 1784 4876 Non
1806 4834 1851 4874 vos

97 4923 244 4977 percussus
259 4907 337 4963 enim
349 4907 487 4976 Christus,
505 4913 534 4964 et
544 4909 575 4964 iu
587 4925 669 4964 cruce
698 4915 849 4980 mactatus,
876 4912 947 4967 Novi
1001 4907 1186 4976 meeleeistin
1211 4909 1317 4977 seeeeo
1345 4925 1391 4964 uos
1421 4911 1489 4977 alepi
1508 4909 1615 4979 (nolte.
1642 4910 1692 4975 ιιι)
1718 4909 1780 4978 lpse
1810 4911 1853 4962 est

96 4996 267 5052 leuamenti
283 4996 537 5066 iontesprodnxit.
554 4998 728 5054 UndeZach.
750 5016 819 5054 rur:
854 5002 949 5056 Percu·
1001 4995 1212 5051 lectorumdux
1242 5002 1271 5052 et
1293 4997 1455 5068 potentium
1475 4996 1692 5068 princepslpsc
1723 4997 1853 5068 confligit

98 5085 563 5155 ticmpestorem‚etdisperpentnr
586 5103 645 5142 oues
667 5090 765 5156 precis.
794 5088 853 5143 Nisi
870 5090 948 5145 enim
1001 5108 1067 5147 cum
1077 5093 1201 5149 Amalec.
1228 5095 1290 5165 lpse
1314 5094 1392 5149 enim
1415 5094 1503 5148 intrat
1523 5095 1554 5149 in
1582 5094 1700 5149 domum
1720 5095 1800 5150 fortis
1824 5100 1852 5150 ct

98 5170 189 5227 lecisset
202 5189 365 5245 percussus,
383 5177 409 5227 et
424 5175 652 5246 saissetsanguis
665 5180 694 5229 et
704 5192 779 5248 aqua
803 5177 838 5232 de
861 5178 948 5233 latere
1005 5179 1100 5251 alligat
1113 5181 1225 5249 iorlem,
1241 5186 1269 5237 et
1280 5199 1344 5237 vasa
1356 5183 1416 5253 ejus
1432 5182 1539 5254 diripit.

98 5262 164 5332 ejas,
183 5277 286 5316 omnes
315 5260 392 5315 sitim
413 5263 492 5317 verbi
521 5263 571 5318 Dei
600 5269 772 5335 pateremur.
800 5265 949 5322 Undeni—
1039 5270 1101 5338 Epo
1123 5271 1198 5325 stabo
1221 5273 1250 5325 in
1282 5273 1380 5325 vertice
1408 5272 1492 5327 celtis.
1529 5273 1642 5342 (Onrc.,)
1681 5273 1728 5327 nbi
1755 5288 1849 5343 supra.

98 5350 189 5405 lebant
203 5355 295 5405 autem
307 5349 341 5403 de
368 5352 500 5421 spiritali,
529 5357 701 5423 consequente
719 5369 762 5409 eos
786 5359 887 5426 petre:
899 5370 949 5427 pe·
1003 5358 1144 5423 Ascendit,
1173 5358 1277 5430 inquit,
1307 5360 1412 5430 Moyses
1435 5377 1494 5417 non
1516 5361 1547 5416 in
1576 5363 1708 5417 verticem
1734 5363 1850 5427 montis,

99 5443 136 5492 no
156 5443 253 5494 autem
267 5444 328 5492 eret
343 5439 468 5494 Christos
485 5441 627 5510 (lconxl.
1004 5446 1052 5500 sed
1077 5445 1263 5501 intertisam
1296 5447 1386 5502 collis.
1412 5449 1582 5506 Servabatur
1608 5452 1685 5506 enim
1721 5450 1747 5505 ei
1784 5456 1851 5507 tuuc

132 5528 224 5597 (Isiu.)
240 5526 348 5583 Sitiens
361 5529 483 5598 populus
506 5544 559 5599 pro
582 5545 655 5601 aqua
672 5531 862 5587 murmuravit
884 5549 950 5588 con·
1004 5534 1157 5590 ascendere
1180 5534 1210 5588 in
1238 5535 1372 5592 verticem
1393 5539 1576 5595 montiacum
1603 5554 1769 5595 ascensurus
1791 5543 1851 5593 erat
