3892 6106
38 310 47 357 ι,
115 276 184 335 ΜΒ
677 272 804 330 utosst
823 270 1029 329 oflutututt.
1049 299 1084 311 -
1105 267 1170 326 tte.
1191 268 1301 327 istiu.
1390 302 1394 309 ·
1801 270 1871 332 lmd

45 370 53 399 ¹
113 392 256 465 gentibus,
272 391 491 462 ete.,utqueod
505 389 555 463 qui
569 394 652 446 erant
665 389 862 446 sacerdotssin
875 390 962 447 domo
980 393 1066 453 Atus
1080 394 1124 446 est
1138 394 1168 447 et
1180 391 1231 448 Usi
1245 391 1396 465 sapientia.
1413 395 1445 449 lrs
1466 393 1591 452 dmtera
1620 386 1748 454 lulilio.
1764 397 1868 454 Undat

86 488 99 515 ⁸
113 481 240 537 Domini.
1018 479 1116 536 Omnia
1141 482 1171 535 trs
1195 482 1333 551 sapientia
1352 481 1445 548 fecisti
1471 482 1557 553 (Ptol.
1574 484 1642 554 cerr),
1669 484 1721 556 qui
1749 490 1778 540 et
1801 486 1868 542 bra·-

110 558 132 625 Χ
149 572 234 627 Vens.
258 576 285 626 7.
308 598 344 611 -
375 571 482 626 Partem
502 583 602 624 eorum.
634 566 755 623 Domini.
786 567 865 622 Unde
892 568 965 622 Psal-
1018 555 1116 624 obium
1132 574 1162 624 st
1183 569 1321 625 tortitudo
1349 570 1440 626 Patris
1458 587 1465 626 :
1482 571 1572 639 Unde,
1601 573 1700 629 Omnia
1719 576 1872 646 pertpm

114 660 218 715 mista:
242 659 371 715 Dominus
401 672 469 728 pars
503 656 672 712 baereditatis
697 671 770 723 mea,
804 661 857 711 etc.
884 654 964 721 Quod
1018 660 1171 724 factasunt
1194 659 1282 729 (toan.
1307 661 1339 730 ι).
1360 660 1392 716 si
1415 659 1514 716 dedero
1530 662 1652 717 triticum
1677 667 1762 719 tuum
1789 660 1873 721 Triti-

113 763 200 803 nemo
215 746 352 802 veraciter
363 745 441 813 dicit,
462 744 513 816 qui
527 743 613 800 aliam
625 749 735 816 portem
752 744 865 815 quaerit.
1019 760 1085 799 cum
1097 744 1261 801 ludaeorum
1277 750 1304 799 et
1319 745 1419 801 viuum
1442 763 1519 819 supe
1533 748 1599 804 dedi
1613 748 1741 805 inimicis
1755 736 1868 817 eorum,

152 837 234 890 vens.
260 837 287 890 8.
311 864 348 877 -
370 835 441 901 eriu
466 848 513 901 eqo
550 835 703 889 Dominus:
725 832 811 898 Quasi
833 832 964 889 diceret:
1020 830 1226 887 sicutinlibro
1248 831 1381 889 lodicum
1412 834 1518 906 legitur
1543 835 1644 906 (tudio.
1670 838 1729 904 rr):
1746 835 1872 908 quadiu

116 926 174 980 Uoc
186 924 270 978 laciet
286 923 435 991 Dominus,
453 922 503 993 qui
520 922 610 992 magis
626 920 720 992 diligit
734 921 875 994 justiliam
890 938 964 994 pan·
1019 922 1150 990 tempore
1165 919 1266 975 messis
1281 921 1439 978 bladiauitas
1455 922 1602 979 irruebant
1616 928 1644 979 et
1658 939 1760 979 eorum
1773 924 1873 995 trugas

115 1029 218 1086 perum
240 1018 270 1067 et
285 1011 426 1084 judicium
451 1026 552 1065 rerum
579 1026 666 1083 quam
698 1027 820 1066 munera
845 1010 966 1066 divitum
1020 1008 1202 1080 colligebant.
1219 1010 1381 1082 thusudo
1406 1012 1510 1082 captivi
1529 1011 1607 1067 ducti
1633 1016 1711 1078 suut,
1742 1010 1872 1069 Samari·

115 1117 272 1174 quaesrepa
287 1101 322 1156 de
350 1099 451 1171 rapina
477 1105 555 1168 suut,
571 1115 624 1155 uec
648 1098 741 1172 magis
767 1116 853 1172 quam
882 1098 966 1154 scorti
1020 1095 1255 1168 taniquleorum
1279 1113 1385 1153 messes
1411 1099 1605 1165 comederent,
1634 1099 1780 1156 substituti
1793 1100 1871 1154 suut.

116 1190 278 1247 mercedem
299 1189 342 1243 rel
369 1186 493 1259 pretium
514 1188 608 1243 caruis
633 1188 665 1244 iu
688 1187 868 1251 sacrificium,
884 1187 929 1243 rel
943 1187 968 1242 si
1021 1184 1074 1241 Sed
1089 1184 1120 1239 iu
1135 1185 1266 1241 hocloco
1283 1186 1420 1258 intelligit
1445 1187 1543 1243 cibum
1567 1187 1710 1252 Ecclesia,
1738 1185 1868 1256 virtutes,

117 1278 182 1350 quis
196 1276 328 1331 immolet
346 1276 440 1330 illium
458 1276 589 1343 Uomiuo,
604 1277 728 1348 placent.
1021 1277 1051 1328 et
1064 1273 1139 1329 boue
1151 1290 1248 1346 opera,
1275 1290 1379 1347 corpus
1405 1275 1509 1331 Christi
1529 1280 1558 1330 st
1583 1274 1763 1349 sauguinem.
1782 1262 1873 1331 idest

152 1368 321 1422 insultate.
350 1366 384 1419 Ut
409 1364 438 1417 in
469 1363 587 1418 veritato
616 1365 769 1419 comedant
795 1378 914 1435 agnum,
936 1366 969 1418 ut
1023 1362 1132 1429 laudas,
1146 1378 1243 1435 opera,
1261 1379 1325 1433 quse
1339 1379 1404 1418 cum
1416 1363 1497 1419 idolis
1518 1364 1710 1436 impenderas,
1725 1362 1873 1419 daemones

117 1455 222 1511 iaciant
236 1453 482 1508 circumcisionem
495 1453 638 1515 cordium.
649 1457 678 1508 st
690 1468 755 1526 quae
769 1452 836 1508 data
858 1450 968 1507 suntin
1024 1451 1221 1507 comedebant.
1247 1451 1302 1508 Sed
1325 1456 1390 1524 post
1413 1453 1567 1509 adveutum
1584 1453 1648 1509 Filii
1674 1453 1813 1509 Dominus
1825 1452 1875 1510 de·

118 1544 221 1615 ligura,
237 1543 336 1598 omnia
353 1543 383 1597 in
395 1541 639 1597 veritateiaciant.
1025 1538 1143 1593 lactatus
1157 1542 1201 1593 eet
1228 1538 1259 1595 in
1284 1539 1334 1594 eis.
1366 1540 1504 1597 Triticum
1529 1556 1599 1614 ergo
1627 1545 1656 1596 et
1670 1543 1779 1610 riuum,
1792 1541 1875 1597 cibus

154 1633 253 1688 Padus
270 1637 441 1702 perpetuum.
470 1632 658 1701 Evangeliurn
685 1635 838 1697 eternum,
865 1644 924 1685 nou
939 1632 971 1683 nt
1026 1625 1145 1695 (scilicet
1158 1628 1335 1700 ludaeorum)
1363 1644 1467 1700 corpus
1483 1629 1588 1685 Christi
1610 1644 1639 1684 et
1654 1629 1875 1703 sanguincmsi·

119 1721 204 1776 Vetus
217 1722 444 1787 Testamentum,
460 1718 506 1774 cui
519 1719 644 1775 succedit
670 1717 865 1790 Evangelium.
1027 1714 1212 1787 gnificabaut.
1230 1716 1321 1786 Unde,
1339 1719 1412 1773 Cura
1420 1733 1549 1775 meroem
1564 1724 1603 1775 est
1619 1720 1705 1786 cibus,
1720 1724 1746 1774 et
1760 1720 1875 1787 ronow

154 1810 235 1864 Tuas.
252 1812 278 1864 u.
296 1837 333 1851 -
345 1809 441 1865 Samen
464 1823 564 1863 eorum.
583 1807 704 1873 Fideles,
725 1806 830 1879 quibus
850 1807 974 1878 apostoli
1027 1819 1101 1859 meus
1115 1820 1176 1859 utre
1190 1811 1230 1860 est
1240 1809 1320 1875 potus
1332 1806 1427 1875 (door.
1445 1806 1491 1878 rr).
1507 1808 1565 1863 iloc
1579 1806 1664 1862 bodie
1679 1823 1737 1862 uon
1752 1806 1877 1862 sumitur

115 1898 217 1952 'semen
232 1895 311 1951 verbi
327 1894 639 1967 commiseruntquoda
659 1895 781 1950 Uomino
793 1898 973 1966 acceperunt
1028 1890 1063 1945 ab
1073 1890 1221 1955 haereticis,
1236 1893 1368 1964 paganis,
1381 1893 1499 1962 ludaeis,
1512 1893 1638 1950 inimicis
1648 1895 1789 1951 Ecclesiae.

156 1986 239 2040 Vens.
261 1987 302 2038 ro.
319 2013 354 2025 -
372 1983 500 2040 Gaudere
524 1983 645 2053 promto
660 1984 690 2038 in
706 1982 840 2054 Domino,
864 1999 923 2039 uon
943 1982 974 2039 in
1065 1980 1149 2035 vans.
1168 1981 1209 2035 ro.
1239 2008 1268 2020 ··
1302 1982 1353 2035 Per
1378 1987 1482 2049 portas.
1508 1981 1649 2038 llinistros
1672 1981 1810 2046 Ecclesiae,
1826 1980 1877 2055 qui

120 2070 240 2125 mundo.
1029 2067 1101 2122 alios
1114 2068 1309 2124 introducunt.
1322 2069 1506 2137 Velvirtules,
1520 2086 1585 2142 quae
1600 2070 1708 2126 ducunt
1721 2069 1752 2125 iu
1762 2071 1876 2137 emtum,

161 2160 330 2215 Vestimenta
363 2158 479 2215 solutis:
507 2156 670 2222 virtutibus,
693 2156 748 2229 ipsi
768 2157 891 2227 Christo,
905 2161 974 2228 etc,
1030 2156 1112 2229 quasi
1141 2157 1177 2212 de
1201 2156 1306 2212 virtuts
1340 2157 1371 2212 in
1394 2157 1540 2214 virtutem.
1570 2160 1688 2215 Planum
1712 2162 1797 2227 facite
1815 2161 1877 2217 tter.

121 2248 248 2319 usquead
259 2251 418 2301 tameuuna
429 2247 460 2302 in
469 2246 631 2317 capiteetiu
641 2246 779 2302 membris
792 2247 974 2304 cstEcclesla.
1029 2244 1192 2301 desierendo
1215 2246 1366 2315 scandala3
1382 2246 1412 2302 in
1438 2247 1583 2319 baptismo
1612 2247 1786 2304 remittendo
1810 2262 1879 2319 pec·

156 2339 192 2393 ut
215 2339 297 2406 quasi
329 2350 465 2405 sponsum.
494 2333 618 2390 Alterius
646 2335 869 2405 comparationis
893 2336 976 2408 pouit
1030 2336 1102 2387 cata.
1123 2335 1232 2402 Eliqtte.
1256 2334 1316 2401 l'el,
1340 2333 1473 2406 projicite
1502 2337 1659 2392 secuudum
1681 2335 1879 2409 Septuaginta,

123 2425 262 2496 exempla,
286 2439 412 2496 quorum
435 2423 517 2495 prius
537 2424 574 2479 ad
589 2437 737 2495 sponsum,
754 2438 878 2496 sequeus
890 2423 976 2480 reler-
1031 2421 1107 2493 qood
1119 2425 1170 2489 est,
1188 2423 1296 2478 auferte
1311 2422 1446 2479 duritiem
1461 2424 1637 2480 infidelitatis
1655 2424 1816 2480 acordibus
1829 2424 1881 2481 bo-

124 2518 172 2568 tur
186 2514 221 2569 ad
236 2527 381 2584 sponsam.
760 2575 774 2592 ·
1032 2511 1143 2565 minum
1156 2511 1229 2579 3vel,
1245 2514 1383 2582 reprobos
1397 2518 1425 2567 et
1446 2513 1558 2568 dorosa
1584 2513 1727 2570 consortio
1739 2513 1878 2578 fidelium,

161 2602 241 2657 Vens.
271 2604 317 2658 tl.
348 2631 380 2641 -
406 2603 441 2657 ut
466 2600 594 2656 laudem:
615 2615 706 2668 suam,
734 2604 799 2669 etc,
832 2615 916 2671 usque
939 2602 978 2657 od
1067 2601 1147 2655 vens.
1165 2603 1206 2655 ll.
1229 2601 1369 2656 -Ds'cs'te
1388 2603 1451 2671 plia
1479 2604 1555 2659 Stoa.
1585 2602 1699 2658 Scilicet
1726 2600 1880 2674 primitivas

125 2689 224 2745 reddet
235 2689 357 2745 Uomiuo
370 2689 497 2744 fructum
519 2689 614 2744 laudis
629 2692 656 2743 et
680 2689 766 2743 bonre
791 2688 975 2760 operationis.
1032 2688 1173 2756 Ecclesia,
1185 2703 1250 2760 quas
1260 2705 1292 2744 ex
1306 2690 1411 2746 ludaeis
1428 2690 1578 2762 primurn:
1602 2692 1689 2761 uude,
1707 2690 1772 2747 rrttt
1783 2693 1882 2747 neers

481 2778 593 2834 CAPUT
607 2778 683 2834 Lllll.
1031 2791 1096 2832 mea
1107 2784 1298 2846 poposcerent
1312 2782 1406 2834 contro
1423 2795 1465 2835 nse
1488 2780 1577 2846 (Cant.
1604 2780 1637 2849 sl.
1663 2782 1710 2835 Vel
1724 2778 1882 2835 secuudum

162 2867 243 2921 liuns.
276 2868 300 2920 l.
331 2895 362 2907 -
396 2869 509 2936 Propter
537 2866 611 2923 Sion.
649 2866 754 2938 (Uien.)
782 2866 926 2938 Propheta
946 2866 976 2921 in
1032 2863 1128 2920 illud:
1151 2867 1288 2937 Quotquot
1311 2873 1401 2923 autem
1416 2873 1573 2939 receperunt
1598 2884 1658 2924 eum
1680 2867 1880 2940 (toun.1),etc.

126 2971 250 3028 persona
274 2954 329 3022 sul,
358 2955 507 3026 impendio
535 2955 757 3010 exhilaratusex
784 2954 1013 3020 bisomuibusc
1067 2956 1103 3009 Et
1123 2955 1257 3010 vorabunt
1285 2971 1354 3024 eum,
1399 2954 1542 3011 dicentes:
1571 2958 1627 3012 Vos
1662 2956 1731 3011 estis
1756 2954 1883 3028 populus

128 3060 193 3116 quae
217 3042 327 3097 mundo
356 3043 468 3099 confert
490 3043 579 3099 Pilius
602 3044 777 3099 incarnatus.
799 3046 832 3100 Et
858 3044 977 3112 hocest,
1032 3046 1154 3110 mucius,
1174 3059 1225 3098 vos
1237 3043 1305 3099 estis
1317 3044 1460 3117 redempti
1479 3062 1495 3101 a
1511 3044 1631 3100 Domino
1651 3045 1719 3101 uso.
1744 3043 1882 3101 Sicsuim

126 3135 240 3203 Propter
264 3134 329 3189 Stoa
359 3149 412 3188 rrore
438 3133 538 3200 tacebo,
566 3133 696 3206 quamtis
720 3132 801 3206 loqui
817 3133 977 3206 prohibeat,
1032 3131 1152 3203 quidam
1166 3132 1277 3188 codices
1292 3132 1409 3188 babent.

128 3220 259 3293 qrramvis
274 3224 397 3275 mortem
417 3219 552 3276 minetur.
1370 3221 1482 3277 CAPUT
1495 3221 1585 3277 txttt.

66 3304 69 3307 ’
168 3311 285 3380 Lampus
310 3309 483 3364 asumuntur.
514 3311 635 3380 Lampas
658 3310 899 3378 discebamus
923 3310 978 3365 La·
1067 3309 1148 3363 Vens.
1167 3313 1192 3365 t.
1219 3338 1255 3349 -
1270 3310 1335 3377 Quis
1349 3313 1388 3364 est
1403 3312 1463 3365 tate.
1481 3307 1778 3381 Quidamangsliuou
1792 3307 1879 3380 plene

129 3397 201 3467 tine,
224 3398 319 3452 unde:
337 3399 432 3464 anem
461 3400 522 3451 rent
548 3401 655 3453 mittere
682 3401 712 3453 trs
739 3404 851 3467 terram,
865 3402 891 3453 et
911 3399 980 3468 quet
1032 3401 1237 3468 cognoscentes
1251 3396 1420 3467 mysterium
1436 3397 1651 3465 incarnationis,
1669 3396 1821 3468 passionis,
1835 3412 1882 3453 re·

128 3487 188 3542 eolo
199 3488 255 3541 nist
280 3490 310 3540 ut
324 3484 448 3540 ordeuti
464 3487 521 3541 Hoc
535 3486 664 3541 succensi
688 3486 811 3558 aposloli
826 3486 980 3558 loqueban-
1032 3483 1228 3552 surrectionis,
1248 3484 1378 3539 videntes
1406 3485 1442 3540 ad
1463 3487 1550 3542 coelos
1564 3487 1717 3543 ascendere
1730 3484 1884 3542 Uomiuum

129 3580 177 3629 tur
191 3573 277 3628 variis
291 3573 413 3644 tinguis.
1033 3589 1098 3629 cnm
1114 3573 1299 3628 multitudine
1312 3574 1484 3645 augelorum
1498 3580 1526 3631 et
1552 3581 1715 3632 sauctorum
1734 3574 1886 3631 bominum

166 3660 247 3717 Vens.
271 3664 298 3717 2.
323 3690 357 3703 -
379 3663 479 3719 Nomen
502 3677 609 3717 nouum.
638 3661 702 3732 (inl
721 3662 780 3717 Uos
798 3666 841 3718 est
855 3661 980 3718 Hebraeis
1032 3663 1148 3734 propria
1163 3663 1278 3729 virtute,
1300 3663 1479 3718 uouauxi'io
1502 3666 1681 3735 angelorum,
1706 3663 1887 3721 admirantur

130 3765 164 3805 ex
179 3749 260 3804 novis
279 3750 364 3804 rebus
379 3765 453 3805 nora
470 3749 591 3804 nomina
616 3748 776 3822 imponere,
802 3755 868 3818 ete,
895 3766 981 3822 usque
1033 3750 1252 3817 iucarnationis,
1274 3756 1303 3806 et
1323 3751 1475 3823 passionis,
1503 3757 1533 3808 et
1554 3752 1784 3822 resurrectionis,
1798 3754 1885 3809 elet'·

130 3838 315 3893 adsimililer
326 3838 408 3911 prius
422 3839 531 3906 Simon,
546 3844 644 3910 postea
656 3840 764 3894 Petrus.
1033 3838 1177 3893 censionis
1209 3839 1398 3910 mysterium:
1428 3840 1574 3912 quomodo
1599 3841 1654 3896 sibi
1682 3847 1712 3896 st
1733 3840 1798 3896 aliis
1817 3854 1887 3913 apu-

163 3928 247 3983 Vens.
266 3930 292 3983 3.
311 3956 342 3968 -
371 3928 480 3982 Corone
505 3929 608 3996 gloria.
637 3928 676 3982 Ue
703 3925 838 3981 omuibus
852 3925 981 3998 partibus
1033 3927 1090 3982 riat
1110 3942 1232 3999 reguum
1261 3928 1516 3995 coelorum3unde
1540 3932 1570 3984 ct
1596 3928 1706 4000 angelis
1726 3927 1882 3987 Domiuum

131 4015 243 4085 mundi,
258 4014 340 4087 quasi
355 4030 461 4070 corona
476 4016 657 4070 venientibus
670 4014 812 4070 fidelibus.
1035 4015 1237 4070 comitantibus
1252 4015 1350 4071 dicunt
1363 4031 1370 4070 ε
1385 4020 1452 4087 Quis
1462 4022 1502 4072 est
1516 4017 1625 4087 letetur
1635 4014 1882 4073 Uaridsimiliter:

161 4105 242 4159 Vens.
265 4105 292 4159 4.
320 4133 351 4144 -
375 4106 434 4161 Nou
453 4104 603 4159 vocaberis.
630 4104 783 4159 Ecclesiam
806 4103 841 4160 da
861 4108 982 4176 utroque
1035 4104 1101 4170 Quis
1116 4108 1156 4159 est
1169 4106 1283 4160 isleras
1296 4105 1415 4175 gloria?
1430 4105 1513 4175 (Paul.
1542 4107 1632 4178 1:111).
1662 4092 1889 4160 Videturtamen

132 4193 238 4263 populo
251 4192 418 4264 alloquitur,
442 4193 538 4265 quasi,
554 4209 612 4247 uon
637 4193 692 4247 hoc
707 4193 911 4248 vocabulorum
924 4192 982 4248 llus
1037 4194 1181 4264 Augustus
1194 4190 1289 4246 dicere
1315 4205 1404 4262 super
1426 4190 1558 4247 Genesim
1587 4191 1664 4269 quod
1681 4206 1780 4247 omnes
1794 4189 1890 4262 augeli

132 4281 341 4336 coutentaeril.
996 4244 1018 4299 ὓ
1038 4281 1146 4352 abipsa
1173 4279 1316 4335 creatione
1344 4295 1405 4347 sua,
1425 4279 1522 4335 statim
1549 4285 1745 4352 coguoverunt
1767 4280 1799 4337 iu
1821 4294 1890 4337 eou-

168 4369 248 4423 Vrns.
263 4372 292 4423 5.
311 4399 345 4410 -
366 4368 553 4438 atqueatoue,
577 4374 631 4424 etc.
649 4372 762 4440 Propter
784 4371 831 4425 too
850 4370 983 4440 relinquet
1037 4368 1278 4440 templationesui
1291 4368 1438 4434 creatoris,
1450 4368 1590 4440 quidquid
1606 4368 1735 4440 ipsaerat
1748 4368 1888 4436 lecturus,

134 4457 210 4512 bomo
232 4460 339 4527 putrem
360 4461 387 4512 et
410 4462 524 4512 matrem
542 4459 622 4525 (Gen.
653 4458 902 4526 usitandum).
935 4458 984 4514 Su·
1038 4455 1229 4527 Hieronymus
1246 4459 1341 4510 aulem
1356 4461 1456 4526 aperte
1471 4455 1598 4511 declarat
1622 4455 1691 4528 quia
1705 4456 1889 4529 quidamau·

133 4551 299 4599 aramentum
314 4547 362 4600 boc
384 4561 513 4614 magnum
537 4551 577 4601 est
591 4548 620 4600 trs
634 4547 747 4601 Otrtsto
765 4553 791 4601 et
815 4548 844 4601 trs
866 4546 984 4602 Ecclesia
1039 4545 1106 4617 geli,
1122 4545 1213 4600 donec
1227 4545 1413 4617 perficeretur
1437 4545 1607 4617 mysterium
1621 4544 1837 4616 iucarnationis,
1851 4545 1888 4602 ad

135 4633 245 4706 (Eptes.
261 4633 297 4704 v).
1038 4635 1157 4705 plenum
1176 4649 1234 4688 nou
1250 4638 1455 4704 cognorerunt.

178 4722 258 4776 Vens.
288 4725 314 4777 e.
340 4752 374 4763 -
405 4724 493 4792 Super·
518 4737 609 4778 muros
638 4727 706 4777 tuos.
732 4720 796 4793 (ln.)
824 4723 984 4794 Apostolos,
1075 4725 1117 4778 De
1137 4723 1232 4779 Edem.
1261 4721 1350 4776 Edom
1375 4722 1421 4791 (ex
1450 4722 1542 4792 Ureu.)
1570 4721 1606 4778 ab
1627 4721 1724 4777 edulio
1749 4721 1891 4778 rutulan-

133 4810 345 4882 prurdicatores,
361 4810 411 4882 qui
435 4810 589 4866 Ecclesiam
613 4811 756 4878 muniunt,
784 4826 907 4883 quorum
932 4827 984 4867 cu·
1041 4812 1085 4874 lis.
1103 4817 1170 4882 eto,
1192 4826 1276 4880 usque
1290 4810 1327 4864 ud
1340 4811 1384 4865 vel
1396 4810 1431 4866 de
1449 4808 1561 4865 interno
1576 4810 1698 4882 spoliato
1720 4812 1811 4866 victor
1826 4825 1892 4866 curu

134 4898 229 4954 stodes
263 4899 359 4971 angeli
383 4904 462 4956 suut.
505 4899 605 4955 Unde:
634 4900 730 4956 Omnes
754 4899 987 4956 administratorii
1041 4900 1173 4957 lidelibus
1190 4899 1258 4954 suis.

134 4989 335 5058 spiritussunt,
362 4992 475 5060 propter
500 5003 543 5044 eos
565 4990 652 5057 miset,
669 4990 720 5058 qui
745 4988 929 5044 hereditatem
943 5005 986 5046 eo·
1076 4991 1220 5045 Formosus
1245 4988 1365 5043 instato.
1398 4987 1565 5042 Formosum
1584 4985 1718 5041 calidum.
1737 4984 1891 5042 endebr-

44 5118 47 5122 .
130 5079 213 5147 piant
234 5078 332 5131 solutis
354 5076 445 5142 (Plebs.
472 5077 501 5144 r).
532 5077 583 5131 Vel
599 5076 676 5132 muri
704 5075 893 5132 Ecclesiarum
920 5091 987 5149 apo-
1042 5094 1137 5133 mosus
1153 5076 1234 5149 quasi
1249 5075 1367 5142 calidus,
1397 5074 1464 5146 quia
1486 5089 1519 5128 ex
1550 5073 1646 5128 colore
1670 5072 1776 5127 rubeus
1800 5076 1889 5129 etro·

134 5166 272 5219 stolorum
285 5164 429 5236 discipuli,
445 5180 570 5236 quorum
586 5169 718 5220 custodes
732 5163 787 5236 ipsi
799 5164 931 5236 apostoli.
1041 5182 1105 5222 seus
1120 5165 1243 5221 allicitur
1257 5165 1362 5234 vultus,
1377 5169 1406 5218 et
1419 5162 1485 5217 iuda
1494 5161 1651 5233 speciosus.

153 5255 274 5310 Tarsi.
291 5282 327 5296 -
349 5256 435 5310 Utres
461 5259 546 5324 portat
572 5255 730 5309 tuusulem.
760 5251 841 5319 qnod
869 5257 922 5322 est,
942 5253 987 5308 vel
1066 5255 1158 5310 'Vens
1191 5248 1218 5309 t.
1241 5282 1276 5296 -
1304 5254 1393 5321 (tuere
1415 5265 1486 5319 erqo.
1525 5250 1590 5319 (ln.)
1614 5251 1761 5320 Tanquam
1795 5246 1891 5304 dicant

135 5343 199 5415 ipsa
214 5345 300 5415 louge
313 5343 427 5415 lateque
441 5342 557 5413 diffusa,
579 5342 686 5415 ubique
700 5342 842 5411 laudetur,
862 5341 907 5398 rel
922 5340 986 5397 ubi·
1041 5341 1156 5413 angeli:
1186 5340 1352 5409 Uidicimus,
1378 5344 1442 5405 etc,
1467 5353 1552 5408 usque
1571 5338 1609 5392 od
1641 5334 1733 5408 magis
1760 5333 1812 5390 tibi
1834 5334 1893 5391 cle·

137 5448 193 5503 que
208 5432 306 5487 laudet
322 5448 436 5504 semper
447 5425 606 5487 createrem
621 5447 715 5488 suum.
1041 5429 1150 5486 mentia
1162 5429 1297 5485 convenit
1312 5444 1399 5500 quam
1413 5427 1573 5482 crudelitas.

152 5521 233 5577 vans.
251 5523 277 5576 8.
291 5519 326 5563 -'
340 5523 452 5579 mouit
465 5536 518 5595 per
541 5519 645 5576 Filium
665 5519 780 5586 scilicet,
796 5519 848 5593 qui
866 5517 985 5575 Ueivir·
1077 5518 1159 5575 Vens.
1185 5520 1211 5573 3.
1231 5545 1267 5559 -
1296 5517 1384 5573 Solus.
1403 5515 1496 5572 Solus
1514 5515 1633 5571 Samson
1652 5511 1777 5587 precisis
1798 5510 1893 5574 erlui-
