3892 6106
54 248 124 303 ress
626 243 752 300 ocosse
770 243 972 301 onurusnu.
992 272 1026 284 -
1045 245 1110 301 un.
1132 247 1243 303 isare.
1576 235 1608 293 “.
1733 254 1802 313 1200

91 371 175 426 vaes.
198 371 241 425 ts.
262 398 297 409 -
312 370 373 425 Nou
388 366 664 434 inobscondito,ete.
683 366 745 438 (lu.)
766 366 839 423 Olim
868 365 939 422 ind
988 366 1072 424 Vens.
1094 370 1137 422 to.
1152 395 1189 409 -
1217 368 1404 426 denuntians.
1421 370 1654 444 Perprophetas,
1680 379 1801 433 uicum

55 463 153 514 moute
178 456 257 513 Sinai
281 456 458 511 uuitsntum
489 456 598 527 populo
619 454 711 511 dixit:
741 457 801 513 Nou
825 458 904 511 uano
956 455 1093 526 praeuieta
1106 456 1263 528 implevero
1278 472 1330 528 per
1343 456 1560 527 divinationem,
1575 459 1604 515 id
1619 464 1662 516 est
1675 463 1802 534 prophe-

54 547 107 603 rios·
127 547 171 603 dii
192 546 277 602 olunt
304 543 406 616 (Euod.
424 543 484 615 rr).
517 543 702 616 Evangelium
728 547 824 599 autem
852 557 904 614 per
957 547 1016 598 tam
1030 543 1232 615 praedicentem
1247 544 1354 607 iutnra,
1365 546 1484 618 probem
1498 546 1676 605 divinitatem
1696 566 1802 608 meam.

54 635 201 706 apostolos
226 632 360 689 omuibus
383 631 518 704 gentibus
544 630 717 702 praedicavit,
750 630 904 686 uude:1n
992 633 1186 690 Nouissimum.
1209 635 1414 691 Nossemusiu
1428 650 1494 705 quos
1507 635 1747 707 fiuesseculorusn
1761 639 1805 695 ds·

54 739 158 780 omnem
174 728 277 778 terrum
291 722 378 776 euicit
388 735 468 776 sonus
481 736 572 776 eorum
588 720 669 791 (Psoi.
680 719 767 791 xrrrr).
956 723 1089 775 uerenini
1102 722 1130 791 (I
1143 721 1202 778 Cor.
1225 721 1252 793 x)
1270 738 1276 776 :
1301 723 1334 777 Et
1352 721 1422 778 alibi
1437 740 1444 778 ε
1461 725 1500 778 At
1512 724 1560 779 ubi
1573 728 1647 781 uenit
1663 725 1806 795 plerrs'irsdo

90 814 150 869 Nou
165 811 240 866 dut.
256 811 369 882 illius.)
383 808 512 865 Primum
523 807 639 880 quidem
650 807 686 862 ad
695 807 808 863 iudaeos
824 805 902 862 reni:
958 810 1086 878 turperis
1100 810 1175 864 misit
1190 811 1368 865 Deusllr'timn
1395 825 1473 866 suum
1495 811 1558 881 (tici
1583 814 1631 883 iv).
1656 814 1698 869 Et
1715 812 1806 871 loon·

54 904 84 955 et
107 906 140 955 ut
176 898 308 955 umbram
338 897 410 969 legis
439 897 643 968 relinquentes,
676 895 824 952 veritatem
857 911 904 950 se·
957 896 1135 965 ueszuttiott,
1151 895 1256 968 inquit,
1273 899 1422 953 nouissimo
1440 898 1507 953 toro
1520 902 1560 955 est
1573 900 1601 972 (Ι
1613 901 1692 955 Joon.
1709 899 1751 972 rr).

55 983 376 1059 querenrundmonui.
994 984 1141 1041 Consilium
1157 1001 1164 1039 ι
1182 983 1342 1040 redimendi
1369 985 1511 1041 mundum
1525 1002 1578 1058 per
1603 987 1717 1056 Filium,
1732 1004 1806 1061 qua-

92 1078 367 1131 Annuntionsreotu.
395 1073 430 1127 Ut
460 1077 590 1127 creatura
618 1072 781 1127 Creatorem
797 1070 904 1138 adoret,
959 1071 993 1138 si,
1009 1071 1160 1126 consilium
1177 1086 1273 1127 meum
1292 1077 1431 1128 statutum
1453 1089 1529 1130 uuna
1544 1075 1619 1142 dico,
1636 1078 1805 1135 utcumri·

54 1171 90 1219 ut
103 1163 211 1219 relictis
221 1161 323 1234 liguris
333 1164 470 1232 sequatur
480 1159 629 1215 ueritatem
656 1158 815 1230 Evangelii.
960 1158 1215 1228 deritisetiectum,
1230 1160 1324 1216 sciatis
1339 1161 1452 1217 nullum
1476 1178 1537 1219 esse
1559 1164 1651 1221 ileum
1674 1165 1732 1220 uisi
1753 1166 1805 1238 qui

91 1253 177 1307 Vens.
194 1253 242 1307 20.
260 1251 472 1306 mliesciensnt.
506 1249 665 1303 Nolueruut
688 1248 759 1329 scire
788 1248 906 1320 quidam
960 1248 1479 1322 luturacognoritettieripraeoepit.

53 1344 237 1396 remanentes
257 1339 286 1394 in
301 1354 408 1406 errore,
438 1337 657 1392 simulacrorum
686 1335 792 1391 scilicet
819 1330 931 1391 onere'
995 1337 1077 1392 Vens.
1095 1341 1136 1393 ll.
1154 1367 1187 1380 -
1206 1339 1310 1394 Vocuus
1323 1339 1358 1393 ob
1373 1341 1474 1395 oriente
1484 1356 1583 1397 ouen:
1609 1340 1671 1414 (ln)
1695 1342 1805 1400 Secun-

54 1429 176 1501 gresati,
187 1434 215 1483 et
229 1431 376 1500 sperantes
389 1426 418 1481 in
433 1425 537 1498 quibus
553 1441 611 1479 non
626 1429 669 1480 est
686 1424 775 1480 salus.
961 1424 1031 1481 dum
1047 1425 1181 1481 Hebraeus
1196 1427 1299 1498 Cyrum
1308 1443 1406 1498 regem
1418 1429 1580 1496 Persarum,
1595 1434 1661 1498 eta,
1670 1446 1755 1501 usque
1768 1433 1807 1488 od

92 1519 175 1574 Vens.
192 1520 240 1574 21.
259 1548 292 1557 -
307 1516 506 1574 corniliomini.
525 1515 561 1569 Ut
575 1529 675 1569 omues
687 1528 739 1584 per
764 1513 908 1569 mundum
961 1518 990 1570 et
1005 1530 1091 1586 quem
1117 1515 1190 1586 biugi
1206 1515 1241 1570 ab
1258 1515 1369 1571 oriente
1385 1516 1531 1573 venientes
1545 1519 1746 1576 adoraverunt.

55 1614 157 1662 euntes
184 1606 261 1661 idem
285 1604 471 1660 annuntietis.
502 1603 552 1658 llic
573 1602 651 1657 euim
674 1602 760 1657 simui
792 1601 943 1700 symbo-B
997 1604 1079 1659 Vens.
1099 1606 1188 1658 tt-
1207 1605 1450 1671 Dnrocosdeoui
1467 1623 1581 1680 semper
1600 1608 1731 1665 resistitis
1756 1626 1806 1667 re·

54 1698 117 1751 lnm
141 1697 367 1765 composuerunt
381 1692 416 1747 de
430 1690 569 1746 trinitate
584 1690 740 1757 eternitate,
762 1690 797 1746 de
824 1705 903 1745 com·
962 1690 1051 1760 rituti,
1065 1691 1160 1764 primu
1176 1693 1332 1764 prophetis,
1348 1695 1474 1762 tandem,
1491 1700 1520 1751 et
1532 1696 1614 1753 l'ilio.

55 1785 196 1840 munione
214 1782 355 1849 Ecclesia,
371 1781 406 1835 de
421 1779 549 1852 generali
563 1779 778 1834 resurrectione.
1261 1781 1376 1838 CAPUT
1395 1782 1500 1839 xtvll.

93 1872 216 1930 Praediui
230 1870 311 1926 illud.
323 1871 425 1925 Gentes
439 1884 500 1923 esse
529 1867 689 1937 salvandas,
714 1868 763 1922 sed
795 1866 903 1923 idolum
996 1869 1076 1923 vans.
1108 1872 1132 1924 ι.
1162 1897 1196 1908 -
1225 1870 1366 1937 Descende,
1408 1871 1480 1937 sede,
1507 1860 1560 1928 ιιι.
1598 1873 1706 1944 (lirun.)
1734 1876 1806 1942 Quia

58 1963 130 2019 nihil
146 1958 565 2032 essesquandolocutussum
580 1957 713 2022 nbrahoe,
729 1954 905 2028 velquaudo
961 1973 1061 2012 omnes
1087 1961 1226 2013 creaturos
1258 1958 1309 2012 Dei
1326 1975 1438 2028 sumus,
1462 1976 1517 2015 nec
1536 1961 1619 2032 juxta
1645 1963 1805 2034 haereticos,

56 2050 235 2122 pegemdedg
960 2050 1063 2101 natura
1080 2044 1231 2116 Babylonis
1258 2045 1443 2112 damnabilis;
1474 2048 1518 2103 vel
1546 2049 1582 2104 ob
1612 2051 1756 2110 luxuriam
1778 2058 1809 2110 et

93 2142 179 2196 Vens.
205 2141 252 2194 2³.
282 2165 312 2176 -
340 2133 513 2203 Eureditur:
535 2131 566 2188 in
588 2131 731 2187 mundum
754 2128 906 2186 visibiliter
961 2139 1096 2190 ornatum
1113 2133 1322 2206 potentissimae
1338 2134 1427 2205 urbis,
1447 2137 1684 2209 quaejamseuex
1707 2146 1736 2198 et
1760 2142 1807 2198 vi·

58 2230 90 2286 5„
105 2242 200 2283 wne,
220 2277 226 2291 ι
961 2220 1025 2276 cina
1034 2219 1146 2276 occasui
1161 2220 1358 2292 virgunculam
1373 2237 1402 2276 se
1417 2226 1447 2276 ιι
1456 2223 1583 2290 puellam
1599 2225 1698 2295 jactet.

95 2312 347 2378 iustitiaeuortum,
379 2310 559 2366 tiliusdoneo
586 2307 779 2365 obedientiam
800 2306 906 2378 impie·
995 2310 1117 2364 vanni
1133 2337 1168 2352 -
1183 2308 1326 2375 Farinam,
1342 2309 1387 2364 vel
1402 2309 1508 2365 coitum
1535 2311 1633 2381 praebe
1660 2313 1749 2369 ldedis
1779 2319 1808 2371 et

59 2406 143 2473 serit,
168 2409 233 2469 etc,
249 2417 333 2472 usque
360 2400 397 2455 od
422 2400 500 2472 quod
525 2398 616 2455 ludaei
643 2397 779 2469 superbia
802 2394 907 2451 mentis
963 2397 1069 2463 Persis,
1081 2397 1133 2469 qui
1147 2396 1178 2452 iu
1194 2396 1248 2452 hoc
1262 2396 1465 2452 ferventissimi
1479 2405 1556 2454 sunt.
1569 2400 1733 2457 Secundum
1750 2403 1804 2459 lroc

60 2495 290 2550 demonstrantes
305 2489 424 2545 omuino
439 2504 497 2543 uon
511 2487 628 2543 iaciunt.
961 2485 1061 2541 dicunt
1084 2483 1204 2553 Hebraei,
1232 2483 1307 2556 quod
1338 2484 1495 2542 Philisthaei
1521 2487 1687 2545 Samsonem
1717 2490 1808 2548 erutis

95 2584 177 2638 Vens.
216 2580 261 2635 25.
291 2610 325 2620 —
354 2581 512 2633 Iullomino
540 2577 620 2632 dicet.
662 2574 768 2631 Omnes
807 2577 908 2646 gentes
963 2572 1052 2628 oculis
1075 2573 1184 2627 molere
1210 2577 1376 2644 coegerunt,
1409 2573 1439 2629 id
1472 2579 1515 2630 est
1542 2592 1607 2632 cum
1635 2577 1806 2636 mulieribus

62 2673 148 2730 etiem
174 2670 317 2738 Barbarae,
344 2667 448 2722 nonin
477 2664 639 2736 synagogis,
655 2664 705 2720 sed
722 2663 752 2719 iu
776 2660 907 2720 Ecclesiis
962 2661 1021 2717 suis
1035 2661 1127 2728 coire·
1140 2664 1173 2716 ut
1186 2677 1221 2716 ex
1235 2677 1269 2716 eo
1292 2661 1469 2734 susciperent
1482 2662 1613 2720 homines
1643 2681 1756 2739 maguae
1782 2670 1811 2723 et

60 2747 239 2818 c'onfipemgg
962 2749 1135 2805 invincibilis
1148 2752 1275 2806 staturae.

376 2826 488 2880 esent
507 2824 595 2879 XLVI.
999 2839 1078 2893 Vsus.
1109 2840 1138 2894 3.
1156 2865 1192 2879 -
1215 2839 1256 2893 Et
1277 2854 1330 2894 non
1354 2841 1470 2908 resistet,
1502 2841 1585 2906 sicut,
1614 2843 1723 2916 lloyses
1750 2845 1810 2903 lieo

97 2942 179 2995 Vsus.
198 2941 223 2992 l.
246 2964 278 2976 -
309 2935 524 2999 conformasset
546 2932 599 2986 liet.
616 2929 733 2998 (Hire.)
768 2929 836 2983 Post
858 2944 906 2983 vo·
922 2930 943 2985 C
960 2926 1068 2982 volenti
1081 2926 1176 2982 delere
1186 2926 1261 2981 tilios
1276 2927 1375 2983 lsrael.
1389 2926 1538 3001 Significat
1560 2935 1657 2986 autem
1674 2933 1809 3004 angelum

62 3028 205 3085 ostionem
217 3022 348 3094 gentium
364 3019 515 3091 subjicitur
529 3018 684 3074 destructio
700 3017 853 3072 idolorum.
964 3014 1101 3086 Babyloni
1117 3014 1326 3085 prepositum:
1353 3015 1403 3087 qui
1426 3031 1491 3071 curu
1507 3016 1573 3072 eliis
1601 3018 1662 3075 ait:
1692 3021 1809 3079 Curavi·

98 3114 184 3171 Noto.
209 3110 287 3166 ltubo
314 3111 357 3162 est
387 3121 499 3173 aarum,
526 3110 592 3170 etc,
616 3119 701 3173 usque
729 3102 767 3158 ud
794 3107 824 3157 et
846 3118 910 3173 pro-
963 3118 1022 3159 mus
1037 3103 1209 3172 Babylonem,
1225 3108 1251 3158 et
1264 3119 1317 3158 uon
1332 3108 1370 3159 est
1384 3109 1493 3160 sonato.

63 3202 162 3276 phetia
189 3199 368 3263 daemouum,
405 3199 433 3249 et
457 3192 596 3249 divinatio
633 3207 784 3264 magorum
807 3190 844 3246 ed
863 3190 910 3244 ui-
997 3193 1118 3248 Vsusi.
1135 3221 1170 3233 -
1189 3193 1265 3248 Sede.
1291 3191 1444 3248 Sermoed
1473 3194 1646 3267 Babylonem
1675 3197 1809 3268 refertur,

63 3292 155 3346 hilum
171 3288 359 3344 devenerunt,
965 3283 993 3335 et
1006 3279 1089 3351 quasi
1103 3279 1247 3352 quondam
1262 3280 1503 3352 reginam,1uodo
1524 3283 1659 3340 ancillam
1683 3287 1811 3362 elloqui-

101 3379 239 3434 Bestiiset
250 3375 392 3444 jumentis.
411 3370 472 3442 (lu.)
498 3369 604 3425 Bestias
627 3368 705 3425 euim
731 3372 759 3424 ιι
780 3368 912 3439 jumenta
964 3372 1021 3422 tur.
1037 3367 1107 3423 Sede
1129 3367 1247 3423 humilis
1271 3372 1300 3424 et
1325 3369 1399 3425 vilis.
1428 3373 1500 3426 Tace
1520 3377 1553 3428 ut
1568 3373 1658 3430 tristis
1680 3378 1811 3435 conside·

65 3466 232 3528 adorabant,
244 3467 272 3517 et
286 3461 366 3531 regio
375 3475 476 3514 eorum
489 3458 633 3531 plerisque
641 3456 755 3529 oppidis
769 3472 801 3512 er
814 3455 912 3512 bestiis
966 3472 1032 3512 raus
1043 3455 1190 3511 miseriam
1205 3461 1298 3512 tuam.

65 3546 528 3625 etjumeutis,quaeadorebant,
554 3547 674 3602 nomina
702 3544 852 3616 imposuit,
881 3548 913 3599 ut
1003 3546 1085 3601 Vens.
1102 3545 1285 3601 ti.-lrotus
1296 3561 1365 3602 sum.
1377 3546 1497 3603 Causam
1513 3549 1608 3605 reddit
1619 3567 1708 3623 quare
1733 3553 1815 3612 Chal·

66 3644 183 3709 scilicet,
199 3642 322 3695 leonata
337 3654 352 3691 a
368 3637 470 3704 Leone,
481 3641 510 3690 ιι
523 3636 578 3691 sliu
591 3634 765 3705 hujusmodi.
967 3633 1045 3689 daeos
1059 3633 1097 3688 ita
1113 3632 1257 3702 afflixerit,
1271 3650 1306 3688 ue
1317 3634 1378 3690 sine
1393 3651 1477 3690 causa
1487 3637 1587 3694 fecisse
1600 3639 1755 3710 videretur,
1765 3645 1814 3716 qui

103 3734 186 3788 Vnns.
203 3732 229 3784 i.
250 3727 340 3781 -Ει
355 3728 562 3780 onimoeorum.
580 3723 641 3777 Nou
656 3722 733 3793 quod
761 3720 914 3775 simulacra
966 3722 1039 3777 nihil
1067 3722 1128 3777 siue
1147 3736 1232 3776 causa
1262 3726 1411 3793 operatur;
1427 3728 1456 3778 et
1481 3732 1654 3796 cognoscant
1677 3729 1813 3801 Chaldaei,

66 3817 338 3881 lrabeautanimam,
355 3810 568 3882 etc.,usqueod
595 3826 666 3881 quas
681 3809 797 3864 diabolo
812 3813 841 3864 et
853 3809 912 3864 dm·
967 3809 1036 3882 quia
1049 3809 1150 3865 nonin
1176 3809 1284 3864 viribus
1296 3809 1354 3864 suis
1366 3818 1572 3881 superaverunt
1597 3817 1739 3887 populum
1753 3819 1813 3874 Dei.

69 3909 202 3966 „mnibus
216 3902 386 3974 subjugavit,
1003 3899 1084 3955 Vsus.
1099 3901 1128 3954 9.
1161 3927 1196 3939 -
1213 3899 1318 3955 Subito.
1335 3900 1372 3954 Cr
1398 3899 1554 3972 improviso
1588 3903 1716 3961 irruente
1741 3907 1815 3979 Cyro

105 3999 183 4051 Vens.
220 3997 246 4051 3.
286 4022 320 4033 -
349 3993 447 4046 Domus
488 3989 578 4044 Jacob.
609 3987 673 4042 Non
700 3985 769 4041 dicit
815 3985 912 4053 iacob,
968 3991 996 4043 ιι
1011 3988 1106 4042 Dario.
1123 3988 1186 4042 Non
1203 3987 1280 4043 euim
1309 3988 1455 4045 metuebat
1474 3993 1505 4043 ut
1527 4007 1544 4045 a
1564 3992 1650 4047 ldedis
1670 3997 1698 4049 ιι
1723 3995 1816 4051 Persis

68 4085 142 4141 servi
179 4083 247 4150 mei,
287 4079 367 4134 electi
397 4078 454 4133 mei
482 4093 547 4131 curn
587 4074 745 4148 adjectione
783 4073 912 4139 honoris,
968 4074 1030 4146 (qui
1044 4075 1122 4129 illius
1133 4075 1347 4146 comparatione
1363 4076 1471 4132 nullius
1481 4082 1564 4133 erant
1581 4079 1767 4151 fortitudinis,
1788 4091 1816 4140 ιι

69 4173 118 4228 sed
145 4169 332 4242 simpliciter:
363 4171 392 4222 et
423 4165 580 4237 alloquitur
610 4168 748 4236 tauquam
787 4162 950 4262 carnalesD
968 4160 1425 4237 ipsisubjecti)possetsupersri.

68 4268 98 4317 et
113 4260 301 4315 recedente„
317 4253 540 4310 mandaijssuis,
1004 4250 1086 4307 Vane.
1106 4255 1147 4306 lt.
1162 4280 1197 4293 -·
1227 4254 1334 4310 Nescius
1361 4258 1460 4310 utum.
1486 4256 1523 4310 Cr
1548 4255 1694 4329 insperato
1722 4259 1818 4318 reniet

106 4350 160 4414 Qui
192 4346 352 4416 portamini.
391 4341 446 4407 Qui
486 4339 639 4412 gestamini
667 4343 806 4411 tauquam
842 4338 917 4393 ietrrs
972 4338 1128 4406 calamites,
1153 4355 1205 4394 uec
1231 4357 1245 4394 a
1271 4341 1364 4413 magis
1390 4359 1442 4399 neo
1467 4342 1572 4400 divinis
1599 4346 1745 4417 predicte,
1770 4349 1817 4406 de·

69 4439 224 4506 conceptus
252 4448 304 4505 per
337 4432 481 4485 desertum
519 4444 611 4501 usque
640 4428 676 4484 ad
710 4432 815 4483 terrem
847 4442 916 4498 pro·
972 4431 1100 4500 spectum
1126 4427 1202 4482 enim
1217 4430 1418 4501 etsubjectum
1433 4433 1574 4504 populum
1595 4434 1816 4494 nontimehaut.

69 4524 222 4580 missionis.
260 4521 312 4576 ltiu
350 4519 427 4574 euim
468 4516 611 4590 patienter
649 4533 698 4572 eos
735 4514 915 4587 exspectarit,
1007 4515 1085 4570 vass.
1103 4518 1146 4572 ld.
1166 4546 1200 4557 —
1229 4519 1358 4586 Augures
1383 4521 1451 4576 coeii.
1479 4523 1633 4594 Astrologi,
1676 4524 1726 4597 qui
1766 4541 1819 4598 per

69 4619 99 4668 et
127 4614 157 4666 in
187 4617 263 4665 terra
289 4605 498 4681 promissionis,
535 4609 563 4660 et
590 4610 654 4677 post
680 4603 842 4677 passionem
866 4620 918 4676 per
972 4605 1066 4659 stellas
1090 4602 1283 4659 arbritrantur
1297 4607 1395 4661 omnia
1411 4609 1484 4680 regi.
1500 4610 1586 4675 Quasi
1607 4612 1702 4668 dicat:
1731 4613 1819 4678 Quasi

68 4702 141 4756 duo,
152 4704 180 4753 et
193 4695 381 4769 quadraginta
396 4709 496 4749 annos,
973 4708 1029 4748 nou
1045 4691 1234 4762 providerunt
1249 4693 1345 4748 omnia
1366 4695 1440 4750 tibi?
1462 4697 1494 4751 lli
1522 4699 1609 4769 vulgo
1638 4702 1820 4773 appellantur

108 4780 817 4852 Vsus.5.—Cuiossinaitostis‘llueospraecipue
837 4780 918 4836 iure·
973 4778 1177 4849 mathematici,
1219 4779 1270 4851 qui
1294 4796 1379 4835 cursu
1403 4787 1546 4840 astrorum
1575 4803 1620 4842 res
1658 4791 1820 4847 mundanas

70 4878 161 4943 lritur,
173 4875 223 4947 qui
234 4879 365 4944 tempore
378 4871 470 4927 Achae
486 4875 514 4925 et
524 4858 920 4925 Ezechielieidolacolueruut
972 4871 1076 4940 putant
1090 4867 1163 4938 regi,
1179 4868 1255 4923 unde
1272 4884 1279 4923 :
1297 4870 1340 4924 Ab
1355 4872 1456 4926 seierus
1485 4878 1616 4929 ommutui
1637 4880 1715 4947 moui
1727 4878 1820 4935 diceu-

72 4967 102 5020 in
113 4964 228 5036 anguiis
243 4963 417 5034 platearum,
433 4959 463 5013 in
474 4957 575 5026 hortis,
587 4955 700 5012 inlusis
714 4956 916 5028 superdomos.
974 4961 1032 5011 tes:
1066 4954 1192 5013 Vidimus
1222 4957 1329 5012 stettom
1352 4959 1412 5028 ejus
1435 4961 1465 5015 in
1488 4964 1589 5017 oriente
1622 4964 1744 5037 (linitis.)
1761 4968 1820 5037 Vel,

106 5052 191 5106 Vens.
224 5053 250 5105 8.
278 5051 480 5104 -lliomentote
494 5045 579 5101 istud.
606 5045 678 5110 Quia
706 5061 756 5099 ros
774 5044 863 5116 genui
891 5049 919 5100 et
974 5042 1140 5100 evaticiuiu
1158 5043 1272 5099 Balaam
1288 5046 1447 5117 provocati,
1465 5047 1716 5119 quieitztlrietur
1744 5057 1823 5112 stetis

71 5154 163 5210 usque
188 5136 223 5191 ad
252 5141 397 5191 senectam
426 5132 549 5205 portavi,
593 5132 716 5188 deserite
744 5131 822 5189 idola
853 5147 919 5204 qrrre
973 5132 1101 5188 eulooob
1117 5133 1209 5203 (Num.
1226 5137 1312 5202 xrrv).

72 5225 188 5293 fecistis,
202 5230 230 5279 et
245 5223 281 5279 ad
293 5222 379 5279 unius
392 5221 441 5279 Dei
454 5221 563 5276 cultum
571 5219 758 5275 reverimini.
1009 5220 1090 5275 Vsus.
1114 5221 1158 5276 l-i.
1172 5249 1207 5263 ·-
1229 5221 1309 5278 Focti
1330 5228 1394 5278 sunt
1415 5225 1497 5295 quusi
1516 5225 1630 5295 stipulo,
1653 5231 1707 5281 etc.
1734 5227 1820 5287 LXX:

109 5315 157 5371 Ad
180 5329 234 5369 eor.
265 5312 457 5378 Intellectum,
488 5308 539 5382 qui
568 5307 650 5380 quasi
676 5307 775 5363 hestiae
799 5307 939 5400 vixistis„
975 5308 1086 5363 liabens
1104 5308 1241 5364 carbones
1259 5309 1346 5381 ignis,
1363 5311 1474 5367 sedebis
1490 5327 1576 5385 super
1600 5328 1660 5380 eos,
1675 5312 1706 5368 tri
1737 5319 1824 5372 eruut

73 5403 227 5459 simulacra
239 5403 416 5467 venerantes,
435 5402 467 5452 ut
493 5395 593 5452 iuriosi
608 5399 638 5450 et
664 5394 743 5466 ligne
762 5395 792 5449 in
812 5394 921 5467 lapides
973 5395 1027 5451 tibi
1042 5395 1072 5450 iu
1088 5395 1273 5467 adjutorium.
1291 5397 1387 5466 Quasi,
1400 5399 1537 5454 Gazareui
1548 5403 1577 5454 et
1604 5399 1681 5471 magi
1696 5416 1750 5473 per
1777 5419 1823 5460 er·

73 5490 281 5563 impingente„
974 5499 1069 5540 rorem
1102 5483 1213 5540 ducunt
1234 5490 1260 5540 te
1280 5487 1314 5541 ad
1335 5485 1509 5558 superbiam.
1532 5486 1702 5545 Incendium
1726 5494 1824 5549 autem
1849 5502 1852 5509 ’

250 5593 387 5660 Persou.
414 5588 520 5656 Clilll.
538 5560 553 5584 ⁰
1631 5599 1669 5656 tl
