3892 6106
91 241 138 294 8111
423 231 623 289 wlbaFltlltl
641 232 763 288 sanast
780 230 882 287 FULD.
895 228 1067 287 11011011.
1085 227 1173 284 PARS
1187 227 1208 281 1.
1227 254 1262 265 -
1276 221 1510 282 annotantes.
1796 226 1843 279 811

91 359 170 427 dicit,
198 373 264 430 quae
296 356 364 412 inde
388 356 463 410 bona
491 353 563 409 sibi:
593 355 747 423 Ecquisiui
784 353 977 408 Dominumd
1031 350 1222 406 11111111-
1243 348 1351 404 Diome
1374 347 1491 402 amaia.
1521 345 1629 418 (Cass.)
1644 343 1708 401 Boc
1736 346 1845 416 culpam

89 450 136 504 Ea
150 446 282 502 amnibus.
310 446 372 500 Nou
393 448 513 515 possunt
542 442 736 514 particulatim
763 440 819 496 dici
834 445 942 513 quanta
995 439 1075 506 ritat,
1092 443 1158 505 cte,
1171 452 1256 507 usque
1279 437 1318 491 ad
1329 435 1413 490 aliter
1424 434 1454 489 in
1468 435 1567 490 futuro
1582 451 1643 490 uon
1653 435 1796 507 capietur.

91 532 587 606 impetravitqninonaliudquam
615 531 705 585 lleuru
729 529 870 601 quoesicit.
890 531 941 587 Aa·
1031 527 1452 593 Vens.16.-Oealillomini,
1482 530 1535 579 etc.
1553 523 1619 594 (lo.)
1659 523 1701 578 [le
1724 523 1846 578 retribu-

92 622 310 694 ceditc.(tlass.)
330 623 393 677 lam
424 620 617 691 particulatim
640 620 676 675 de
701 619 868 673 uovaaultu
889 618 941 673 ad·
996 616 1121 674 tionibus
1135 615 1278 670 bonorum
1294 619 1321 668 et
1338 614 1490 680 malorum,
1508 611 1746 684 acinpericulis
1756 612 1846 685 justas

93 716 327 766 monetsauclos.
350 710 446 775 Quasi,
478 711 670 778 Maanittcate:
700 713 729 763 et
743 708 768 763 si
795 707 942 779 inprimis
995 706 1091 778 eliqua
1110 705 1254 760 dubietate
1267 703 1421 758 mollescat.

91 799 121 854 in
133 799 294 869 jucundum
311 798 443 853 accedite.
458 800 518 863 Vel,
534 799 721 867 Mapnitlcate,
737 801 765 851 et
780 813 837 867 qua
861 796 942 851 ordi·
1032 793 1109 849 Oculi
1123 793 1244 847 Domitii.
1262 791 1318 846 Nec
1334 806 1368 845 ex
1382 789 1550 845 infirmitate
1564 793 1615 844 tna
1638 787 1768 854 difflua,
1783 788 1845 860 quia

91 889 151 943 ne?
168 902 231 943 cccc
247 887 461 958 :Accediteper
487 887 573 943 tidem
599 885 702 957 (Aua)
729 885 859 939 Accedits
886 883 941 940 tlde
999 883 1079 937 oeali.

90 975 272 1043 inhaerendo,
297 981 326 1030 et
351 975 462 1030 dnobus
494 975 615 1046 pedibus
646 973 770 1045 geminae
796 971 942 1028 charitatis
1030 971 1176 1039 lnpreees.
1205 967 1270 1039 (11).)
1295 967 1431 1023 celeritas
1458 966 1604 1033 audiendi,
1634 981 1702 1021 cum
1727 964 1760 1019 in
1782 964 1844 1035 ipsis

90 1065 242 1120 currendo.
269 1064 374 1131 (Cass.)
402 1063 560 1119 Praemissis
589 1062 734 1129 laudibus,
762 1063 795 1115 ad
811 1078 940 1116 commu·
996 1057 1244 1113 auditorbabitat.

89 1153 208 1209 niouem
237 1154 379 1207 bortatur.
406 1154 467 1208 Non
493 1152 709 1221 eorcsrandantur.
735 1153 833 1219 (Aua.)
850 1150 939 1215 Quid·
1030 1148 1110 1202 Vens.
1129 1150 1171 1202 17.
1184 1147 1397 1201 -liemoriam
1413 1143 1512 1215 (aaa.)
1534 1144 1633 1200 Uinea
1647 1142 1770 1210 mentio,
1784 1148 1843 1209 etc,

91 1241 161 1314 qiud
186 1241 232 1298 hic
246 1241 296 1295 liat
306 1241 403 1312 justo:
426 1257 485 1296 non
504 1240 654 1306 erubescit,
671 1239 739 1311 quia
763 1255 876 1310 semper
891 1255 940 1292 su·
994 1249 1079 1305 nsque
1106 1232 1143 1288 ad
1157 1249 1223 1305 quae
1238 1233 1425 1289 admiserunt.

91 1332 188 1403 perior
215 1330 292 1401 apud
324 1332 434 1385 lleum:
473 1331 614 1402 superbus
644 1345 712 1384 vera
749 1328 781 1383 in
816 1328 941 1383 adversis
1033 1323 1124 1377 linas.
1146 1324 1189 1376 19.
1205 1352 1241 1363 -
1269 1320 1566 1376 luctaestDominas.
1592 1318 1759 1376 Liberavit:
1783 1333 1844 1373 nam

92 1419 241 1483 erubescit,
255 1418 323 1490 quia
342 1418 378 1473 ad
390 1418 479 1472 Deum
494 1434 550 1472 nou
567 1417 690 1471 accessit.
995 1434 1105 1491 pronus
1119 1424 1162 1473 est
1177 1418 1212 1473 ad
1228 1418 1292 1485 boc,
1313 1417 1473 1488 quiajacta
1483 1420 1541 1485 est;
1562 1417 1618 1484 vel,
1632 1419 1678 1471 est
1691 1415 1798 1471 allusio
1812 1415 1846 1469 ed

127 1508 205 1565 luas.
223 1511 249 1562 7.
263 1509 425 1576 -Paupem
450 1506 557 1574 (Cass.)
569 1507 622 1561 lete
642 1503 799 1576 spiritualis
824 1503 871 1559 bic
885 1507 940 1574 est,
996 1508 1161 1562 clamorem.

91 1595 160 1671 qnia
178 1595 286 1651 accedit
309 1599 339 1651 et
365 1594 556 1660 illuminetur,
583 1610 635 1648 nec
663 1593 833 1659 erubescet:
861 1593 939 1665 quia,
1032 1595 1111 1648 Vana.
1133 1595 1177 1649 20.
1206 1623 1240 1633 -
1266 1593 1358 1648 Multa
1383 1592 1571 1647 tribulationes
1588 1592 1742 1662 justarum.
1769 1590 1847 1653 Sicut

90 1684 207 1758 quaudo
222 1686 336 1746 clamat,
352 1683 492 1738 liberatur
506 1682 541 1737 ab
556 1681 692 1736 omnibus
719 1680 857 1752 angustiis
888 1696 941 1736 sae·
996 1684 1159 1739 etiuNoao
1174 1683 1364 1745 Testamenta,
1375 1680 1463 1753 jacta
1485 1685 1533 1749 est,
1559 1686 1585 1735 et
1608 1680 1744 1747 salvabit,
1774 1679 1845 1752 quod

32 1805 38 1816 ·
90 1773 148 1828 oali
164 1773 194 1827 iu
207 1772 299 1839 obitu,
313 1772 384 1827 dum
395 1771 456 1842 jam
479 1770 581 1825 transit
594 1770 628 1825 ad
644 1769 744 1824 Deum.
995 1787 1111 1828 necesse
1121 1776 1173 1834 est,
1191 1771 1258 1842 quia
1273 1771 1366 1825 multae
1381 1769 1579 1825 tribulationes.
1602 1768 1712 1841 (Cass.)
1739 1771 1844 1836 Multa:

127 1862 208 1915 Vens.
230 1862 256 1916 8.
280 1889 314 1900 -
343 1862 476 1915 immittet
492 1860 636 1926 Anneium.
659 1858 798 1927 Accedite,
816 1861 845 1912 et
869 1856 943 1913 sicut
996 1860 1153 1927 adiabolo,
1168 1859 1203 1914 ab
1218 1859 1320 1914 invidis
1337 1858 1511 1923 bominibus,
1527 1861 1595 1913 eta
1624 1873 1664 1912 se.
1697 1858 1845 1914 Liberalit.

92 1947 146 2004 iste
157 1965 267 2021 pauper
280 1947 414 2003 clamavit
434 1952 463 2002 et
490 1947 641 2002 exauditus
661 1952 713 2014 cst,
738 1946 838 2001 eodem
855 1947 941 2002 moda
996 1949 1094 2022 (Aac.)
1110 1949 1173 2004 Nou
1198 1947 1398 2019 corporaliter,
1417 1947 1468 2002 scd
1491 1946 1584 2002 dando
1602 1947 1643 2001 eis
1660 1947 1845 2019 patientiam:

92 2038 374 2105 immittetdnpelam,
390 2041 443 2092 etc.
460 2037 707 2108 (Aua.)1mmittet
726 2036 874 2104 Anneium.
885 2034 941 2090 alii
995 2038 1050 2102 rcl,
1067 2035 1201 2093 liberabit
1215 2035 1415 2107 spiritualiter.

92 2123 264 2195 interpretes
276 2124 315 2178 sic
331 2124 557 2178 transtulerunt:
573 2122 732 2180 circumdat
745 2123 866 2190 Anpetus
889 2124 944 2177 lla-
1031 2127 1112 2181 Vnus.
1128 2127 1172 2179 el.
1188 2154 1223 2164 -
1242 2125 1319 2180 Ossa.
1338 2124 1398 2189 (lul
1421 2123 1556 2179 Virtutes.
1574 2124 1611 2179 Et
1653 2138 1753 2191 unum,
1783 2129 1845 2193 ete,

91 2214 161 2268 mini
187 2227 255 2281 pyro
284 2214 405 2267 timentes
431 2227 505 2268 eum.
554 2211 681 2282 Angelus
710 2210 745 2265 de
777 2210 858 2278 coelo,
896 2210 941 2265 rel
996 2211 1362 2284 uluccpatieutiapereat.

92 2300 192 2367 homo,
208 2299 315 2372 quiesi
334 2299 464 2355 minister
486 2299 642 2354 voluntatis
669 2298 728 2353 llei.
760 2298 942 2354 ldendosicu-
1032 2303 1113 2357 Vnus.
1139 2304 1184 2356 12.
1200 2330 1234 2342 -
1250 2302 1380 2356 Pessima.
1402 2298 1469 2371 (lu.)
1486 2300 1547 2355 Nou
1572 2300 1661 2355 modo
1685 2300 1776 2366 mala,
1799 2299 1847 2355 elsi

92 2387 299 2444 dicesbabent.
315 2389 592 2455 Immiltetdnaatum
608 2389 746 2442 Dominus.
995 2390 1025 2446 iu
1040 2390 1158 2456 divitiis,
1191 2393 1219 2445 el
1247 2387 1394 2454 odoribus,
1426 2392 1456 2441 et
1482 2386 1615 2441 lamentis
1638 2387 1796 2443 homiuum
1817 2387 1848 2443 u·

128 2476 210 2530 Vaas-
233 2478 258 2530 11.
287 2506 322 2516 -
342 2476 454 2532 (instate
479 2480 504 2530 at
524 2476 621 2530 videte.
655 2473 705 2528 Hic
721 2478 819 2546 aperte
842 2475 878 2530 de
892 2491 941 2529 sa-
995 2480 1100 2548 niatur,
1117 2484 1215 2534 tamen
1231 2477 1418 2549 pessimaest,
1439 2475 1508 2548 quia
1532 2474 1563 2529 in
1591 2476 1718 2547 peccatis
1744 2477 1781 2532 ad
1807 2475 1849 2531 iu·

93 2569 238 2620 crameuto
253 2563 332 2635 quod
351 2564 462 2620 larebat
478 2563 619 2618 manibus.
637 2563 751 2620 (instate
773 2579 888 2618 caruem
913 2568 942 2619 et
995 2570 1108 2625 ternum
1120 2567 1218 2622 trabit.

94 2653 266 2724 sauguinem
291 2651 408 2709 Christi.
442 2652 540 2708 Suavis
570 2655 610 2706 est
649 2651 790 2706 Dominus.
817 2651 885 2720 (lu.)
909 2651 942 2706 Et
1032 2655 1220 2725 Quioderunt.
1245 2654 1476 2720 Quommerlon
1496 2651 1727 2725 omnium,'quia
1749 2669 1849 2725 pecca·

93 2742 203 2798 dulcis:
220 2740 289 2814 quie
304 2746 347 2796 est
370 2741 428 2796 vita
453 2738 590 2808 sumenti,
618 2740 729 2810 palleus
751 2755 850 2794 omues
875 2756 940 2795 mo·
995 2748 1087 2812 lores;
1102 2744 1152 2799 sed
1167 2759 1268 2799 eorum
1282 2743 1333 2815 qui
1347 2741 1471 2798 oderunt
1483 2743 1605 2813 justum,
1633 2743 1687 2814 qui
1695 2741 1848 2813 justificat,

93 2830 189 2886 lestias
208 2830 238 2884 iu
248 2829 356 2895 tuturo,
372 2828 401 2884 id
415 2834 474 2884 est:
490 2829 607 2901 Sparata
622 2845 675 2900 per
688 2828 742 2884 hoc
756 2828 842 2883 vitam
854 2834 939 2884 aeter·
995 2833 1092 2900 idest,
1113 2832 1269 2900 Christum,
1299 2845 1460 2903 perquem
1488 2830 1539 2902 qui
1564 2845 1622 2886 nou
1643 2830 1850 2886 reconciliatur

95 2934 173 2975 nam.
190 2917 294 2990 (Cass.)
311 2918 343 2973 Et
356 2917 424 2989 qaia
444 2917 518 2973 licus
539 2922 582 2972 cst
611 2917 678 2987 rite,
703 2933 769 2973 caro
785 2933 872 2989 quam
887 2917 978 2979 sibic
995 2921 1088 2994 perit:
1106 2922 1155 2976 sed
1168 2920 1282 2976 redimet
1296 2921 1413 2988 animas,
1424 2917 1582 2973 secundum
1606 2933 1680 2990 quas
1699 2923 1745 2973 est
1773 2934 1849 2974 mars

94 3008 189 3066 univit
202 3012 247 3062 est
260 3005 438 3062 vivificatrix.
997 3011 1130 3083 pessima.

131 3098 211 3153 Vens.
238 3098 338 3151 10.-
362 3096 457 3153 Omnes
482 3095 571 3151 sancti
603 3095 670 3164 ejus.
702 3093 804 3166 (Cass.)
831 3095 941 3163 Nullus,
1280 3077 1562 3135 Psfflflsxfflv·

95 3186 162 3242 licet
181 3185 255 3240 bene
282 3183 413 3248 meritus,
442 3183 477 3238 ab
509 3184 564 3238 bac
590 3183 717 3252 desistet,
746 3199 804 3237 nou
837 3184 942 3238 securi·
1034 3189 1113 3244 Vana.
1131 3191 1156 3244 1.
1173 3186 1335 3253 —Jaatca,
1353 3187 1471 3241 Domine.
1489 3185 1593 3251 (Cass.)
1603 3183 1707 3256 incipit
1733 3184 1848 3241 abore·

96 3280 185 3330 talem
199 3278 365 3344 praeiumssl·
394 3271 537 3337 Quonim.
556 3271 656 3340 (dua.)
684 3271 817 3326 ¹³²⁸&th
844 3271 944 3327 D⁰mi·
997 3277 1478 3349 tioneproutraquepartepuguae,
1491 3289 1557 3328 aum
1570 3275 1849 3330 commemoratione

96 3377 152 3416 nus
166 3366 398 3415 contemnentem
420 3376 461 3426 δῦ,
478 3365 507 3414 el
521 3359 633 3414 deseret
645 3359 804 3415 timentem·
823 3361 945 3416 Promil·
998 3367 1101 3438 culpae,
1116 3369 1214 3419 eterat
1235 3362 1392 3434 uuicuique
1421 3362 1499 3434 quod
1527 3366 1665 3430 meretur,
1694 3363 1851 3419 osteudens

98 3447 550 3518 titautcmnonsuperllua,scd
577 3446 746 3502 necessaria.
768 3450 828 3504 Noa
848 3453 945 3505 estin·
998 3451 1184 3527 quantatulit
1202 3452 1237 3506 ab
1262 3449 1441 3518 adversariis,
1470 3454 1499 3505 et
1522 3466 1702 3523 psenasqure
1733 3453 1776 3507 eis
1798 3469 1851 3526 pro

98 3538 172 3606 opio.
187 3535 259 3600 Ouia
274 3535 361 3591 ctiam
373 3535 403 3590 iu
418 3535 552 3608 praesenti
565 3535 671 3590 habent
691 3542 831 3608 quantum
858 3538 947 3610 exigit
997 3541 1151 3613 iniquitute
1164 3538 1364 3594 restituuntur.

98 3630 211 3681 ualura.
1034 3630 1114 3683 Vana.
1129 3630 1156 3682 2.
1174 3657 1208 3666 -
1221 3629 1311 3681 Arma
1325 3631 1351 3681 ct
1364 3631 1470 3681 scutum
1495 3625 1604 3696 (Haza.)
1630 3626 1728 3683 Armis
1754 3628 1849 3684 hostes

134 3715 215 3769 Vens.
246 3715 289 3769 ll.
305 3714 456 3768 -Dioites
471 3716 820 3782 ennarantetesurierunt.
837 3716 945 3788 (Cass.)
999 3717 1222 3791 parcutit,scuto
1237 3731 1289 3770 uos
1308 3715 1443 3786 protegit.
1459 3714 1658 3771 Scutumalibi
1673 3716 1762 3772 dicit:
1779 3718 1851 3773 bonu

99 3802 271 3868 Ouialldem
299 3818 358 3857 non
391 3802 506 3857 babent.
534 3805 705 3872 Esurierant,
731 3803 798 3875 quia
826 3821 945 3877 corpore
998 3807 1258 3871 uoluntatis3arma
1282 3817 1458 3871 possumus,
1473 3802 1584 3874 quiaut
1604 3820 1658 3858 uos
1678 3804 1715 3860 ab
1746 3822 1791 3872 eo,
1812 3806 1849 3862 ila

100 3889 453 3947 llominiuonsutiautur.
469 3890 762 3958 Ouidenimbabeut,
789 3893 839 3964 qui
855 3894 945 3950 [lenm
998 3897 1202 3969 ipsearmatur
1218 3893 1253 3948 de
1278 3891 1370 3947 uobis.
1399 3892 1499 3962 (Aac.)
1520 3891 1579 3959 Vel,
1605 3892 1703 3947 anima
1735 3894 1847 3961 Christi,

99 3996 158 4035 usin
180 3980 309 4036 habeut?
324 3979 384 4046 Vel,
409 3981 506 4035 diuites
526 3986 666 4048 caudent,
682 3980 710 4036 id
739 3984 790 4048 est,
806 3982 946 4037 carebunt
1000 4001 1062 4059 quae
1082 3984 1175 4038 bosles
1193 3979 1355 4050 debellavit,
1368 3996 1433 4051 quae
1446 3979 1517 4035 nibil
1534 3980 1594 4052 agit
1616 3980 1674 4037 uisi
1696 3983 1775 4039 Deus
1796 4001 1846 4056 pu

99 4084 212 4124 summa
227 4069 312 4136 bono,
327 4069 392 4124 licet
412 4070 549 4136 esuriant,
565 4069 593 4124 id
621 4073 674 4138 est,
701 4069 873 4125 desiderent.
889 4071 945 4126 Sed
999 4079 1069 4147 gnet
1083 4073 1118 4127 de
1129 4087 1171 4126 ea.

99 4161 158 4212 toto
172 4157 266 4212 studio
291 4163 452 4228 quaerentes
482 4157 544 4212 sine
567 4157 770 4214 imminutione
797 4159 945 4216 habebunt
1034 4163 1122 4218 Arma
1134 4156 1315 4229 apprehende.
1332 4157 1384 4212 Fac
1400 4172 1446 4211 me
1459 4156 1564 4212 habere
1572 4172 1664 4226 arma,
1674 4158 1843 4227 doctrinam,

100 4245 219 4312 bonum,
235 4246 311 4317 quod
324 4252 367 4301 est
382 4246 597 4302 omnebonum.
958 4279 982 4334 D
1000 4249 1148 4307 miracula.
1164 4248 1284 4304 Saulem.
1302 4245 1506 4302 Constantiam.

137 4335 217 4390 llaas.
234 4337 276 4390 11.
293 4365 327 4375 -
345 4337 447 4402 Venite,
476 4335 540 4407 filii,
563 4335 656 4390 audite
677 4351 728 4393 me.
756 4336 943 4408 [liapsalmus.
1036 4343 1168 4405 Exsurae.
1184 4335 1292 4391 Facuti
1307 4334 1438 4405 acceptis.

99 4422 376 4479 TractatisEcclesioe
390 4422 584 4490 sacramentis,
597 4423 790 4479 admoneteos
804 4425 856 4496 qui
867 4429 947 4481 extra
1036 4428 1119 4481 Vsus.
1144 4428 1173 4481 ³.
1191 4421 1366 4491 --lsnanaa
1395 4423 1447 4489 lle,
1476 4421 1527 4494 qui
1545 4422 1630 4479 moda
1650 4440 1717 4480 snm
1742 4427 1774 4483 iu
1800 4427 1844 4482 ab·

99 4515 176 4578 sunt,
192 4511 241 4583 qui
256 4512 349 4583 prima
365 4512 527 4567 rudimenta
543 4511 611 4567 lldci
625 4511 752 4583 capiunt,
780 4528 947 4568 nonomen
1001 4513 1229 4582 scuro,clariflca
1244 4509 1455 4578 inevidenter,
1482 4514 1515 4565 ut
1542 4511 1698 4568 concludas
1728 4520 1759 4571 et
1783 4531 1844 4571 con·

100 4600 212 4655 timoris
226 4600 395 4656 horreatur:
411 4601 508 4656 addit:
523 4601 623 4657 Docebo
638 4616 694 4668 aas,
715 4601 789 4656 lilios
812 4601 945 4658 timorem
1001 4605 1108 4671 vincas,
1119 4619 1156 4658 ne
1171 4601 1295 4657 habeant
1306 4599 1375 4671 quid
1401 4598 1557 4655 oblatrent:
1587 4604 1616 4656 et
1639 4602 1721 4658 dicas
1747 4604 1844 4659 animae

102 4688 225 4754 llomini,
245 4694 279 4744 ut
293 4705 353 4743 rem
371 4689 480 4744 utilem.
1001 4695 1050 4764 ita,
1067 4698 1100 4748 ut
1114 4706 1213 4747 omnes
1223 4689 1314 4743 sciant
1326 4687 1403 4759 quod
1417 4689 1493 4743 salus
1507 4688 1553 4757 ei;
1569 4694 1671 4745 contra
1691 4692 1760 4759 bae,
1775 4688 1844 4764 quod

136 4777 241 4849 (Cass.)
254 4780 317 4834 lam
333 4781 362 4833 et
374 4777 544 4850 incipientes
559 4782 658 4832 monet
683 4794 701 4833 a
728 4778 832 4851 quibus
859 4776 947 4834 absti·
1002 4781 1136 4837 illizNon
1150 4781 1189 4832 est
1202 4777 1276 4831 salae
1289 4776 1345 4844 ipsi
1364 4774 1393 4828 ia
1414 4777 1470 4831 boo
1492 4775 1552 4845 ejas
1582 4776 1666 4847 (Psoi.
1699 4779 1758 4848 tn.)
1784 4780 1844 4834 Fra·

101 4872 199 4922 neunt.
1001 4884 1098 4925 meam.
1120 4866 1219 4936 (Aac.)
1231 4864 1349 4919 tramea
1362 4865 1405 4915 cst
1417 4862 1514 4917 anima
1525 4863 1607 4934 justi.
1627 4865 1845 4922 abundantibus

135 4956 217 5012 Vens.
235 4958 277 5012 13.
293 4985 328 4998 -·
343 4956 614 5013 Diesaiderebonos.
634 4955 706 5022 Quia
729 4971 828 5012 omues
856 4958 948 5013 faten-
999 4957 1093 5030 justis,
1110 4955 1219 5010 framea
1232 4949 1397 5017 effunditur,
1415 4951 1483 5005 dum
1508 4958 1566 5006 rita
1596 4960 1753 5010 coruscat:
1774 4953 1845 5012 nude

99 5048 148 5100 tur
161 5061 191 5100 se
205 5045 288 5101 ralla.
1003 5043 1182 5101 concluditur
1196 5039 1284 5096 bostis
1298 5054 1356 5093 non
1370 5037 1480 5094 habeus
1491 5041 1526 5095 de
1549 5041 1634 5097 uobis
1658 5043 1736 5099 male
1762 5041 1843 5117 loqui.

137 5135 216 5190 vans.
258 5135 301 5192 11.
326 5164 361 5174 -
386 5134 510 5190 Prohibe.
554 5133 620 5205 (lu.)
648 5134 719 5189 Nota
754 5133 832 5206 quod
868 5133 950 5206 prius
1004 5135 1071 5207 (ln.)
1087 5129 1239 5203 Prophetis
1261 5131 1304 5182 est
1331 5142 1388 5182 nou
1412 5130 1531 5200 optatio,
1554 5131 1598 5185 rel
1624 5131 1679 5187 boc
1708 5133 1746 5188 ds
1785 5147 1844 5188 cou-

101 5221 370 5294 cobiberiliuguam
392 5222 470 5291 dicit,
502 5222 649 5295 quoniam,
678 5238 743 5277 cum
764 5223 846 5294 loqui
867 5223 949 5278 volu·
1004 5221 1158 5278 vertendis.
1243 5226 1246 5231 ’

102 5325 176 5377 mus,
194 5316 260 5366 ante
276 5312 598 5388 commovemuslabia,
619 5328 684 5384 quae
704 5327 770 5367 mor
789 5317 950 5383 sequuntur
1040 5312 1121 5366 Vens.
1136 5313 1162 5364 5.
1177 5308 1314 5363 -llianb
1330 5305 1395 5376 (la.)
1425 5308 1601 5380 Prophetis:
1628 5309 1675 5366 sal
1703 5326 1740 5367 eo
1757 5310 1843 5373 modo,

104 5385 327 5468 linguaemolus.
348 5401 461 5456 Probiba
484 5400 636 5472 quiritum
669 5399 761 5474 cupis.
789 5400 858 5454 Ecce
874 5416 950 5473 quo·
1004 5416 1062 5472 quo
1082 5401 1157 5456 Deus
1184 5397 1259 5464 lecit,
1285 5393 1365 5464 justo
1385 5395 1505 5468 judicio,
1530 5413 1589 5453 nou
1617 5414 1720 5455 amoro
1746 5399 1844 5455 auimo.

104 5488 189 5544 modo
200 5487 323 5543 debeant
335 5489 449 5544 timere.
1007 5491 1149 5560 Tanquam
1175 5489 1269 5561 puluis
1296 5497 1359 5550 ante
1380 5489 1481 5555 facum
1502 5489 1586 5544 vend.
1611 5487 1723 5558 (Cass.)
1750 5488 1844 5545 abac
