3892 6104
64 276 133 329 toea
618 278 745 335 atussa
764 279 966 336 orturusutt.
986 307 1023 321 -
1042 279 1107 335 ΗΒ.
1132 279 1255 336 esais.
1747 284 1816 340 toro

60 397 248 470 interrumpit
264 398 389 471 quietem
401 415 513 467 eertum,
530 405 595 466 eta,
607 403 740 471 usquead
753 419 817 473 qua
830 403 944 458 ducith
962 403 1084 458 videaris
1100 401 1189 474 (Prae.
1220 402 1317 473 xxvix).
1334 402 1386 458 Sed
1409 418 1468 458 non
1483 408 1527 458 est
1542 404 1718 476 arrogantia,
1746 408 1815 477 quia

60 487 97 542 ad
112 492 244 543 mortem.
969 492 1058 545 [leam
1074 490 1105 545 in
1118 496 1156 557 te,
1171 506 1229 546 uon
1240 495 1268 546 te
1284 491 1392 546 laudas.

97 577 178 631 Vens.
198 580 242 631 15.
262 577 436 632 —Beaium
465 579 527 632 Non
548 577 615 632 indo
642 579 825 650 reprehendit
844 579 912 652 quia
1000 580 1082 634 Vens.
1099 582 1125 633 6.
1142 582 1229 634 -Et
1243 582 1378 634 uirtutem.
1405 580 1514 637 Sinon
1540 580 1707 651 minamini,
1737 584 1816 638 nulla

58 663 105 719 his
120 665 278 732 abundant,
295 667 344 721 sed
361 667 428 737 quie
451 667 772 737 prodexterahebent,
800 669 829 723 id
856 673 910 733 cst,
965 668 1190 734 essetcorectio;
1211 668 1316 723 sivero
1333 685 1392 723 non
1420 668 1608 736 blandiretur,
1638 673 1718 726 nulla
1741 677 1816 727 essct

57 770 114 826 pro
141 755 343 810 beatitudine:
374 761 402 811 et
425 756 485 810 hoec
509 761 553 810 est
574 755 686 810 vanitas
714 773 802 828 quaem
825 757 912 811 locuti
965 756 1135 812 exhortatio.
1155 757 1311 828 Estitaque
1328 759 1457 813 curabilis
1486 763 1514 814 ct
1541 759 1687 814 terribilis.
1715 760 1816 816 Dicent

58 844 411 911 svintliisethbraham,
437 848 466 898 et
493 846 579 909 isaac,
607 851 636 899 et
657 845 754 912 Jacob,
782 845 911 900 abunda·
965 862 1034 915 ergo
1045 847 1179 901 virtutem
1190 846 1399 916 disciplinantis
1427 853 1456 902 et
1481 847 1678 920 punientis,si
1706 850 1815 921 predi-

59 932 111 986 vit.
141 933 269 987 Felicitas
297 936 326 988 et
354 933 479 1001 sinistra,
505 933 535 988 id
563 937 606 988 est
635 933 812 1005 temporalis,
831 949 912 989 mor·
965 939 1166 1006 cantregnum
1192 940 1341 1000 aeternum,
1368 952 1428 991 non
1441 937 1651 1010 tecentignem
1663 943 1813 995 aeternum.

61 1021 139 1076 talis.
1001 1025 1087 1080 Vsus.
1107 1029 1133 1080 7.
1151 1054 1184 1064 —
1208 1025 1366 1079 Memoriam
1390 1024 1566 1080 abundantia
1588 1027 1736 1081 suauitatis
1763 1031 1816 1080 tua

345 1164 504 1220 PSALMUS
518 1164 618 1220 CXLIV
965 1113 1134 1168 eructabunt.
1160 1113 1254 1184 (huo.)
1272 1113 1335 1183 lpse
1349 1129 1401 1186 per
1424 1113 1617 1170 abundantem
1645 1114 1815 1170 suavitatem

621 1207 627 1220 ·
965 1218 1046 1256 suam
1063 1201 1145 1273 prius
1163 1217 1275 1256 memor
1293 1202 1384 1256 nostri
1406 1205 1459 1270 est,
1488 1203 1696 1275 nosvocando,
1722 1203 1816 1275 grstia

98 1289 179 1343 Vens.
198 1292 274 1343 l.—
302 1287 438 1344 Laudatio
461 1291 518 1360 ipsi
543 1288 642 1345 Dauid.
670 1289 752 1360 (Cis.)
787 1290 912 1345 Breviter
966 1306 1017 1345 sua
1030 1305 1083 1344 nos
1098 1289 1314 1361 praeveniendo,
1330 1289 1397 1346 iude
1414 1307 1466 1346 nos
1482 1292 1555 1362 ejus,

60 1375 194 1431 eontinet
207 1376 254 1431 hia
268 1377 396 1447 psalmus
410 1393 475 1449 quae
489 1378 520 1432 in
539 1378 693 1450 scripturis
722 1378 827 1434 divinis
853 1380 911 1434 late
1000 1378 1170 1434 Eructabuat
1183 1378 1262 1443 dicit,
1282 1395 1340 1434 non
1352 1380 1576 1437 manducabunt.

61 1465 275 1534 diffunduntur,
288 1471 354 1533 etc.‚
381 1482 466 1537 usqua
484 1468 522 1522 ad
535 1483 571 1523 ne
589 1469 654 1540 quis
681 1470 711 1524 in
740 1468 801 1539 ejus
828 1469 911 1524 laude
1002 1464 1094 1537 (huo.)
1114 1467 1262 1522 Mandarai
1277 1467 1327 1538 qui
1343 1468 1437 1534 discit,
1450 1471 1561 1524 eructat
1574 1467 1625 1542 qni
1637 1467 1727 1541 {docet
1739 1485 1746 1525 ε
1759 1469 1815 1525 hoc

61 1569 159 1607 errare
172 1558 268 1624 posset
283 1569 290 1608 :
965 1559 1063 1609 tamen
1077 1561 1188 1610 ervrctat
1208 1556 1283 1626 quod
1298 1555 1459 1611 manducat.
1490 1559 1556 1612 liaec
1570 1558 1723 1628 memoria,
1746 1558 1815 1630 quie

98 1642 192 1710 (huo.)
219 1641 327 1714 Spiritu
354 1650 457 1698 sancto
473 1644 575 1716 impiet
600 1646 673 1700 Deus
694 1650 815 1713 sanctos,
843 1649 909 1716 etc,
926 1688 947 1742 B
966 1643 1047 1698 valde
1063 1643 1154 1698 dulcis
1176 1643 1375 1698 manducanda
1402 1649 1444 1699 est
1458 1650 1488 1699 et
1510 1645 1672 1702 eructanda.
1687 1644 1731 1701 Sic
1746 1660 1815 1718 ergo

60 1731 195 1799 usquead
209 1730 331 1802 ideoque
351 1733 468 1803 spiritus
491 1735 553 1805 ejus
567 1733 597 1788 in
626 1734 713 1789 servis
730 1734 788 1789 suis
814 1735 911 1790 laudet
966 1731 1109 1787 manduca
1125 1736 1156 1786 ut
1171 1737 1291 1787 eructes.

60 1820 220 1891 eum‚quia
236 1821 348 1875 landari
363 1838 392 1876 se
408 1822 483 1877 lacit.
1001 1821 1083 1876 Vens.
1099 1824 1125 1876 8.
1146 1852 1179 1862 -
1201 1823 1347 1878 Miseratar
1373 1826 1399 1878 et
1421 1824 1582 1878 misericors.
1612 1821 1694 1893 (Cas.)
1718 1823 1814 1878 Tertio

97 1907 181 1974 (Cas.)
194 1909 230 1963 Ut
246 1913 354 1979 septem
370 1910 472 1981 psalmi
487 1910 675 1982 poenitentiae,
689 1910 729 1965 sic
744 1913 773 1965 ct
801 1914 911 1982 septem
966 1908 1050 1963 latius
1091 1909 1214 1980 explicat
1245 1928 1310 1982 quae
1339 1912 1464 1967 seeundo
1492 1911 1618 1966 breviter
1650 1913 1812 1983 proposuit.

59 1996 189 2067 spiritus,
203 1997 285 2065 juxta
300 1997 370 2052 illud
385 2004 595 2054 sacramentum
611 1998 687 2070 quod
701 1999 840 2071 precepit
854 2001 912 2055 llo·
965 1997 1051 2061 Quesi
1067 2014 1073 2051 :
1091 1998 1189 2053 llerito
1203 1998 1232 2052 in
1246 1999 1291 2053 his
1316 1999 1485 2069 laudabunt,
1500 1999 1570 2071 quis
1582 1986 1736 2066 miserator,
1753 2004 1810 2059 etc.

58 2084 159 2139 minus
174 2085 261 2156 lloysi
277 2085 307 2140 in
321 2086 506 2142 tabernaculo
523 2094 633 2159 septem
646 2088 776 2143 lucernas
791 2104 910 2159 ponere,
966 2087 1064 2140 Partes
1079 2085 1172 2140 laudis
1187 2092 1335 2157 ponuntur
1349 2088 1405 2154 hic,
1428 2103 1492 2159 quer
1514 2087 1656 2160 superins,
1682 2088 1729 2142 sed
1755 2102 1816 2142 uon

57 2179 200 2244 perpetuo
212 2173 320 2228 iumine
332 2174 469 2230 lucentes.
967 2174 1088 2247 singulae
1102 2178 1222 2245 possunt
1241 2175 1379 2246 explicari
1394 2192 1400 2230 :
1414 2176 1479 2246 quis
1491 2176 1569 2231 enim
1598 2191 1686 2247 opera
1708 2176 1752 2230 vel
1766 2192 1815 2248 po·

97 2263 284 2320 Eccitabote.
302 2265 387 2334 (Cis.)
404 2265 500 2320 Primo
520 2265 660 2337 prophete
687 2265 830 2339 promittit
849 2266 913 2321 inli-
966 2265 1087 2318 lentium
1116 2264 1178 2334 ejus
1207 2265 1291 2335 plene
1311 2263 1481 2336 explicaret?
1508 2264 1603 2335 (huc.)
1627 2266 1772 2319 iliscrntor
1790 2268 1816 2320 et

60 2351 153 2405 nitam
171 2352 284 2408 laudem
298 2369 305 2420 ;
318 2354 453 2415 secundo.
471 2369 570 2408 omnes
585 2354 761 2426 perfecturos
777 2355 825 2409 liei
847 2355 912 2410 lan·
964 2353 1127 2407 misericors.
1152 2352 1343 2418 Quibuscum
1366 2352 1479 2407 veniam
1506 2352 1594 2407 dedit.
1621 2354 1741 2408 Patiens.
1767 2351 1816 2408 liis

61 2440 129 2494 dem
146 2455 249 2495 novem
263 2442 358 2497 modis
372 2441 450 2508 dicit,
468 2442 519 2510 ibi,
534 2442 678 2499 Gmeratio
701 2448 726 2498 et
753 2445 910 2512 naucratim
965 2441 1070 2512 quibus
1085 2441 1213 2496 nondum
1225 2440 1314 2511 dedit,
1328 2441 1377 2496 sed
1392 2443 1535 2512 exspectat
1549 2445 1581 2495 ut
1593 2440 1650 2496 det.

60 2528 158 2599 tertio,
171 2529 271 2584 eadem
287 2530 372 2584 latius
387 2530 518 2602 explicat,
529 2531 581 2601 ibi,
595 2535 747 2588 miserator.
1001 2528 1081 2582 Vtut·
1098 2533 1124 2583 9·
1143 2558 1177 2571 -·
1200 2528 1283 2601 (Cis.)
1313 2531 1509 2585 Mittrallttlti·
1532 2529 1575 2585 Ab
1603 2529 1739 2597 ⁰ltflrib¹¹⁸
1770 2529 1814 2585 5¹1·

98 2619 266 2673 iasaeculum
290 2620 390 2674 saculi.
412 2619 495 2690 (Cas.)
520 2619 574 2684 Qui
597 2620 643 2675 bic
658 2636 716 2674 non
742 2621 853 2692 incipit,
881 2621 911 2677 in
966 2616 1046 2687 cipit,
1065 2620 1098 2671 ut
1124 2617 1275 2673 miserator
1294 2617 1405 2673 dicatur
1433 2618 1654 2673 demandantes
1678 2618 1812 2674 restituit.

61 2706 160 2761 futuro
175 2707 346 2761 mutuserit
966 2707 1130 2774 Misericors,
1161 2710 1274 2769 natura,
1299 2706 1467 2762 etiamdum
1496 2711 1585 2762 creat.
1614 2709 1734 2774 Patiens,
1759 2707 1815 2763 hoe

96 2797 185 2850 Vsus.
210 2797 237 2850 2.
267 2826 300 2837 -
329 2799 380 2852 Per
402 2799 524 2866 stapulas
547 2798 614 2866 dies,
640 2802 692 2853 etc.
716 2798 846 2871 (latoni
865 2798 913 2855 bic
966 2795 1054 2849 sumit
1068 2795 1103 2850 de
1125 2795 1250 2850 secundo
1264 2795 1326 2850 loco
1353 2794 1582 2864 laudis‚scilicet
1609 2796 1644 2852 de
1672 2795 1814 2868 potentia,

59 2900 114 2956 per
134 2883 348 2956 singulosdies,
364 2886 394 2940 in
417 2887 587 2943 aeternodie
612 2886 770 2943 merebitur
795 2888 912 2944 laudare
966 2899 1054 2956 quam
1091 2884 1199 2950 laudet,
1229 2900 1287 2940 nou
1321 2884 1399 2956 quod
1422 2893 1513 2940 terras
1535 2884 1694 2956 suspendit,
1723 2883 1815 2939 maria

59 2974 198 3027 continua
214 2974 410 3029 exsultatione.
924 2964 946 3020 C
964 2972 1099 3040 coercuit,
1117 2972 1207 3027 stellis
1218 2973 1304 3028 coelos
1318 2972 1456 3045 depinxit,
1481 2978 1546 3040 etc,
1575 2973 1624 3028 sed
1647 2973 1716 3044 quie
1743 2973 1814 3028 tole·

96 3063 190 3133 (hun.)
207 3063 352 3117 benedicit
380 3079 456 3118 nunc
470 3079 521 3134 per
546 3065 667 3133 siripulos
682 3064 751 3130 dies,
778 3070 820 3135 nt,
844 3081 910 3121 cum
964 3065 1184 3132 ratpeccantes3
1202 3066 1234 3116 nt
1246 3066 1459 3117 convertantur.
1474 3064 1511 3118 Et
1537 3064 1724 3117 miserationes
1742 3060 1812 3131 ejus.

59 3150 173 3204 venerit
188 3166 261 3204 unus
280 3150 342 3205 sine
363 3149 515 3217 hnesdies,
527 3157 573 3204 eat
597 3167 630 3205 ex
644 3152 728 3206 laudo
744 3152 773 3206 in
784 3152 909 3221 laudem,
965 3151 1060 3221 (hun.)
1074 3150 1103 3205 Si
1120 3149 1198 3205 enim
1217 3151 1301 3205 tollas
1325 3166 1412 3222 opera
1436 3155 1486 3205 tua
1509 3151 1594 3217 mala,
1612 3154 1640 3205 et
1660 3165 1718 3205 non
1736 3149 1766 3204 in
1785 3154 1814 3205 le

58 3238 136 3292 sieut
146 3252 180 3292 ex
193 3238 297 3293 virtute
314 3238 345 3293 in
360 3239 506 3295 virtutem.
536 3240 710 3295 Inseculum
725 3244 750 3296 et
777 3241 805 3295 ia
827 3255 924 3295 saca-2
964 3241 1112 3294 remaneat
1127 3238 1368 3310 uisioperaejus,
1395 3243 1492 3294 nante
1521 3237 1647 3293 dimittet
1666 3237 1813 3293 miseratio

60 3327 119 3381 lum
143 3328 245 3382 saeeuli.
271 3328 355 3398 (Cas.)
384 3330 423 3383 De
452 3345 508 3399 qua
527 3329 613 3384 laude
636 3329 728 3385 alibi:
760 3332 791 3385 la
812 3331 911 3385 secula
965 3327 1204 3399 ejus2sitautem
1225 3327 1642 3399 tunondimittasoperatne,
1673 3326 1727 3383 erit
1751 3327 1814 3399 ejus

61 3417 220 3471 samiorum
251 3416 403 3472 laudabunt
438 3418 523 3486 (Psal.
553 3419 677 3487 xxxviii),
703 3418 772 3490 quia
797 3434 912 3490 semper·
964 3416 1101 3471 severitas
1115 3416 1145 3470 in
1160 3420 1319 3488 operatua,
1348 3431 1413 3471 cum
1429 3414 1499 3471 dicit
1513 3431 1520 3471 τ
1535 3417 1584 3484 lte,
1604 3415 1754 3484 maledicti,
1784 3417 1814 3471 ia

63 3506 201 3561 amabunt
214 3521 300 3577 quem
319 3521 432 3578 semper
445 3505 593 3572 videbunt,
620 3507 689 3578 quia
702 3507 812 3563 visione
838 3508 911 3563 nihil
963 3507 1053 3574 ionem
1068 3509 1198 3560 aeteraum
1213 3504 1324 3573 (hlattls.
1339 3509 1412 3567 xxv).

63 3589 270 3645 delectabilius.
999 3595 1084 3650 Vana.
1106 3593 1151 3647 10.
1183 3623 1218 3633 -
1246 3592 1431 3658 confiteantur
1469 3591 1529 3658 tibi,
1565 3593 1682 3659 Domine,
1722 3594 1814 3647 omnin

97 3678 181 3735 uam.
209 3681 235 3734 3.
265 3708 299 3719 -
326 3679 422 3735 Nimis.
452 3678 535 3749 (Cas.)
564 3680 625 3734 Uno
653 3680 740 3735 verbo
764 3680 844 3737 dedit
867 3696 912 3735 co-
964 3687 1120 3752 aperatua.
1142 3678 1237 3751 (Aua.)
1264 3679 1606 3750 Laudentsicuteaquae
1633 3677 1813 3732 nonhabent

60 3767 155 3839 gitare
171 3767 246 3838 quod
260 3782 319 3822 uon
333 3772 428 3839 potest
442 3768 506 3839 capi
520 3767 624 3840 plene:
639 3772 669 3823 et
684 3768 911 3840 ideonunquam
965 3784 1079 3823 sensum
1096 3767 1243 3833 laudandi,
1260 3767 1387 3837 quisunt
1401 3765 1521 3821 materia
1536 3765 1628 3820 laudis
1644 3764 1730 3836 :quia
1744 3765 1813 3819 dum

61 3872 156 3911 cesses
171 3855 339 3911 slaardibus.
965 3857 1099 3929 inquiris,
1114 3854 1226 3910 invenis
1245 3871 1380 3925 magnam
1397 3854 1455 3909 vim
1464 3854 1494 3909 in
1509 3853 1559 3919 eis,
1583 3869 1648 3923 quae
1663 3854 1758 3908 sileo.

100 3946 180 3999 Vsus.
207 3945 235 4000 4.
263 3975 298 3985 -
325 3945 467 4002 ueneratio
496 3949 522 3999 et
555 3947 702 4015 pancratio.
741 3946 833 4016 (Ges.)
862 3945 911 4002 Se·
1000 3948 1036 4001 Et
1058 3947 1147 4000 sancti
1165 3946 1215 3999 tui.
1247 3943 1331 4015 (Cas.)
1357 3943 1447 3998 Omne
1483 3941 1559 4013 qriod
1591 3945 1634 3996 est
1661 3939 1814 3996 cantitetur

62 4034 170 4103 cundo,
182 4049 281 4089 omnes
296 4035 473 4106 perfecturos
487 4035 603 4090 laudern
627 4035 676 4090 Dei
691 4050 794 4090 novem
818 4035 911 4090 modis
964 4034 1009 4089 vel
1020 4049 1072 4105 per
1086 4049 1126 4100 se,
1146 4032 1189 4087 vel
1205 4047 1257 4104 per
1275 4031 1427 4086 rationales
1449 4034 1604 4085 creaturas.
1634 4029 1684 4084 llel
1712 4029 1811 4097 sancti,

61 4122 217 4193 promittit.
235 4123 323 4193 Opera
339 4127 395 4178 tua.
411 4122 507 4193 (Aac.)
522 4122 552 4178 Si
563 4123 593 4176 in
609 4123 809 4195 magnitudine
837 4123 910 4178 deli-
964 4123 994 4178 id
1010 4120 1175 4194 est,angeli
1199 4126 1228 4175 et
1247 4120 1387 4175 homines.
1416 4120 1473 4175 iloc
1492 4120 1526 4176 dc
1549 4118 1721 4175 sanctitate:
1752 4117 1814 4189 ipsa

61 4212 165 4278 cimus,
195 4212 238 4265 vel
267 4211 302 4266 do
335 4210 468 4282 operibus
494 4211 645 4267 laudemus
672 4217 851 4283 operantem,
874 4213 910 4269 de
928 4225 949 4278 ι)
968 4216 1011 4267 est
1033 4210 1109 4265 enim
1133 4208 1267 4265 sanctitas
1293 4207 1355 4275 liei,
1376 4211 1409 4262 nt
1433 4206 1461 4263 ei
1483 4207 1573 4262 sancti
1598 4205 1722 4262 debcant
1747 4221 1814 4261 aon-

62 4300 187 4354 conditis
207 4301 394 4368 conditorem,
424 4302 459 4355 de
488 4301 625 4356 creaturis
640 4305 808 4356 creatorem.
828 4302 910 4375 (Cas.)
965 4299 1050 4356 fileri.

63 4390 251 4445 Novemsunt
265 4405 353 4460 opera
370 4405 376 4444 :
392 4389 528 4461 potentia,
554 4390 777 4461 magnificentia,
808 4391 912 4447 sancti·
1002 4388 1082 4443 Vens.
1101 4389 1143 4442 ll.
1166 4415 1195 4427 -
1218 4388 1343 4441 Gloriam
1366 4387 1454 4453 repat.
1484 4384 1549 4454 (lo.)
1566 4385 1606 4439 us
1634 4381 1814 4438 mirabilibus

63 4482 120 4546 tas,
146 4476 300 4544 mirabilia,
327 4479 427 4544 virtus,
452 4478 625 4534 terribilium
652 4479 833 4551 magnitudo,
854 4497 912 4536 me·
966 4474 1179 4546 ergnsumitur.
1195 4474 1281 4539 Quasi
1297 4491 1303 4529 ἓ
1321 4474 1412 4539 Qssflm
1427 4472 1720 4545 mirabiliienimqui
1748 4471 1815 4528 Ῑθθὶῑ

65 4564 169 4632 morie,
206 4566 329 4636 justitia,
359 4583 424 4638 quae
452 4571 516 4637 post
544 4567 778 4638 explicabuntur:
808 4583 840 4622 ex
869 4568 913 4623 his
966 4564 1070 4619 coelum
1085 4559 1241 4633 et'torram,
1258 4561 1419 4619 etdiversis
1434 4560 1670 4634 bonisimplevit.

64 4652 147 4725 quasi
174 4653 242 4707 locis
265 4658 294 4707 et
318 4653 476 4708 seminibus
502 4653 595 4709 omnis
624 4654 686 4709 laus
714 4654 846 4724 trahitur,
876 4657 913 4712 ad
1001 4652 1082 4706 Vltus·
1109 4654 1152 4707 li.
1182 4681 1217 4692 -
1233 4653 1266 4707 Ut
1293 4655 1395 4706 nolam·
1418 4652 1478 4718 (lu)
1506 4651 1545 4705 De
1571 4648 1677 4703 villule
1705 4647 1815 4703 lirrib't

64 4754 153 4811 quern
173 4739 402 4795 modumnmnia
425 4742 642 4812 argumentede
660 4740 803 4814 paucitate
832 4742 914 4796 loco·
967 4739 1039 4796 lium
1053 4740 1107 4795 hoc
1121 4740 1254 4808 sumitur,
1284 4744 1350 4809 etc,
1365 4753 1449 4808 usqua
1471 4737 1508 4792 ad
1529 4737 1575 4793 cui
1593 4736 1747 4808 magnilica
1772 4736 1814 4792 nil

62 4843 132 4883 rum
146 4833 311 4884 sumuntur.
328 4832 364 4885 iit
382 4832 532 4899 potentiam
546 4833 631 4886 tuam
645 4829 739 4901 (huo.)
758 4830 822 4885 Nou
836 4829 914 4886 enim
967 4832 1161 4901 comparatur.

62 4933 154 4988 opera
191 4917 387 4986 laudant‚nisi
415 4923 448 4972 ut
474 4918 609 4972 virtmcm
637 4919 914 4990 operantisanuun·
1003 4917 1083 4973 Vana.
1101 4919 1146 4973 13.
1166 4946 1201 4989 ·,·
1226 4918 1348 4983 lisanum
1365 4919 1450 4981 tuum,
1470 4917 1524 4969 etc.
1555 4911 1616 4984 (ln.)
1643 4912 1752 4968 Laudat
1779 4912 1815 4969 ds

62 5007 147 5061 tient.
177 5005 232 5060 Sed
256 5005 373 5078 quidam
402 5007 568 5076 eloquentes
595 5012 756 5061 creaturam
785 5007 912 5074 laudant,
968 5005 1159 5077 perpetuitate
1179 5009 1208 5060 et
1221 5003 1427 5060 dominationis
1440 5002 1551 5057 effectu.
1564 5002 1597 5057 Et
1612 5002 1736 5058 sumitur
1761 5001 1816 5058 hoa

63 5095 201 5150 crealoris
231 5093 321 5149 obliti.
354 5094 448 5150 Sancti
480 5111 548 5150 vero
573 5095 746 5163 laudatores,
778 5094 801 5149 si
827 5111 915 5166 opera
967 5094 1002 5150 de
1018 5093 1216 5165 magnitudine
1232 5094 1274 5149 :si
1289 5107 1427 5163 magnum
1443 5090 1815 5163 estadtempusimpcrsrc,

64 5187 174 5251 amant,
196 5187 224 5237 et
249 5182 367 5237 landant
394 5182 486 5255 magis
514 5187 717 5254 operatorem:
745 5186 774 5239 ct
796 5188 914 5254 propter
966 5183 1114 5251 majusest
1129 5180 1333 5237 dominationis
1346 5179 1503 5235 terminum
1518 5178 1703 5234 nonhabcre.

64 5272 126 5327 haee
141 5272 224 5326 illum
239 5277 347 5327 amant.
363 5271 392 5327 si
413 5271 444 5326 iu
458 5272 545 5327 rebus
558 5272 639 5327 faetta
668 5273 791 5326 sentitur
817 5272 914 5343 eliqua
1001 5271 1104 5326 Fidelis
1136 5271 1264 5325 Dominus
1291 5271 1323 5323 iu
1345 5268 1478 5324 comibus.
1514 5267 1575 5339 (to.)
1598 5267 1637 5322 De
1657 5265 1817 5323 abundanti

64 5358 184 5431 species,
207 5359 328 5427 utilitas,
343 5360 443 5427 virtus,
473 5364 502 5414 et
526 5359 661 5415 landatur
685 5359 777 5430 magis
806 5358 836 5414 in
863 5359 913 5414 illo
967 5359 1107 5413 suavitate
1147 5358 1200 5413 hoc
1241 5357 1380 5424 sumitur;
1411 5356 1489 5413 unde
1526 5371 1631 5429 supra:
1660 5358 1817 5413 llauoriam

65 5448 115 5522 qni
131 5448 208 5505 fecit.
224 5448 254 5503 Si
269 5463 357 5520 opera
381 5448 491 5514 laudas,
510 5452 538 5502 et
551 5452 579 5502 te
594 5447 645 5520 qui
659 5463 690 5501 es
703 5446 754 5503 [tsi
771 5463 853 5519 opus.
880 5447 915 5503 Et
967 5446 1143 5502 abundantia
1167 5447 1312 5502 suauitatis
1341 5452 1403 5502 tua.
1441 5445 1558 5513 Fidelis,
1581 5444 1651 5518 quia
1678 5444 1818 5500 adventus

66 5537 193 5595 occurrit
211 5536 308 5593 iilud:
333 5539 433 5595 amu
458 5535 551 5592 madet
570 5549 599 5593 os
614 5539 701 5606 mum,
719 5551 753 5592 as
781 5550 913 5606 arronem
967 5535 1044 5593 dona
1066 5535 1228 5609 complevit.
1255 5534 1298 5591 Ad
1323 5533 1528 5594 abundantiam
1562 5547 1679 5607 quoquae
1692 5533 1818 5605 partinet
