3892 6104
141 256 191 311 aar
393 245 395 248 ¹
449 255 646 311 wltsaatut
664 256 789 313 stultu
808 256 909 312 FULU.
930 257 1010 314 uolt.
1031 258 1111 316 OPP.
1135 258 1225 315 PARS
1243 259 1265 312 1.
1284 287 1320 297 -
1338 256 1565 314 autumatur.
1849 259 1902 312 692

142 378 194 451 qui
208 396 224 433 a
238 378 385 433 Pharaone
412 377 523 433 Neebao
549 376 716 432 interiectus
746 383 790 432 est
799 378 830 432 in
858 379 1032 448 llageddob
1050 381 1166 452 redigit,
1183 386 1212 435 et
1224 381 1344 451 plenum
1356 380 1503 435 servitium
1532 379 1629 450 erigit,
1645 379 1832 451 persuasione
1847 379 1901 434 sci·

81 466 83 471 ’
142 467 285 539 significat
311 467 422 538 antiqui
464 465 554 521 hostis
579 465 810 538 persecutionem
843 466 994 521 adversum
1048 469 1125 537 licet,
1151 469 1348 536 delectatione,
1364 484 1513 535 consensu,
1527 468 1700 540 cogitatione
1714 483 1843 540 quoque,
1859 468 1902 522 lo·

143 556 355 629 praedicatores,
381 571 453 626 quos
467 554 530 608 neci
557 555 670 609 tradere
685 558 714 608 et
739 555 774 610 de
800 555 921 609 Ecclesia
941 571 995 608 au·
1049 559 1175 625 cutione,
1193 568 1220 612 et
1236 553 1413 629 operatione.

143 645 218 700 ferre
233 648 363 710 conatur,
387 647 418 696 nt
440 642 550 696 facilius
575 646 665 697 totam
677 642 791 713 plebem
819 643 996 698 invadereet
1086 648 1226 717 (Hannon,
1252 652 1337 717 qairrei
1363 649 1393 699 iu
1418 647 1522 712 Porci,
1554 651 1615 701 tom
1648 645 1709 715 lll.)
1749 643 1902 700 Sciendum

145 731 283 803 dissipare
306 731 408 801 possit.
436 732 642 800 Interpretatur
670 729 748 784 enim
778 731 888 784 Pharao
915 729 996 785 dissi·
1051 735 1129 806 quod
1155 752 1261 790 nomen
1280 736 1363 790 istius
1386 736 1515 803 toachin,
1531 740 1598 803 etc,
1624 750 1710 805 usqua
1738 733 1777 788 od
1793 750 1902 805 praepo·

144 838 227 893 pans,
254 820 367 874 Nechao
395 819 569 890 percutiens,
601 818 737 889 ldageddo
753 806 803 874 'de
826 819 995 874 tentatione.
1050 824 1174 879 sitorum
1189 823 1336 896 depravati
1350 825 1488 896 exemplis
1500 824 1605 879 cedunt
1621 838 1686 877 cum
1701 822 1772 894 ipsis
1785 822 1817 877 in
1831 839 1899 895 prm

145 909 326 966 Permittitur
351 909 459 980 quippe
485 908 614 963 diabolus
642 924 815 979 consurgere
844 907 995 963 adversum
1051 913 1117 968 dam
1134 912 1252 967 diaboli,

145 1003 275 1053 sanctos:
307 1001 336 1052 et
361 998 416 1052 hoc
444 996 511 1051 totis
536 996 645 1051 viribus
673 1000 772 1064 certat,
797 1001 830 1050 nt
856 995 996 1052 tentando
1085 1000 1166 1057 Vana.
1197 1003 1240 1056 10.
1264 1003 1492 1072 -Reoemoero
1521 999 1651 1056 Sedecias
1680 998 1828 1070 significat
1855 1015 1899 1053 eos

145 1102 264 1160 gregem
279 1085 329 1141 Uei
344 1085 507 1157 percutiens
521 1101 570 1139 eos
584 1084 664 1155 prius
681 1084 845 1154 dissipando
875 1085 996 1149 auferat,
1052 1089 1101 1159 qui
1117 1088 1246 1159 regimen
1265 1089 1293 1143 in
1310 1090 1416 1161 populo
1432 1089 1482 1142 Uei
1502 1088 1662 1159 suscipiunt
1678 1087 1902 1160 :interpretator

147 1190 271 1247 quornm
287 1174 387 1228 solatio
402 1173 450 1228 alii
466 1178 565 1228 contra
575 1173 687 1228 hostem
702 1173 847 1227 dimicant.
1052 1177 1129 1231 onim
1143 1177 1272 1232 Sedecias
1289 1177 1382 1247 justus
1405 1176 1528 1231 Domini.
1552 1177 1596 1231 llli
1608 1176 1687 1230 enim
1699 1176 1849 1246 accipiunt
1861 1193 1900 1230 se-

484 1306 595 1362 CAPUT
615 1306 713 1360 XXXVI
1053 1265 1119 1320 dem
1149 1266 1268 1335 justitiae
1295 1265 1331 1319 ad
1359 1264 1517 1320 exercenda
1535 1281 1623 1335 opera
1649 1263 1769 1336 justitiae
1789 1264 1901 1319 honoris

719 1348 724 1359 '
1053 1357 1081 1408 et
1109 1353 1197 1408 oflicii
1226 1353 1374 1424 accipiunt
1398 1353 1579 1424 dignitatem,
1606 1352 1729 1407 maxime
1757 1351 1829 1425 quia
1854 1352 1902 1407 filii

184 1443 264 1496 Vsus.
289 1442 315 1494 4.
337 1470 374 1482 —
396 1438 602 1510 constituitque.
627 1439 740 1493 Necbao
768 1454 866 1509 regern
884 1436 998 1492 Joakim
1052 1443 1145 1509 Josiae,
1170 1443 1200 1497 id
1224 1446 1267 1497 est
1282 1443 1381 1497 salutis
1405 1441 1531 1508 Domini,
1548 1457 1600 1513 per
1625 1441 1750 1513 gratiam
1767 1440 1903 1512 baptismi

148 1529 306 1596 constituit,
326 1528 463 1600 imposuit
486 1529 723 1582 mulctamierrae
747 1531 863 1581 centum
882 1525 1001 1580 talentis
1054 1536 1083 1586 et
1098 1531 1263 1586 unctionem
1287 1531 1448 1586 chrismatis
1475 1530 1635 1600 nuncupari
1654 1535 1829 1584 merentur:
1856 1529 1902 1584 sed

149 1619 260 1691 argenti
276 1634 283 1671 :
299 1618 367 1690 quia
380 1616 642 1688 diabolusponsum
655 1613 762 1669 servitii
779 1613 917 1686 apopulo
932 1629 997 1684 per·
1054 1619 1261 1691 degenerantes
1288 1619 1458 1674 relabuntur
1476 1619 1507 1673 in
1522 1618 1658 1673 vitiorum
1679 1617 1819 1683 faeditate,
1837 1621 1865 1671 et
1878 1632 1904 1671 se

150 1707 276 1762 ditorum
290 1706 415 1777 expetiit,
431 1710 461 1759 ut
472 1711 531 1760 tam
546 1721 645 1759 sensus
660 1719 747 1775 quam
763 1701 877 1773 eloquio
903 1698 998 1772 parati
1055 1709 1182 1762 subditos
1196 1712 1368 1763 convertunt
1380 1708 1416 1763 ad
1439 1708 1628 1778 impietatem,
1646 1722 1698 1761 nec
1716 1705 1806 1761 fidem
1822 1693 1919 1777 quam¹

150 1796 208 1851 sint
222 1795 283 1866 ejus
303 1794 451 1865 obsequio.
929 1816 933 1823 ¹
1056 1799 1114 1852 er
1145 1797 1347 1868 promiserant,
1381 1797 1557 1865 custodiunt,
1584 1811 1717 1850 naccum
1740 1794 1903 1849 bominibus

187 1886 222 1938 Et
236 1885 328 1937 uertit.
349 1882 513 1937 Notandum
533 1881 610 1953 quod
624 1881 659 1936 do
686 1881 788 1936 eodem
811 1878 926 1934 Joaltim
939 1878 1001 1933 filio
1056 1886 1134 1957 pacis
1149 1886 1256 1940 foedera
1271 1890 1397 1940 serrant.
1417 1886 1497 1940 Tales
1512 1883 1640 1956 quotidie
1655 1882 1825 1948 leudisius,
1841 1898 1902 1954 pro-

152 1972 238 2028 Josiae
255 1971 410 2041 inllegum
426 1970 466 2024 ita
487 1970 702 2042 scriptumest:
733 1970 865 2025 Dormioit
889 1969 1003 2023 Joclrim
1056 1975 1217 2047 phetas-um,
1245 1978 1273 2028 et
1300 1974 1495 2044 apostolorum
1518 1972 1656 2026 miracula
1682 1986 1698 2026 s
1724 1972 1901 2042 peceatisre·

153 2077 214 2117 eum
227 2061 419 2130 patribussuis
442 2062 619 2130 remanetque
639 2059 768 2113 Joocbim
781 2059 855 2128 pilius
880 2057 939 2126 ejus
950 2072 1002 2126 pro
1056 2062 1166 2126 cedere,
1194 2065 1222 2115 et
1248 2061 1284 2115 ad
1311 2061 1464 2116 Dominum
1503 2076 1554 2131 per
1576 2059 1777 2131 poenitentiam
1803 2059 1902 2114 reverti

153 2151 253 2218 eoth
266 2150 336 2216 Rea.
368 2148 454 2218 xr1v).
474 2148 615 2219 Josepbns
639 2152 736 2202 tamen
758 2144 938 2202 dicittllum
954 2161 1003 2199 rex
1055 2152 1197 2205 monent:
1223 2150 1273 2205 sed
1299 2150 1387 2204 semel
1410 2148 1548 2213 indurati,
1577 2149 1665 2203 verba
1692 2146 1899 2218 salutisdespi·

156 2236 309 2308 Rabylonis
322 2237 457 2291 intrasset
477 2235 628 2299 civitatem,
646 2235 733 2290 fidem
747 2248 930 2304 nequaquam
943 2248 1002 2287 sor·
1056 2239 1147 2305 ciunt,
1178 2239 1253 2293 unde
1278 2239 1353 2293 [teus
1381 2237 1471 2292 iratus
1499 2237 1588 2291 ntittit
1613 2241 1711 2292 contra
1737 2252 1787 2291 eos
1812 2251 1903 2307 regom

154 2326 240 2393 ravit,
271 2326 318 2381 sed
331 2325 449 2396 juvenes
471 2323 641 2379 fortissimos
666 2327 695 2377 el
720 2320 935 2393 pulchritudine
951 2321 1001 2375 de·
1057 2328 1266 2391 Chaldaeorum,
1287 2325 1317 2381 id
1332 2330 1386 2394 est,
1403 2326 1550 2381 diabolum
1573 2342 1639 2380 cum
1654 2324 1826 2380 satellitibus
1842 2323 1903 2387 suis,

154 2429 234 2469 coros
262 2413 365 2469 occidit
393 2430 449 2467 una
478 2428 543 2467 cum
565 2427 631 2483 roge
657 2410 781 2477 lankim,
822 2424 910 2481 quem
937 2413 1004 2463 ante
1057 2414 1087 2469 id
1116 2419 1168 2480 est,
1191 2413 1389 2484 spiritualibus
1415 2413 1562 2484 nequitiis,
1586 2412 1635 2482 qui
1659 2412 1732 2466 nulli
1760 2417 1904 2482 parcentes

153 2516 269 2556 murum
292 2500 468 2573 insepultum
495 2499 597 2572 projici
616 2499 710 2570 jussit.
729 2497 833 2553 Filium
858 2513 928 2552 vero
942 2500 1004 2566 eius
1058 2503 1143 2566 aetati,
1161 2503 1236 2557 nulli
1249 2502 1410 2558 deferentes
1423 2501 1567 2572 dignitati,
1582 2515 1769 2571 quoscunque
1781 2498 1903 2570 capiunt,

152 2589 270 2644 Joachin
297 2588 444 2643 constituit
471 2603 569 2658 regem
595 2587 736 2641 universae
761 2585 927 2656 provinciae·
954 2587 1004 2639 Eos
1058 2592 1089 2646 in
1105 2592 1282 2662 Balylonem‚
1305 2591 1336 2646 id
1360 2594 1413 2658 est,
1433 2590 1464 2643 in
1487 2588 1685 2643 contusionem
1713 2587 1901 2651 transierunt;

156 2681 253 2731 autem
269 2675 319 2748 qui
346 2680 429 2730 arant
453 2674 686 2746 indignitatibus
710 2672 858 2729 constituti
881 2689 1004 2728 numero
1059 2685 1087 2734 st
1115 2681 1235 2734 domum
1252 2677 1364 2733 nomini
1380 2676 1547 2742 incendunt,
1563 2676 1632 2748 quia
1651 2675 1761 2743 fideles,
1777 2674 1829 2746 qui
1844 2677 1904 2728 sunt

156 2766 213 2820 tria
236 2765 338 2830 millia,
367 2763 447 2820 duxit
471 2763 502 2819 in
530 2764 715 2834 babylonem,
739 2762 816 2817 inter
842 2777 915 2833 quos
944 2766 1006 2816 erat
1058 2770 1200 2840 temptum
1216 2767 1278 2834 Dei,
1292 2766 1493 2836 blasphemare
1509 2766 1694 2836 compellunt.
1710 2763 1805 2818 biuros
1828 2765 1902 2818 leru-

158 2853 286 2909 Ezechiel
301 2854 394 2909 adhuc
419 2869 500 2926 puer.
524 2853 574 2906 llio
595 2867 663 2923 ergo
688 2852 753 2906 finis
777 2850 1005 2906 habuilloskim
1060 2859 1148 2913 salem
1164 2858 1325 2924 destruunt,
1349 2872 1415 2910 cum
1435 2854 1576 2908 custodias
1595 2858 1743 2923 pastorum
1758 2851 1899 2923 dejiciunt,

157 2962 256 3017 regem
270 2945 321 3016 qui
340 2945 411 3000 vixit
433 2961 524 2999 annos
548 2944 646 3000 decern
668 2949 697 2999 et
717 2943 845 3015 triginta,
874 2941 1037 3014 regnavitc
1057 2947 1345 3010 torrescomburunt,
1361 2959 1426 2997 cum
1442 2943 1576 3013 prelatos
1589 2958 1642 3014 per
1656 2940 1756 2995 illicita
1768 2940 1902 2995 desideria

157 3040 253 3089 autem
267 3035 401 3091 undecim
423 3035 515 3089 annis.
542 3033 690 3089 Successor
703 3048 771 3087 aero
794 3030 877 3103 regni
890 3031 1005 3087 loakim
1059 3039 1205 3089 exurunt:
1226 3048 1310 3094 omne
1321 3031 1480 3102 pretiosum
1496 3029 1701 3095 demoliuntur,
1718 3024 1845 3082 cum'eos
1859 3025 1900 3098 qui

157 3140 206 3179 rex
223 3124 340 3179 nomine
356 3122 516 3179 ononimus
535 3122 666 3193 regnauit
688 3120 836 3176 mensibus
863 3119 953 3175 tribus
976 3124 1006 3174 et
1059 3123 1093 3177 de
1108 3122 1219 3176 virtutis
1235 3125 1264 3175 et
1288 3119 1413 3180 scientiae
1434 3118 1624 3189 praerogativa
1639 3116 1692 3171 sibi
1716 3115 1899 3188 applaudunt,

159 3213 258 3267 diebus
282 3214 390 3268 decem.
415 3211 568 3267 Sciendum
596 3213 703 3276 autem,
731 3207 809 3279 quod
836 3223 902 3261 cum
918 3207 1005 3261 semel
1060 3212 1094 3265 ad
1111 3211 1233 3265 nibilum
1249 3209 1392 3280 redigunt.

159 3300 224 3372 quis
247 3300 364 3355 cuilibet
386 3299 455 3353 vitio
484 3315 513 3353 se
541 3296 756 3368 mancipaverit,
771 3295 870 3350 multis
882 3294 1006 3349 dominis
1096 3299 1173 3353 Finis
1202 3298 1267 3353 libri
1282 3297 1519 3368 Paralipomenon
1547 3293 1649 3348 similis
1673 3291 1817 3365 principio
1844 3290 1898 3346 libri
1942 3316 1944 3329 ·

158 3388 299 3443 obnoxius
318 3388 380 3442 erit.
398 3387 476 3443 Unde
494 3387 605 3441 Joalaim
621 3401 708 3457 quem
732 3384 843 3440 Pharao
859 3387 1006 3438 antecen·
1062 3387 1215 3442 sacerdotis
1235 3384 1352 3440 Esdroe:
1381 3384 1458 3438 unde
1474 3382 1551 3453 quod
1573 3382 1612 3436 ihi
1636 3382 1833 3452 exposuimus,
1861 3379 1896 3435 hic

159 3492 223 3531 sum
250 3476 304 3531 sibi
333 3475 440 3529 solvere
455 3474 557 3544 coegit,
587 3474 664 3528 huno
679 3472 944 3527 Nabuchodonosor
955 3487 1007 3526 rex
1062 3476 1199 3546 replicare
1214 3490 1273 3529 non
1296 3478 1337 3528 est
1357 3489 1438 3543 opus.
1472 3472 1511 3526 Ue
1538 3470 1742 3541 Cyroquoque
1765 3467 1897 3540 quomodo

159 3564 310 3636 Babylonis
325 3563 417 3619 tribus
436 3563 519 3616 annis
542 3562 648 3616 servire
676 3560 832 3631 compellit.
856 3560 1007 3615 Nabaobo·
1062 3564 1205 3620 Christum
1225 3562 1377 3633 significet,
1402 3565 1432 3615 et
1454 3576 1519 3631 quae
1538 3558 1574 3613 de
1588 3576 1622 3613 eo
1645 3559 1789 3625 dicantur,
1805 3563 1834 3613 et
1846 3571 1897 3629 qna

160 3652 286 3708 donosor
304 3651 438 3706 eumdem
457 3650 599 3722 significat
620 3665 706 3722 quem
733 3655 762 3704 et
777 3649 902 3715 Pharao;
922 3649 1007 3720 prin·
1061 3653 1096 3708 ad
1111 3652 1206 3724 ipsum
1223 3651 1393 3716 reserantur,
1406 3648 1437 3703 in
1449 3647 1522 3702 lsaia
1537 3647 1731 3717 exposuimus.

160 3742 253 3813 cipem
280 3741 387 3796 scilicet
409 3738 584 3795 confusionis
609 3744 638 3793 et
660 3743 802 3793 rectorem
823 3737 1006 3792 tenebrarum
1096 3741 1174 3810 (Rea.
1192 3755 1226 3793 ex
1242 3738 1338 3809 Beda.)
1354 3737 1489 3793 Salomon
1512 3736 1654 3805 templum
1674 3734 1788 3790 Domini
1802 3737 1895 3805 septem

160 3829 273 3884 harum.
301 3830 371 3885 Cum
399 3831 496 3883 autem
513 3826 642 3881 diabolus
666 3827 792 3898 aliquem
821 3826 1007 3881 sibicensum
1060 3828 1144 3883 annis
1154 3825 1312 3881 construxit
1332 3826 1362 3880 in
1375 3825 1546 3890 Jerusalem,
1561 3828 1626 3892 etc,
1642 3839 1728 3893 usque
1751 3822 1790 3878 od
1804 3820 1895 3876 scilicet

161 3917 269 3990 peccati
301 3918 409 3973 solvere
436 3916 521 3987 cogit,
550 3919 643 3970 lotum
672 3915 701 3969 in
728 3914 887 3970 dominium
922 3930 1005 3969 sunm
1060 3917 1088 3969 et
1102 3913 1223 3968 civitatis
1238 3913 1290 3968 Uei
1304 3911 1338 3967 de
1349 3928 1407 3983 qua
1421 3910 1502 3982 ejecti
1512 3911 1636 3981 inerant,
1649 3910 1802 3981 recipiunt.

730 4128 909 4206 ESURAE
951 4127 1101 4205 LlBER
1145 4126 1344 4206 PRIMUS.

485 4273 521 4336 Β.
549 4270 772 4337 HlllltONYMl
798 4270 838 4335 ΙΝ
862 4268 1027 4335 astutia
1049 4268 1103 4335 ΕΤ
1126 4267 1344 4333 ΝΕΗΕΜΙΑΜ
1369 4266 1587 4334 PROLOGUS.

834 4408 917 4479 (Vide
932 4412 999 4463 tome
1016 4408 1081 4463 Vlll
1095 4407 1228 4478 operum.)

447 4623 559 4678 CAPUT
578 4622 727 4677 PlllldUll.
1027 4622 1050 4675 U
1067 4619 1112 4674 his
1126 4618 1218 4675 verbis
1231 4619 1303 4674 tides
1326 4619 1413 4690 regis,
1439 4623 1505 4686 etc,
1520 4619 1657 4689 usquead
1679 4635 1836 4690 eorumque
1849 4611 1914 4672 eni·

199 4716 285 4783 (Baua
299 4716 329 4768 iu
343 4710 469 4777 Esdram,
499 4716 568 4765 tom.
587 4711 636 4779 ΙΙ.)
656 4709 734 4766 Siout
751 4711 841 4781 Cyrus
866 4710 1010 4765 destructo
1065 4724 1127 4763 mos
1140 4712 1169 4761 et
1181 4723 1285 4761 manus
1300 4708 1335 4762 ad
1351 4707 1487 4761 salutaria
1502 4706 1641 4777 dirigeret
1654 4723 1752 4778 opera.

164 4804 363 4860 chddaeorum
388 4799 509 4871 imperio
533 4799 673 4872 populum
698 4799 748 4852 Uei
775 4798 915 4863 liberavit,
944 4803 1010 4862 etc,
1100 4796 1236 4851 dsoeudat
1264 4794 1463 4850 iuluusolem.
1486 4794 1549 4865 (lu,
1565 4794 1849 4866 ibid.)Quipecoant
1866 4774 1933 4846 νδ

163 4892 298 4963 usquead
322 4890 427 4962 quibus
445 4887 532 4943 fidem
558 4888 602 4941 sui
618 4885 744 4941 nominis
770 4890 799 4940 at
812 4902 892 4958 spem
909 4886 1010 4941 salutis
1065 4884 1213 4940 saecularia
1228 4888 1330 4939 curant
1353 4884 1384 4938 iu
1402 4884 1461 4938 imo
1474 4888 1563 4938 sunt:
1593 4883 1642 4956 qui
1656 4885 1715 4939 Deo
1729 4885 1843 4956 placere
1864 4883 1940 4939 de‘

165 4981 275 5036 cunctis
290 4979 340 5051 qui
354 4978 391 5033 ad
406 4992 526 5046 regnum
539 4990 623 5029 sunm
635 4974 791 5045 pertinent,
803 4973 831 5028 id
846 4978 888 5029 est
902 4973 1008 5040 electis,
1065 4973 1202 5035 siderant,
1235 4973 1270 5028 ad
1311 4972 1437 5028 coelestia
1469 4972 1626 5043 suspirent,
1661 4989 1765 5028 omnes
1792 4961 1944 5044 pompa!

164 5069 309 5140 praedicat.
1065 5062 1166 5116 mundi
1180 5067 1208 5117 et
1230 5062 1377 5116 illecebras
1398 5065 1573 5115 aetemorum
1588 5076 1684 5115 amore
1699 5062 1944 5116 transcendant‘

200 5156 281 5211 Vras.
314 5158 338 5210 l.
367 5183 402 5197 -
429 5155 465 5209 Et
488 5155 547 5221 ipae
569 5152 698 5221 praecepit
718 5151 787 5205 mibi
807 5149 1013 5218 utacdittoorem
1066 5154 1095 5203 et
1121 5148 1263 5204 aedificent
1291 5149 1407 5202 domum
1427 5149 1484 5202 er
1511 5145 1663 5213 inludaea,
1682 5146 1713 5201 in
1738 5142 1944 5202 confession&

165 5247 190 5299 ei
202 5244 321 5312 domum,
336 5247 388 5298 etc.
406 5241 549 5311 (Banaubi
561 5239 673 5310 supro.)
689 5240 796 5294 Uomus
811 5238 855 5292 vel
872 5238 1012 5309 templum
1066 5238 1171 5292 scilicet
1196 5253 1256 5292 suae
1268 5236 1430 5308 iniquitatis
1453 5241 1482 5290 et
1503 5235 1608 5290 divina
1621 5235 1826 5302 miserationis,
1839 5248 1936 5308 praes

167 5332 217 5386 Dei
240 5332 271 5386 in
287 5331 440 5402 seripturis
472 5329 585 5395 sanctis,
603 5333 669 5395 eto,
694 5327 825 5397 mouenti
854 5331 883 5381 et
904 5326 1014 5398 pariter
1066 5331 1170 5396 parent
1196 5326 1284 5380 corda
1308 5341 1359 5379 sna
1380 5340 1445 5396 quae
1470 5325 1543 5379 lleus
1571 5322 1701 5378 habitare
1721 5329 1751 5380 et
1772 5324 1922 5380 illustrare

166 5418 196 5473 in
209 5419 307 5474 litturo
325 5417 509 5474 dedicationis
528 5417 606 5472 illins
628 5416 769 5471 solemnia
796 5418 972 5485 exspectent.
1068 5415 1214 5486 dignetur,
1239 5418 1268 5468 et
1292 5413 1424 5483 proximo
1448 5412 1483 5466 ad
1507 5411 1583 5467 idem
1612 5412 1737 5467 invitare
1765 5413 1862 5469 verbis
1886 5417 1915 5468 et

201 5506 282 5562 Vrsa.
299 5509 326 5562 3.
341 5535 376 5549 ·-
401 5507 466 5573 Quis
489 5509 529 5560 est
542 5507 572 5560 iu
588 5504 677 5560 vodis.
696 5505 760 5571 (ln,
776 5503 855 5572 ibid.)
868 5503 969 5575 lingna
981 5501 1012 5557 in
1067 5502 1203 5573 exemplis
1212 5502 1350 5556 nitantur.
