3892 6106
139 280 207 334 tras
445 277 642 332 warantum
661 276 784 333 staret
805 274 908 332 nutu.
928 275 1011 331 ΜΘΝ.
1031 274 1106 333 ΟΡΡ.
1127 274 1214 330 PARS
1233 275 1254 330 Ι.
1274 301 1309 314 -
1327 272 1556 330 ranunculae.
1828 272 1889 326 llll

139 406 168 456 et
187 400 335 456 abscondit
360 415 531 470 sesponsus,
557 403 667 453 utnon
692 398 834 465 inventus,
877 397 984 453 arden·
999 398 1023 451 Α
1040 396 1234 468 promotiones
1260 394 1296 450 sit
1320 394 1520 466 multiplicata.
1549 394 1613 460 Quas
1639 399 1682 449 est
1706 392 1786 448 istut
1805 393 1890 447 iudai

139 490 197 546 tius
212 495 370 562 quaeratur.
390 491 425 543 Et
437 503 490 542 non
504 490 605 542 inueni.
622 486 729 558 (Gaea.)
740 486 811 551 Quia
830 486 899 541 mihi
916 503 989 558 gen·
1042 483 1182 549 conversi,
1196 482 1324 537 videntes
1339 481 1426 536 etiam
1444 486 1545 552 gentes
1563 479 1695 535 converti
1710 487 1742 533 et
1770 478 1802 533 in
1824 495 1893 533 amo

141 579 239 634 tilitati
267 594 325 632 non
354 577 482 647 angelus,
518 591 577 631 non
601 577 753 647 propbeta,
780 591 840 630 non
869 577 991 647 quilibet
1043 570 1579 643 remspousipariterrecipi3nonex
1607 569 1726 636 invidia,
1744 569 1794 622 sed
1815 571 1893 639 quasi

143 666 242 722 doctor
257 666 288 719 in
311 664 405 719 dubiis
421 665 518 718 lumen
534 663 638 718 divina
653 663 826 734 cognitionis
854 664 988 731 ostendit,
1044 661 1226 724 admirantes,
1246 666 1275 715 at
1296 661 1330 715 de
1356 660 1491 714 societate
1521 658 1644 713 fratrum
1666 658 1891 728 congaudentes,

143 755 207 811 ideo
234 770 293 809 nou
307 753 415 821 inveni,
432 753 509 824 quod
525 752 739 824 ubi‘comperi,
767 752 842 824 quod
862 752 893 806 in
917 753 989 807 lecto
1043 748 1196 821 inquirunt
1210 750 1233 804 si
1246 751 1322 803 salus
1343 748 1379 801 sit
1394 747 1536 818 promissa
1549 747 1685 818 gentibus
1700 763 1708 802 ε
1725 746 1805 818 quod
1827 746 1894 799 mul·

144 860 201 899 non
211 846 309 914 posset
322 840 456 902 inveniri.
478 841 615 913 proposui
625 841 655 895 in
670 842 767 895 animo
790 857 853 896 meo
867 840 902 895 de
917 842 990 895 lecto
1044 843 1107 895 tum
1122 839 1236 893 luerent
1245 837 1378 893 dubium.
1397 840 1462 902 Qua
1474 835 1608 891 ascendit.
1629 835 1738 889 Eodem
1752 840 1893 905 tempore·

144 930 303 987 carnalium
335 929 516 1001 voluptatum
549 945 712 1001 exsurgere,
742 933 771 984 et
795 929 830 985 ad
863 928 990 984 laborem
1045 933 1075 985 et
1097 928 1216 995 dormit,
1235 943 1301 981 cum
1327 942 1343 980 a
1371 925 1534 981 carnalibus
1548 925 1699 980 desideriis
1720 940 1753 979 se
1781 924 1893 978 alienat.

144 1020 299 1075 salutilerae
312 1018 508 1090 inquisitionis
528 1019 649 1090 accingi,
673 1024 701 1074 et
715 1023 791 1073 terra
805 1023 834 1073 et
853 1019 926 1073 mari
938 1035 991 1090 pu·

144 1109 218 1165 blice
233 1112 262 1163 et
283 1107 418 1180 privatim
443 1107 652 1172 universorum,
669 1124 740 1177 quos
753 1108 896 1178 sapientes
907 1107 991 1162 audi·

146 1214 219 1265 rem,
236 1196 401 1267 magisteria
426 1196 515 1251 adire.
544 1197 614 1263 Vici,
643 1201 710 1250 sunt
736 1196 900 1267 spirituales
927 1195 991 1262 viri,

1046 1017 1187 1084 Ecclesiae,
1203 1021 1231 1070 et
1249 1015 1333 1070 bouis
1353 1013 1490 1085 operibus
1508 1015 1542 1067 ad
1558 1014 1699 1068 visionem
1724 1013 1770 1067 sui
1797 1011 1895 1066 condi-

1047 1105 1117 1162 toris
1141 1103 1304 1177 appropiat.
1338 1105 1390 1157 Per
1412 1102 1555 1158 desertum.
1572 1102 1603 1157 ld
1623 1108 1667 1156 est
1689 1116 1747 1173 per
1771 1102 1896 1156 medium

1047 1195 1187 1266 gentium.
1203 1208 1267 1264 quae
1281 1192 1361 1246 nulla
1384 1197 1467 1245 erant
1481 1190 1620 1245 virtutum
1649 1189 1734 1260 fruge
1756 1189 1895 1256 facundae,

146 1284 664 1358 quidumadcoelestiagradiontur,
694 1289 845 1355 angustam
858 1285 933 1339 viam
949 1288 993 1338 te·
1047 1298 1118 1355 quas
1142 1282 1238 1336 nultus
1266 1278 1418 1351 propbeta,
1442 1279 1487 1333 rel
1510 1278 1681 1349 angelosad
1709 1278 1823 1333 cultum
1850 1278 1897 1332 Dei

146 1381 225 1430 nent.
241 1375 348 1435 Platea,
378 1373 405 1427 id
432 1377 484 1439 est,
509 1373 667 1439 saculares,
696 1372 746 1444 qui
773 1373 992 1442 multasvolup·
1047 1371 1220 1435 instituerat,
1244 1369 1315 1422 vel:
1341 1370 1392 1423 Per
1423 1366 1557 1421 desertm
1582 1369 1654 1421 sieut
1675 1368 1792 1434 oirputu
1818 1368 1894 1432 sirmi,

146 1466 218 1518 tates
242 1465 412 1533 sequuntur,
437 1460 597 1515 etaltavia
624 1459 762 1514 incedunt
789 1461 896 1515 Omnes
925 1474 993 1530 ergo
1048 1459 1117 1531 quia
1133 1475 1147 1511 a
1163 1455 1898 1526 mundiillecebrisseparata‚coelestibuspraeceptis

147 1550 289 1616 circumit,
310 1550 376 1621 quia
388 1565 487 1604 omnes
499 1553 621 1614 sanctos,
643 1549 692 1620 qui
715 1553 780 1603 suut
809 1549 851 1604 vel
865 1549 992 1614 luerunt,
1048 1553 1091 1602 est
1105 1546 1210 1601 dedita.
1224 1546 1327 1600 Fumus
1343 1543 1444 1598 eodem
1455 1548 1586 1614 tempora
1602 1544 1708 1614 partim
1724 1544 1828 1609 oritur,
1845 1557 1899 1613 par·

148 1643 244 1695 mente
259 1639 398 1710 conspicit
420 1644 449 1692 et
463 1637 615 1692 imitatur:
645 1638 731 1692 etiam
755 1637 786 1691 in
810 1637 994 1693 sacularibus
1047 1635 1111 1702 tim,
1138 1634 1189 1706 qui
1207 1634 1287 1705 prius
1314 1636 1395 1686 ortus
1420 1631 1525 1694 luerat.
1545 1631 1618 1686 solet
1641 1632 1671 1685 in
1688 1631 1900 1687 sublimioribus

149 1727 304 1799 aliquando
333 1727 451 1792 invenit,
479 1725 557 1797 quod
594 1727 686 1780 valcat
711 1725 746 1781 ad
777 1725 993 1797 inquisitionem

149 1817 257 1890 sponsi,
273 1816 321 1871 sed
336 1820 490 1887 postquam
518 1814 646 1869 laborem
669 1815 848 1884 geminatum
872 1815 994 1886 inquisi-

149 1905 235 1961 tionis
249 1903 382 1969 ostendit,
399 1903 505 1958 iterum
519 1902 716 1957 difficultatem
740 1902 915 1957 inventionis
928 1905 995 1959 sub·

149 1994 210 2049 dit:
229 1994 357 2059 Quaestos',
374 1996 399 2047 et
413 2006 465 2046 non
480 1993 589 2045 inueni:
613 1990 662 2044 sed
679 1990 749 2045 dum
763 1991 868 2062 quaerit
894 1997 923 2046 et
936 2008 995 2046 nou

150 2079 269 2146 invenit,
297 2080 358 2151 ipsa
371 2083 400 2132 et
413 2078 554 2149 quaritur
571 2083 599 2132 et
626 2077 793 2132 invenitur:
817 2079 896 2134 Unde
922 2079 995 2134 dici-

150 2173 198 2223 tur
214 2186 220 2224 :
239 2169 402 2223 Invenerunt
416 2183 457 2222 me
479 2167 584 2235 utqites.
602 2167 728 2232 Quaesivi.
754 2167 879 2222 Plurima
897 2167 996 2223 labore

150 2257 259 2312 mundo
278 2261 441 2327 peragrato,
484 2254 658 2325 sapientium
674 2255 768 2309 verbis
792 2256 934 2326 discussis,
957 2255 997 2310 nil

150 2349 260 2398 certum
274 2343 309 2397 de
320 2343 364 2395 via
379 2341 505 2396 veritatis
516 2341 662 2396 addiscere
672 2342 762 2412 potui.

186 2432 266 2486 Vens.
290 2432 317 2486 3.
341 2461 375 2470 -
399 2432 562 2485 lacesserunt
583 2446 634 2484 me.
652 2429 723 2485 Cum
747 2429 787 2484 sic
810 2429 997 2502 inquirerem,

152 2519 290 2576 Dominus
316 2519 390 2573 hanc
409 2517 573 2572 instantiam
597 2517 794 2589 inquisitionis
808 2519 914 2586 videns,
931 2523 998 2574 tan-

1048 1726 1214 1794 disparere:
1239 1722 1279 1777 sic
1302 1723 1435 1790 Ecclesia,
1455 1722 1487 1776 in
1501 1721 1674 1793 quibusdam
1691 1723 1753 1776 suis
1768 1721 1901 1777 membris

1050 1828 1164 1884 semper
1196 1811 1327 1882 gignitur
1360 1826 1444 1878 nora,
1479 1810 1509 1865 in
1536 1810 1722 1882 quibusdam.
1744 1811 1798 1883 qui
1824 1811 1900 1880 prius

1050 1902 1109 1957 nati
1126 1902 1253 1963 luerunt,
1269 1917 1383 1971 semper
1403 1899 1550 1966 colligitur
1568 1899 1603 1954 ad
1629 1899 1770 1955 coetestia.
1802 1901 1901 1954 Fumus

1050 2007 1085 2046 er
1101 1992 1262 2062 ignenatus
1285 1989 1320 2044 ad
1343 1990 1400 2043 alta
1421 1988 1614 2043 conscendens
1636 1989 1784 2059 paulatim
1810 2004 1840 2042 se
1855 1989 1901 2043 ho-

1051 2081 1144 2135 menis
1161 2077 1304 2133 subtrabit
1324 2077 1506 2147 aspectibus:
1524 2077 1574 2132 sic.
1588 2076 1715 2132 Ecclesia
1731 2077 1802 2147 igne
1818 2077 1901 2131 sancti

1051 2168 1138 2224 solius
1152 2166 1274 2238 Spiritus
1288 2165 1318 2220 in
1335 2181 1462 2219 amorem
1484 2165 1534 2219 ltei
1544 2180 1662 2219 accensa
1679 2165 1838 2220 ascendere
1851 2182 1900 2220 non

1052 2256 1166 2321 desiuit,
1187 2255 1278 2310 donec
1304 2270 1321 2308 a
1349 2253 1471 2308 terrenis
1507 2253 1649 2308 abstracta
1677 2254 1715 2308 ad
1749 2253 1901 2307 invisibilia

1051 2344 1116 2400 coeli
1134 2343 1271 2414 rapiatur.
1302 2341 1537 2397 Euuromuts'tus.
1566 2341 1639 2397 Nota
1668 2340 1749 2412 qnod
1778 2344 1901 2395 aromata

1053 2446 1294 2494 commemorans,
1330 2430 1425 2500 primo
1453 2430 1604 2498 mur-rtrum,
1633 2429 1740 2484 deinde
1771 2431 1845 2493 titus,
1880 2433 1902 2482 et

1053 2525 1154 2591 postea
1163 2518 1286 2574 uniuersi
1298 2519 1420 2588 pulueris
1438 2519 1615 2587 piamenturti
1628 2517 1724 2588 ponit,
1747 2518 1821 2588 quia
1832 2517 1903 2588 prius

149 2610 259 2665 demse
280 2606 462 2662 manifestare
479 2607 671 2677 dignatusest
690 2607 779 2661 etcui
798 2606 999 2679 inspiraverat,
1056 2613 1098 2662 est
1124 2606 1296 2662 mortificare
1325 2605 1587 2676 concupiscentiam
1618 2606 1723 2668 carnis,
1750 2605 1902 2676 posteaol-

151 2702 183 2753 ut
198 2704 351 2768 quaereret,
367 2693 506 2765 querenti
523 2694 640 2749 donarit
658 2699 690 2749 ut
699 2694 852 2750 inveniret.
1057 2696 1114 2751 lere
1130 2696 1188 2750 Deo
1208 2693 1358 2764 placabilia
1376 2698 1442 2748 rota
1466 2693 1570 2761 cordis,
1586 2697 1616 2747 et
1630 2692 1671 2747 sic
1699 2708 1770 2748 cum
1795 2692 1904 2748 humili·

188 2789 259 2845 Num
280 2800 358 2856 quem
372 2783 474 2850 ditiqtt.
493 2781 613 2854 (Genu.)
629 2783 687 2838 lllis
702 2784 862 2838 volentibus
887 2784 1001 2848 docere,
1057 2788 1115 2839 tate
1130 2797 1256 2836 crescere
1271 2781 1300 2836 iu
1325 2780 1405 2835 omni
1433 2780 1571 2835 virtutum
1596 2796 1715 2852 genere.
1753 2780 1904 2849 Piquentu.

152 2872 208 2928 ista
234 2871 358 2944 flagrans
385 2870 476 2924 nimio
505 2886 602 2926 amore
632 2871 713 2943 prior
737 2872 905 2944 alloquitor,
932 2875 1003 2930 Num
1059 2872 1092 2926 In
1116 2871 1264 2942 pulverem
1288 2870 1402 2924 redacta
1431 2870 1528 2924 valent
1553 2869 1588 2924 ad
1612 2869 1849 2925 conlectionem:
1873 2870 1907 2923 sic

153 2976 231 3033 quem
264 2960 367 3027 unicas.
391 2958 513 3013 Ecclesia
533 2958 815 3031 interrogatvigites,
833 2977 898 3016 cum
923 2978 998 3033 prm·
1021 2954 1177 3014 Cvirtutes
1192 2974 1258 3012 cum
1284 2974 1343 3011 non
1366 2956 1508 3012 extollunt
1528 2958 1668 3019 animum,
1700 2959 1753 3013 sed
1778 2958 1906 3030 quasiin

153 3049 323 3105 dicationem
348 3047 457 3101 intente
482 3048 612 3118 suscipit,
628 3049 697 3103 etin
712 3065 745 3103 ea
767 3050 910 3105 bonorum
934 3066 1000 3122 ope·
1055 3048 1211 3119 pulverem,
1236 3045 1419 3117 reputatione
1434 3045 1556 3116 agentis,
1582 3045 1769 3116 rediguntur.
1795 3048 1831 3102 ad
1847 3063 1905 3119 par·

155 3135 584 3192 ramesbibitionefructificat.
1055 3135 1209 3190 lectionem
1229 3134 1400 3205 perducunt.
1432 3134 1645 3201 Piqmmturtus,
1678 3136 1721 3189 rel
1750 3136 1840 3191 homo
1865 3136 1906 3207 qui

192 3227 276 3280 Vens.
289 3227 315 3279 l.
331 3254 365 3266 -
381 3226 445 3281 Cum
459 3228 677 3294 pertransissem.
692 3227 756 3297 (ln.)
772 3229 826 3282 Per
844 3243 894 3282 eos
908 3231 1000 3282 trans·
1057 3237 1176 3295 operam
1190 3224 1238 3277 dat
1249 3223 1401 3277 virtutibus
1415 3239 1422 3276 ι
1434 3223 1477 3276 sel
1491 3223 1575 3290 Deus,
1585 3223 1636 3294 qui
1645 3223 1773 3279 virtutes
1784 3225 1905 3296 largitur.

156 3314 188 3381 it,
206 3314 273 3384 quia
295 3314 324 3367 in
339 3312 409 3382 ipsis
422 3313 500 3366 videt
524 3314 646 3368 formam
676 3315 749 3384 ejus,
776 3330 863 3386 quem
882 3317 1001 3389 quaerit3
1095 3310 1907 3384 Veas.7.-Eutectutum.Prioriamicemirantirespon·

158 3405 187 3456 et
209 3407 306 3455 tamen
329 3405 418 3467 trans,
448 3400 515 3471 quia
534 3401 631 3468 baum,
653 3401 703 3472 qui
731 3406 774 3456 est
792 3403 877 3471 ultra,
904 3403 1005 3476 incipit
1050 3400 1106 3456 'det
1119 3399 1265 3471 gentilitas
1277 3398 1481 3467 determinans,
1492 3415 1550 3470 quo
1560 3401 1705 3469 ascendat,
1723 3403 1798 3473 qnia
1810 3403 1908 3457 scilicet

158 3487 266 3542 imitari
281 3492 308 3542 et
323 3487 440 3541 intueri.
455 3486 567 3541 Transit
585 3489 686 3542 Petrus
710 3488 811 3559 vigilas
839 3491 909 3545 dum
935 3508 1003 3546 con·
1059 3490 1094 3545 ud
1110 3491 1245 3553 lectulum,
1257 3492 1285 3542 et
1298 3503 1350 3558 per
1364 3487 1433 3558 quid
1449 3488 1593 3555 escendat,
1609 3488 1680 3559 quia
1694 3489 1812 3547 scilicet
1824 3491 1907 3546 media

159 3576 264 3630 temnit
286 3574 452 3647 propbetas,
479 3580 508 3629 et
528 3575 648 3630 Domino
672 3579 880 3647 prophetarum
907 3579 1003 3635 dicit:
1059 3579 1165 3647 (uculo
1195 3581 1261 3631 sunt
1285 3577 1422 3631 charitate
1450 3581 1604 3643 constrata,
1634 3580 1665 3632 ct
1695 3580 1808 3649 probat
1830 3596 1858 3634 se
1884 3579 1907 3632 in

162 3667 201 3719 Tu
230 3679 257 3719 es
285 3665 423 3730 Christus,
439 3664 528 3718 Filius
552 3667 602 3718 Dei
629 3665 687 3719 nivi
711 3666 1006 3737 (liuttb.xv1).llonec
1062 3668 1162 3722 eadem
1183 3664 1278 3736 sponsi
1300 3663 1484 3719 dilectionem
1510 3665 1673 3732 accessisse,
1698 3666 1734 3721 in
1756 3683 1815 3739 qua
1843 3668 1908 3741 prior

124 3808 127 3813 ,
160 3750 331 3806 introducam
360 3750 443 3805 titum.
466 3757 518 3806 etc.
553 3753 645 3806 Donec
669 3753 699 3807 in
726 3754 782 3809 line
799 3755 898 3810 mundi
919 3756 1007 3827 Syna·
1062 3756 1213 3827 est÷quia
1232 3753 1365 3809 similiter
1379 3753 1474 3821 habet,
1497 3753 1656 3824 nuptialem
1692 3762 1909 3828 apparatumat

162 3854 277 3910 gorram,
294 3854 346 3909 per
360 3854 447 3908 quam
467 3838 596 3893 auditum
623 3839 679 3895 fide
706 3842 827 3912 suscepi,
851 3847 879 3897 st
903 3849 1007 3914 myste-
1063 3842 1377 3919 praedicatoreshabet,
1393 3858 1466 3914 quos
1487 3843 1560 3897 Deus
1579 3843 1682 3897 adnos
1703 3861 1768 3900 non
1789 3847 1908 3911 misasset,

163 3927 238 3982 rium
254 3927 481 3998 regenerationis
495 3927 530 3981 ad
546 3928 632 3982 tidem
647 3929 709 3999 ejus
724 3945 857 3984 revocare
869 3937 1007 4002 satagam.
1065 3934 1121 3990 nisi
1148 3949 1197 3986 eos
1235 3931 1429 4002 praeelegisset
1460 3933 1504 3986 En
1531 3932 1667 3997 lectulum.
1683 3932 1826 3990 Lectulus
1863 3935 1910 3989 reri

163 4016 286 4071 Ecclesia
300 4015 416 4086 gentilis
430 4015 558 4069 intinem
581 4018 724 4072 revocabit
739 4019 930 4090 synagogam,
947 4036 1010 4092 quaa
1065 4021 1186 4095 pacifici,
1213 4025 1320 4075 aeterna
1342 4019 1500 4085 beatitudo,
1520 4018 1551 4074 in
1571 4036 1628 4091 qua
1648 4036 1697 4076 rex
1723 4039 1793 4078 cum
1822 4025 1910 4079 sancus

164 4105 243 4177 prius
257 4110 405 4158 vocaverat
419 4104 497 4158 illam
511 4120 562 4174 per
577 4106 730 4175 apostolos.
1066 4110 1197 4184 quiescit,
1225 4110 1258 4164 ad
1292 4125 1379 4180 quem
1408 4109 1531 4163 Ecclesia
1553 4124 1605 4178 per
1635 4109 1791 4168 desertum
1820 4115 1909 4184 partin

202 4194 282 4247 Vens.
311 4195 336 4247 5.
363 4221 399 4233 -
422 4192 530 4262 Adiuro
554 4207 609 4246 uos.
632 4193 761 4249 Christus
783 4195 1047 4290 audiensseperD
1067 4200 1195 4273 qirotidie
1220 4197 1360 4269 pervenit,
1391 4197 1506 4251 tandem
1532 4197 1655 4269 perfecte
1678 4203 1847 4269 perveniet.
1874 4201 1908 4255 td

167 4283 220 4338 bos
245 4280 496 4347 introducendum,
522 4281 635 4349 adjurat
660 4299 697 4337 ne
713 4284 739 4337 ei
767 4290 869 4354 parent
892 4285 1011 4356 impedi·
1064 4291 1150 4352 etiam
1178 4288 1299 4342 lectulus
1316 4285 1365 4340 ltei
1391 4290 1434 4340 est
1457 4285 1647 4356 inpraesenti
1672 4289 1778 4358 quieta
1806 4307 1908 4346 censer·

168 4374 311 4425 mentum.
327 4369 433 4439 Adjuro
446 4385 501 4424 uos.
520 4371 585 4423 ldeo
601 4371 741 4440 repetitur
754 4371 801 4426 hic
814 4373 969 4428 versiculus
985 4376 1014 4430 in
1069 4379 1141 4434 satio
1157 4381 1330 4430 sanctorum.
1361 4375 1520 4446 Utrumque
1552 4374 1658 4428 lectum
1676 4377 1810 4434 ambiant
1829 4382 1908 4448 {mtu-

168 4456 278 4511 cantico
293 4456 408 4518 amoris,
433 4461 467 4511 ut
481 4473 538 4511 non
555 4458 698 4513 minorem
712 4475 741 4513 se
767 4460 906 4516 Dominus
922 4463 1015 4517 Eccle·
1065 4456 1236 4536 'sims'2quia
1254 4467 1283 4518 et
1298 4467 1466 4534 praesentem
1494 4463 1631 4534 quietem,
1646 4468 1675 4519 et
1701 4481 1809 4535 pacem
1834 4470 1910 4523 Eccle-

169 4546 267 4600 siaedc
291 4545 434 4616 gentibus,
462 4562 550 4616 quam
578 4547 613 4601 de
641 4546 746 4603 Judaeis
774 4551 1015 4606 collectaneorum
1071 4556 1121 4610 siae
1137 4553 1335 4625 predicatores
1355 4557 1455 4606 contra
1470 4551 1599 4605 incursus
1621 4556 1756 4625 tuentur,
1785 4561 1816 4612 et
1836 4557 1909 4611 inter·

110 4636 126 4659 ⁹
170 4633 296 4688 babere:
312 4633 360 4687 sed
383 4634 523 4704 aequalem
549 4650 600 4705 pro
618 4635 766 4706 utriusque
781 4653 850 4708 pace
874 4638 1016 4693 sollicitu-
1072 4659 1138 4696 nam
1165 4640 1266 4711 patrive
1291 4639 1413 4695 coelestis
1435 4639 1562 4710 quietem
1592 4639 1703 4712 quique
1740 4645 1910 4715 perfectiores

171 4722 269 4778 dinem
284 4737 382 4793 gerere
407 4721 546 4793 designet.
570 4724 633 4778 Non
666 4724 760 4779 minus
784 4726 863 4781 enim
892 4728 953 4782 hac
977 4744 1018 4782 re·
1072 4731 1126 4786 fixa
1142 4728 1303 4783 intentione
1322 4727 1515 4798 speculantur.
1532 4729 1626 4783 lsruet.
1645 4728 1675 4783 ld
1702 4737 1751 4788 est
1764 4733 1813 4788 vir
1832 4735 1911 4789 videns

172 4812 240 4884 gina
256 4811 346 4865 austri
359 4811 703 4882 capituramoresponsi‚
721 4815 912 4886 quamprimo
928 4816 1019 4870 amica
1074 4819 1174 4882 Deum,
1191 4832 1247 4887 quo
1267 4816 1383 4870 nomine
1403 4816 1480 4886 juste
1503 4821 1642 4871 vocantur
1670 4834 1792 4887 omnes,
1819 4818 1910 4894 quial

173 4900 208 4955 de
222 4899 335 4954 Jodmis.
349 4899 510 4970 Genusque.
527 4900 608 4955 Cervi
622 4907 664 4955 est
679 4901 710 4955 in
733 4906 879 4957 senectute
902 4919 1019 4974 serpen·
1073 4905 1177 4961 divium
1192 4905 1309 4960 visionis
1324 4904 1428 4975 gaudia
1449 4904 1579 4960 tendunt.
1596 4905 1677 4960 luter
1690 4923 1769 4978 quos
1783 4905 1910 4964 lenissimi

174 4993 234 5044 tem
257 4988 415 5055 comedere,
445 4992 537 5059 etpro
565 4989 611 5043 siti
630 5005 646 5043 a
668 5005 778 5044 veneno
805 4996 952 5061 concepta,
983 4989 1020 5045 ad
1073 5000 1149 5062 sunt,
1170 4993 1413 5064 quivelcoelestis
1432 4992 1508 5048 dono
1536 4995 1747 5064 speculationis
1774 4999 1910 5055 sublimen

175 5077 282 5133 iontem
298 5092 463 5149 properare,
488 5082 516 5131 et
536 5076 603 5132 inde
617 5077 743 5150 potando
763 5078 957 5149 juvenescere¹
974 5095 1020 5138 ca·
1074 5086 1130 5148 tur,
1141 5083 1184 5137 vel
1198 5082 1411 5154 predicationis
1422 5081 1616 5137 ministerium
1628 5085 1812 5156 suscipiunt.

174 5165 307 5220 dentibus
322 5165 389 5237 pilis
406 5171 435 5220 et
455 5166 611 5221 cornibus:
628 5167 704 5239 qnod
728 5167 832 5239 cuique
848 5167 926 5222 fideli
943 5183 1019 5223 com·
1112 5170 1192 5225 Varis.
1223 5173 1249 5225 8.
1278 5201 1312 5210 -
1338 5170 1434 5226 Omnes
1457 5173 1574 5225 tenentes
1604 5171 1729 5239 qtudtos.
1750 5174 1810 5240 Qui
1830 5171 1909 5230 iudei

174 5254 245 5325 petit
263 5253 494 5324 perlavationem
511 5256 659 5326 baptismi.
1075 5264 1177 5314 neuter
1191 5258 1297 5312 babent
1310 5258 1431 5313 verbum
1450 5258 1499 5313 Dei
1523 5257 1554 5313 in
1568 5265 1719 5330 promptu,
1748 5269 1778 5319 et
1793 5265 1829 5320 ad
1856 5276 1907 5317 rese

211 5344 294 5397 Vnus.
310 5345 519 5414 6.-Quaeest
542 5347 606 5399 istu.
624 5344 746 5400 Ulterius
761 5344 821 5416 agit
843 5344 879 5399 de
899 5344 1021 5400 Ecclesia
1075 5345 1369 5416 caudasnpertluaet
1390 5345 1473 5400 inse
1495 5351 1524 5400 et
1546 5345 1579 5400 in
1603 5346 1741 5418 subditis,
1777 5356 1808 5407 et
1836 5349 1905 5422 repaL

174 5430 209 5485 de
224 5431 358 5500 gentibus
372 5447 516 5499 conversa,
527 5434 672 5504 quomodo
682 5432 820 5505 apostolis
832 5432 1020 5489 fundamento
1074 5433 1174 5489 leudos
1198 5434 1294 5488 hostes
1321 5438 1349 5487 et
1378 5433 1599 5490 conculcandos.
1630 5435 1902 5507 omrnstenenrera

174 5524 302 5590 accepto,
316 5519 420 5577 deinde
438 5536 491 5593 per
504 5536 649 5577 successus
663 5525 827 5594 temporum
840 5526 868 5578 et
878 5520 1021 5594 graduum
1075 5523 1144 5579 dios.
1173 5522 1298 5578 verbnm
1323 5523 1374 5578 [tei
1400 5527 1510 5587 tenent,
1538 5527 1568 5580 et
1592 5524 1683 5596 periti
1710 5534 1783 5586 sunt
1809 5529 1903 5604 quattu
