3892 6106
99 206 146 258 ΤΗ
405 189 603 255 wilarium
624 199 746 255 srniul
768 199 865 254 FULl).
888 197 968 254 uon.
989 198 1063 255 OPP.
1085 199 1176 258 Pius
1194 202 1216 256 1.
1236 232 1271 240 -
1290 201 1515 259 Tiluotoulca.
1798 210 1846 262 772

98 329 203 387 bestias
217 333 339 384 terrae.»
365 327 433 392 Qun
458 332 588 397 tempore
618 325 717 379 mortis
738 324 773 379 ad
794 323 981 395 rapiendasd
1000 325 1132 396 pulcrum
1148 331 1190 380 ost
1207 325 1288 397 quies
1306 325 1469 393 actamnisi
1495 342 1553 396 qua
1566 330 1648 384 tanto
1662 327 1762 384 aerius
1776 330 1850 402 qnie-

99 418 209 473 animas
233 416 419 484 effrenantur,
439 415 489 468 sed
517 413 665 468 saevientes
689 428 748 467 non
777 412 870 480 timet,
899 412 949 484 qui
1001 412 1100 481 scitur,
1116 418 1223 485 quanto
1252 413 1405 484 perfectius
1421 413 1480 469 rita
1499 415 1696 488 corruptionis
1727 423 1849 475 necatur.

98 505 278 562 blandientes
293 509 406 559 secutus
428 518 486 556 non
505 508 547 556 est
568 518 575 555 :
599 505 627 556 et
649 500 764 555 initium
779 501 948 556 retributio·
1001 501 1081 556 llanc
1096 503 1125 556 in
1148 501 1323 557 abundantia
1351 502 1522 573 ingreditur,
1548 504 1600 575 qui
1627 510 1693 577 post
1722 512 1851 578 congesta

100 594 207 657 nisest,
223 592 252 647 in
268 592 349 646 obitu
368 590 503 644 securitas
519 589 633 644 mentis.
660 590 731 644 Cum
758 598 855 644 autem
874 591 947 644 bene
1002 589 1087 659 liujus
1103 589 1167 644 vitae
1181 606 1278 662 opera,
1303 590 1370 644 huic
1393 590 1586 646 mutabelitati
1607 593 1695 665 plene
1712 600 1848 664 mortuus,

100 682 211 745 vivitur,
228 679 386 735 cavendum
411 683 455 733 est
480 694 516 733 ne
544 678 608 750 quis
633 677 773 749 despectis
788 678 948 734 caeterisde
1001 677 1032 730 in
1061 677 1241 732 secretoreri
1262 677 1382 732 luminis
1407 679 1575 747 occultatur,
1597 681 1672 736 sicut
1701 682 1848 739 triticum:

96 769 292 841 singularitate
313 767 462 839 glorietur,
484 767 534 822 sed
550 765 654 821 sociale
670 767 780 822 bonum
796 769 945 840 recogitet,
1002 767 1068 838 quia
1080 767 1152 838 justi
1175 767 1206 822 in
1229 768 1324 823 alieno
1340 773 1469 840 tempore
1492 771 1696 842 percussiones
1715 773 1849 842 sentinnl,

98 859 174 914 unde
186 857 266 911 addit
282 872 289 910 z
1001 855 1051 910 sed
1067 855 1096 910 in
1111 872 1173 922 suo,
1190 861 1222 910 ut
1235 872 1335 928 grana,
1356 857 1388 911 in
1401 857 1538 914 horreum
1554 859 1674 925 intrant,

131 947 212 1000 Vens.
229 945 281 1000 23.
300 973 335 984 -
360 942 443 998 aSed
471 958 538 998 cum
558 943 703 1015 lapidibus
721 945 873 1015 regionum
893 961 946 1017 pa·
1036 946 1118 999 Vrns.
1133 948 1178 1000 27.
1194 975 1228 986 -
1251 967 1262 992 ι
1289 946 1535 1018 Investigavimus.
1552 968 1567 1000 a
1582 950 1615 1004 ln
1628 949 1685 1010 hoc
1712 954 1793 1006 notat
1812 967 1849 1020 se,

97 1039 214 1089 «ctum.
234 1031 343 1098 nouasi
359 1032 456 1086 dirisae
486 1035 553 1086 snnt
568 1031 701 1102 regiones
731 1032 871 1102 gentium,
902 1049 948 1087 ec·
1001 1033 1230 1091 uonseoundum
1254 1034 1435 1105 superficiem
1457 1036 1561 1093 dixisse
1576 1055 1665 1111 supra
1676 1042 1847 1112 sepulcrum,

96 1125 188 1180 ctesias
202 1123 331 1178 moribus
346 1126 373 1176 et
401 1120 515 1192 linguas
529 1120 689 1191 distantes;
718 1121 828 1191 lapides
853 1121 947 1188 electi,
1000 1121 1114 1188 bestias,
1131 1122 1251 1194 lapides,
1267 1123 1496 1196 tabernaculum,
1507 1124 1543 1198 [et
1566 1126 1747 1197 hujusmodi,
1761 1129 1849 1184 sedin

97 1213 197 1284 quiin
216 1211 337 1266 aedilicio
353 1213 511 1280 ponuntur.
531 1209 586 1274 Oui
604 1225 673 1280 ergo
692 1214 769 1264 recte
784 1209 852 1265 vivit
866 1216 948 1281 pacto
1001 1209 1046 1265 bis
1060 1209 1181 1265 interior
1195 1211 1345 1282 quesisse.
1367 1230 1382 1264 e
1407 1213 1487 1278 Quod
1511 1214 1642 1271 auditum
1671 1222 1771 1273 mente
1786 1235 1848 1289 per·

97 1319 127 1358 se
147 1301 290 1374 lapidibus
301 1299 399 1371 jungit
416 1316 422 1353 :
440 1298 508 1370 quia
523 1298 554 1353 iu
580 1315 614 1353 eo
635 1298 712 1369 quod
731 1298 873 1353 mundum
901 1299 948 1355 de·
1001 1302 1131 1352 tracta·
1159 1299 1250 1353 Verba
1263 1300 1423 1371 jactantiam
1451 1307 1480 1357 et
1509 1302 1534 1357 si
1559 1304 1633 1360 bene
1660 1305 1770 1375 docuit,
1798 1306 1849 1362 im·

99 1392 179 1460 serit,
198 1389 301 1444 sanctis
324 1404 377 1460 per
403 1386 593 1442 imitationem
617 1403 646 1441 se
666 1386 778 1457 alligat,
807 1385 949 1440 undeim·
1001 1386 1105 1459 peritia
1120 1391 1162 1442 est
1186 1389 1258 1443 velle
1272 1390 1374 1444 docere
1387 1390 1536 1446 meliorem
1553 1408 1560 1447 ι
1579 1393 1656 1450 unde
1680 1394 1758 1450 dicta
1782 1397 1850 1451 ami·

97 1478 237 1553 pugnatio
263 1477 374 1545 crescit,
393 1491 451 1547 qua
474 1481 571 1530 tamen
599 1475 713 1529 attritus
736 1474 874 1530 humilius
890 1475 948 1530 Deo
1001 1492 1099 1531 corum
1115 1476 1168 1531 etsi
1179 1482 1264 1545 recta,
1279 1493 1338 1533 non
1355 1477 1432 1533 dicta
1446 1484 1622 1550 arguuntur.

97 1568 238 1632 subditur,
259 1563 336 1619 unde
360 1563 496 1635 subjicit:
516 1583 530 1614 a
557 1565 589 1618 llt
611 1563 711 1618 bestie
737 1567 831 1617 terrae.
851 1584 864 1616 a
882 1565 945 1618 Non
1338 1568 1450 1623 CAPUT
1468 1569 1514 1625 vl,

96 1660 204 1728 pacatae
219 1655 266 1708 sed
294 1652 431 1724 pacificae,
447 1651 515 1723 quia
542 1667 599 1706 non
625 1667 725 1722 pacem
751 1651 868 1717 babent,
898 1651 947 1708 sed
1039 1654 1120 1708 Vens.
1146 1656 1173 1709 2.
1200 1683 1235 1694 -
1260 1676 1272 1704 ι
1302 1655 1416 1711 Utinam
1440 1657 1685 1728 appenderentur.
1718 1681 1729 1707 ι
1755 1661 1853 1715 ‘lactus

96 1741 327 1818 pacemiaeinnt;
353 1740 421 1810 quia
437 1755 502 1793 cum
525 1739 619 1793 acrius
631 1739 752 1793 bomoa
774 1738 888 1794 diabolo
903 1739 948 1793 in·
1004 1741 1124 1812 llagellis
1137 1742 1231 1798 verbis
1244 1742 1402 1811 lacessitur,
1420 1759 1480 1798 non
1493 1749 1527 1801 ut
1547 1760 1606 1800 non
1630 1749 1745 1801 erectus
1760 1746 1792 1802 in
1806 1747 1853 1803 dc·

97 1837 254 1905 pugnatur,
283 1827 407 1899 amplius
428 1827 463 1882 ad
486 1844 614 1882 amorem
637 1827 807 1899 impellitur,
831 1832 948 1883 etcum
1003 1831 1164 1886 tensionem
1192 1836 1345 1887 contumax
1368 1833 1503 1888 caderet:
1520 1834 1570 1889 sed
1583 1839 1615 1889 ut
1635 1850 1791 1906 percussus
1810 1841 1853 1891 ta-

97 1933 131 1972 eo
146 1916 288 1973 robustior
316 1933 369 1988 pax
399 1916 532 1972 eflicitur.
560 1918 606 1971 Vel
638 1916 738 1972 bestiae
759 1921 826 1971 sunt
854 1923 948 1973 motus
1003 1936 1069 1975 cens
1088 1921 1195 1992 gratias
1215 1919 1282 1991 egit,
1305 1920 1452 1976 lacessitus
1474 1927 1552 1978 recta
1571 1924 1779 1996 reaponditta
1801 1925 1854 1981 nti·

96 2006 202 2072 carnis,
231 2021 297 2078 quae
324 2005 501 2061 continentia
535 2005 716 2077 qnasicarea
741 2021 859 2076 pressae,
893 2006 948 2060 etsi
1002 2023 1070 2062 nam
1085 2008 1318 2080 appenderentur
1329 2015 1486 2081 peccata.»

97 2094 235 2150 tentando
249 2093 379 2166 rugiunt,
395 2111 454 2149 nou
478 2095 625 2149 tamenad
649 2093 782 2149 ellectum
809 2094 890 2166 quasi
912 2096 948 2150 ad
1039 2096 1186 2152 «statera.
1210 2117 1223 2149 a
1249 2096 1348 2165 (lbid.)
1378 2099 1411 2153 ln
1435 2098 1628 2171 manupatris
1657 2101 1792 2157 Christus
1808 2102 1853 2158 lia·

98 2183 207 2239 rabiem
231 2199 341 2238 morsus
365 2184 514 2250 excedunt,
541 2184 643 2254 inquo
660 2185 726 2236 snut
740 2181 875 2254 pacificae.
899 2182 948 2236 llel
1002 2185 1072 2239 bens
1087 2185 1196 2239 lancem
1216 2184 1419 2240 misericordie
1433 2190 1462 2241 et
1480 2187 1612 2258 justitiae,
1638 2193 1791 2260 peccatum
1807 2206 1853 2263 per

98 2273 357 2345 quisperturbant,
381 2271 506 2342 amplius
530 2270 613 2336 illud,
640 2271 689 2326 nbi
710 2271 790 2326 nialla
808 2270 949 2326 contradi.
1003 2273 1231 2330 misericordiam
1258 2275 1367 2341 laxans,
1390 2275 1452 2329 leve
1474 2290 1551 2344 esse3
1576 2276 1775 2333 calamitatem
1798 2295 1852 2335 mo

98 2361 191 2416 ctione
204 2361 318 2427 vivitur,
335 2360 465 2432 diligitur
486 2376 493 2415 τ
518 2362 547 2415 et
565 2360 605 2415 sic
619 2359 655 2414 ad
682 2374 811 2414 amorem
838 2357 950 2415 intimae
1002 2362 1103 2417 ricndo
1127 2362 1220 2434 gravis
1250 2377 1310 2415 esse
1339 2362 1473 2433 ponderis
1497 2364 1632 2419 ostendit.
1662 2364 1716 2420 Cui
1745 2371 1777 2421 et
1802 2367 1852 2422 hoc

98 2451 204 2524 quietis
215 2451 377 2524 impelluut.
1004 2451 1105 2522 gratioe
1119 2450 1177 2518 dat,
1195 2455 1226 2505 ut
1239 2449 1302 2521 ipsa
1311 2451 1513 2522 cognoscibilis
1523 2453 1561 2509 sit
1574 2454 1736 2511 calamitas.
1758 2456 1852 2512 Caecus

133 2542 213 2596 Vsus.
228 2542 274 2597 24.
288 2571 322 2579 -
340 2560 353 2590 ι
371 2540 403 2594 Et
418 2537 489 2593 scies
503 2539 582 2609 quod
597 2553 710 2610 pacem.
730 2556 744 2588 a
762 2537 874 2607 (Gara.)
893 2538 949 2592 Par
1004 2541 1081 2595 enim
1096 2540 1184 2595 homo
1193 2540 1225 2596 in
1239 2539 1346 2607 exsilio,
1364 2540 1487 2612 quasiin
1501 2542 1605 2614 patria,
1622 2543 1770 2614 gaudebat
1784 2561 1793 2600 ε
1806 2545 1853 2602 sed

98 2631 142 2684 vel
157 2629 300 2696 inchoata,
312 2645 377 2701 qnoe
393 2627 440 2682 hic
455 2633 498 2682 est
512 2631 650 2696 concepta
673 2642 706 2681 ex
721 2624 863 2680 desiderio
879 2625 947 2693 llei3
1005 2630 1077 2684 Deus
1091 2633 1170 2683 extra
1190 2645 1332 2700 apparens
1350 2629 1498 2686 hominem
1513 2630 1593 2686 intus
1607 2636 1733 2700 revocat,
1749 2639 1784 2689 ut
1796 2635 1852 2690 riso

98 2717 484 2791 velplena,quaeiniuturo
513 2731 547 2770 ex
570 2714 755 2770 visioneliei.
783 2716 855 2770 Cum
877 2730 947 2784 ergo
1003 2716 1409 2789 quodamisit,graredoleat
1427 2717 1505 2789 quod
1518 2717 1636 2785 tolerat;
1663 2719 1735 2775 dicit
1757 2736 1846 2794 ergo:

96 2824 178 2863 mens
195 2808 387 2863 Deorelcaro
416 2804 505 2859 menti
528 2804 705 2875 subjugatur,
731 2804 948 2858 tabernaculum
1040 2824 1054 2857 a
1077 2805 1191 2861 Utinam
1222 2806 1465 2877 appenderentur.
1498 2825 1513 2857 s
1537 2807 1568 2863 ld
1592 2812 1646 2876 ost,
1666 2811 1780 2865 malum
1801 2826 1854 2867 no·
1879 2869 1881 2872 ,

93 2897 174 2969 justi,
203 2897 231 2951 id
261 2901 314 2963 est,
339 2911 443 2966 corpus
463 2894 539 2965 quod
569 2910 649 2949 mens
673 2891 826 2957 inhabitat,
847 2908 946 2964 pacem
961 2888 982 2945 C
1000 2898 1076 2960 strae,
1091 2896 1163 2962 etc,
1191 2893 1328 2962 usquead
1349 2895 1660 2966 pensansjudiciallei
1680 2897 1789 2972 quibus
1813 2899 1852 2955 ai-

23 3036 26 3047 ,
97 2986 182 3040 habet
203 2985 327 3039 motibus
356 2981 565 3039 desideriorum
592 2981 769 3053 subjustitia
784 2980 944 3037 refrenatis.
999 2982 1119 3056 lligitur,
1136 2983 1313 3038 ethocest:
1650 2973 1652 2976 ⁴

42 3125 44 3128 ,
96 3074 151 3130 Sed
164 3074 236 3129 nihil
248 3078 290 3129 est
304 3074 366 3128 lraec
380 3073 493 3127 castitas
511 3071 613 3139 carnis,
638 3071 662 3125 si
677 3086 736 3125 non
748 3070 824 3125 adsit
840 3070 946 3125 mentis
1035 3073 1115 3127 Vrns.
1134 3073 1159 3126 3.
1199 3102 1232 3111 -
1261 3071 1371 3126 «Unde
1398 3076 1427 3126 et
1449 3072 1536 3127 verba
1564 3089 1629 3128 mea
1665 3074 1766 3131 dolore
1789 3081 1854 3133 sunt

96 3162 220 3218 suavitas
230 3161 260 3216 in
276 3177 372 3216 amore
385 3160 518 3232 proximi.
1000 3176 1015 3210 a
1040 3159 1134 3230 plena,
1163 3157 1230 3228 quia
1258 3157 1369 3230 sagittae
1396 3158 1521 3214 Domini.
1551 3160 1681 3225 »idest
1704 3165 1851 3234 percussio

132 3253 193 3307 «Et
210 3250 328 3305 visitans
348 3249 563 3320 speciemtnam
580 3263 638 3302 non
652 3247 825 3319 peccabis.»
851 3247 944 3319 (ibid.)
999 3244 1253 3301 animadversionis
1270 3244 1331 3314 Dei,
1346 3261 1411 3317 quae
1436 3262 1495 3301 non
1524 3262 1581 3314 me,
1609 3254 1641 3303 nt
1661 3249 1781 3317 multos,
1804 3250 1850 3307 in-

94 3339 209 3411 Species
234 3343 387 3393 uostraest
403 3337 559 3409 proximus,
576 3341 641 3403 etc,
658 3350 744 3405 usque
763 3336 801 3390 od
828 3335 945 3407 quiaex
999 3335 1187 3391 emundatum
1200 3333 1328 3390 dimittit.

93 3427 202 3484 semine
225 3427 295 3482 boni
307 3426 401 3497 operis
414 3424 517 3481 uberes
531 3425 640 3479 fructus
655 3424 869 3495 predicationis
885 3425 943 3479 col·
1034 3425 1115 3479 Vane.
1142 3425 1206 3478 4.-
1232 3443 1246 3473 c
1276 3422 1370 3479 Ebibit
1396 3423 1541 3495 spiritum.
1571 3441 1588 3477 u
1614 3424 1726 3499 (Gneo.)
1752 3428 1784 3485 ld
1809 3432 1849 3484 est

93 3517 176 3587 tigit,
194 3517 271 3572 unde
286 3514 442 3570 subditur:
540 3556 545 3563 .
998 3513 1152 3567 elationem
1182 3511 1345 3584 compescit,
1372 3516 1404 3567 ut
1422 3513 1497 3567 dicat
1519 3529 1526 3567 ε
1552 3532 1567 3564 a
1596 3514 1706 3570 Deiecit
1734 3516 1848 3588 spiritns

131 3606 212 3661 Vnus.
233 3607 279 3660 25.
296 3622 358 3656 -«
378 3603 455 3659 Scies
484 3618 600 3674 quoqne
628 3602 767 3674 qnoniam
794 3601 943 3673 multiplex
998 3617 1078 3656 meus
1094 3599 1177 3670 (Psoi.
1194 3599 1286 3670 cxxv).
1302 3619 1316 3648 a
1338 3598 1372 3652 Et
1390 3598 1555 3654 nouaclum
1582 3614 1669 3669 gemo
1693 3602 1772 3674 qnod
1798 3619 1845 3675 pa·

95 3714 109 3745 a
125 3693 181 3748 erit
194 3707 293 3747 semen
303 3695 396 3749 tuum.
410 3712 424 3740 a
441 3691 491 3746 ltle
505 3691 584 3746 enim
596 3690 669 3746 bene
679 3689 829 3761 loquendit
841 3690 943 3745 facun-
997 3691 1063 3757 tior,
1079 3690 1129 3746 sed
1143 3690 1232 3744 timeo
1245 3688 1319 3759 quod
1332 3687 1462 3756 minaris,
1478 3692 1508 3743 et
1521 3689 1577 3744 hoc
1586 3695 1629 3744 est
1645 3706 1653 3746 ε

93 3782 170 3838 diam
190 3781 302 3853 accipit,
325 3781 376 3853 qui
391 3781 463 3835 bene
477 3779 557 3849 vivit,
573 3795 624 3833 nec
639 3778 812 3834 conscientia
827 3779 943 3850 loquen·
1034 3801 1047 3829 a
1073 3780 1206 3833 Terrores
1222 3775 1334 3831 llomini
1349 3775 1476 3831 militant
1497 3793 1504 3831 :
1523 3792 1585 3833 »nc
1605 3782 1673 3848 post
1692 3779 1751 3835 hoc
1771 3796 1842 3835 mors

93 3876 153 3926 tom
182 3870 333 3943 praepedit.
358 3869 430 3924 Hinc
453 3874 494 3923 est
514 3868 591 3940 quod
610 3867 735 3940 AEgyptii
761 3869 836 3923 servi
864 3867 940 3936 lacti,
997 3873 1105 3924 aeterna
1129 3871 1278 3939 sequatur.
1310 3865 1364 3920 Sed
1390 3865 1458 3937 quia
1475 3870 1591 3921 staturas
1607 3867 1843 3925 adrentumdcsi·

92 3960 238 4015 frumenta
262 3959 298 4014 ad
326 3974 425 4014 semen
443 3956 616 4029 percipiunt,
633 3955 684 4029 qni
705 3961 772 4011 ante
793 3955 878 4012 liberi
907 3956 942 4011 ad
998 3957 1089 4021 derat,
1100 3972 1158 4027 quo
1170 3955 1272 4010 ardore
1285 3953 1419 4008 eumdem
1430 3953 1588 4026 gentilitas,
1600 3958 1629 4010 et
1643 3940 1750 4012 iudaea
1760 3957 1839 4022 sitiat,

93 4065 175 4111 esum
189 4051 358 4118 acceperant
384 4063 390 4101 :
412 4046 481 4119 quia
504 4061 569 4100 cum
586 4045 671 4116 plene
701 4046 758 4099 Deo
781 4043 941 4108 subdimur,
996 4044 1144 4117 supponit,
1162 4059 1227 4098 cum
1246 4042 1308 4098 ait:

92 4137 178 4193 verbo
202 4134 412 4210 predicationis
449 4135 602 4206 replemur.
642 4134 714 4188 Ante
744 4132 826 4188 liberi
861 4148 940 4188 sacro
1033 4137 1113 4189 Vens.
1129 4136 1155 4187 5.
1181 4163 1215 4174 -
1236 4153 1250 4182 a
1270 4131 1407 4203 Nunqnid
1431 4130 1526 4202 rugiet
1548 4146 1667 4204 onager,
1693 4153 1709 4185 a
1735 4135 1766 4191 id
1794 4138 1838 4200 est,

92 4225 208 4298 eloquio
218 4224 348 4298 pasti3et
361 4228 458 4279 tamen
473 4222 509 4277 ad
528 4221 662 4294 quaedam
682 4237 746 4292 quae
775 4220 806 4275 in
829 4221 939 4278 mundo
954 4230 977 4286 Ι)
995 4223 1114 4297 agrestis
1129 4222 1236 4290 asinus,
1264 4226 1329 4290 etc,
1351 4236 1436 4292 usque
1456 4221 1494 4276 od
1521 4221 1569 4277 scd
1589 4223 1747 4280 carnaliter
1767 4229 1837 4281 tene·

28 4305 36 4317 ’
91 4316 217 4388 petimus
236 4317 381 4369 vacantes.
407 4312 447 4366 Er
473 4310 690 4383 predicatione,
717 4325 822 4381 magna
847 4311 942 4380 proles
995 4315 1089 4381 batur,
1104 4311 1224 4368 subdit:

91 4402 377 4474 fideliumsequitur.
394 4401 428 4455 Et
452 4400 577 4455 hocest:
605 4415 621 4452 o
645 4397 680 4452 llt
708 4399 859 4469 progenies
881 4404 939 4456 tua.
1031 4404 1231 4457 Versu-c
1248 4399 1427 4470 Autpoterit
1444 4398 1556 4454 comedi
1578 4398 1735 4458 insulsum.
1760 4423 1772 4452 a
1798 4400 1836 4458 Sal

93 4493 175 4567 quasi
202 4491 293 4546 herba
323 4495 418 4545 terrae.
450 4509 465 4539 »
498 4489 530 4543 ld
559 4492 602 4542 est
624 4486 853 4543 innumerabilis.
892 4489 941 4543 Vel
996 4493 1039 4545 est
1052 4489 1142 4543 virtus
1155 4489 1272 4544 occultae
1299 4486 1507 4559 intelligentiae,
1524 4490 1691 4556 etc.,urquc
1714 4490 1753 4546 od
1778 4506 1837 4548 con·

92 4582 189 4639 herbae
203 4583 395 4652 comparatur,
410 4578 479 4650 quia
494 4581 620 4632 arentem
635 4575 736 4631 mundi
749 4576 870 4646 gloriam
892 4578 942 4632 de·
996 4578 1133 4633 vertendo
1149 4578 1257 4632 esuries
1267 4576 1383 4649 recepit.

93 4689 200 4738 serens,
216 4686 266 4742 spe
285 4669 398 4724 interna
412 4667 535 4723 virescit.
548 4667 627 4721 tusto
642 4669 738 4720 autem
759 4682 818 4720 non
838 4666 943 4722 suflicit
1030 4667 1130 4738 (ibid.)
1139 4668 1195 4721 'llte
1206 4666 1347 4721 desiderat
1375 4669 1520 4733 stateram,
1537 4680 1591 4720 nos
1616 4663 1680 4736 jam
1693 4667 1837 4739 perfidem

91 4761 154 4816 hoec
168 4774 272 4832 magna
286 4757 410 4813 exterius
425 4773 520 4830 agere,
535 4755 591 4811 nisi
605 4754 691 4809 etiam
703 4769 755 4825 per
768 4756 942 4826 contempla·
995 4756 1056 4827 ejus
1071 4754 1205 4821 vivimus;
1222 4754 1272 4809 sed
1288 4759 1386 4809 tamen
1400 4770 1451 4826 pro
1465 4752 1637 4825 purgatione
1651 4755 1771 4827 sagittas
1785 4757 1838 4827 ejus

91 4850 201 4905 tionem
215 4849 244 4902 in
258 4852 364 4902 aeterna
374 4849 520 4919 penetret;
535 4844 610 4898 unde
626 4843 757 4899 subditur
774 4860 780 4898 :
994 4843 1130 4915 patimur,
1149 4849 1177 4899 et
1188 4848 1281 4898 terror
1295 4843 1384 4898 futuri
1393 4843 1539 4898 timemus.

128 4939 212 4993 Vens.
233 4939 278 4991 26.
292 4966 327 4975 -
350 4954 364 4986 a
391 4932 565 5005 lngredieris
594 4932 625 4985 in
643 4930 820 4987 abundantia
846 4932 939 5003 sepul·
1029 4933 1081 4988 Sed
1098 4933 1231 5004 quintilli
1245 4949 1355 5000 sumus,
1368 4930 1739 4988 nondebemustimerent
1755 4930 1838 4990 Domi-

94 5045 214 5084 acrum.
243 5027 340 5098 (ibid)
370 5024 540 5097 Sepulcrum
570 5026 613 5078 est
639 5021 844 5094 contemplatio
875 5026 940 5093 etc,
994 5019 1275 5090 num,seddiligere
1296 5023 1328 5072 nt
1351 5019 1475 5086 Patrem,
1499 5023 1529 5072 et
1549 5016 1587 5072 ad
1610 5034 1681 5074 enm
1694 5019 1836 5082 anhelare,

92 5115 224 5188 usquead
234 5115 311 5187 quod
325 5114 441 5170 utilitati
452 5113 649 5185 proximorum
659 5111 823 5167 retundant.
838 5133 848 5158 a
862 5111 941 5166 Sicut
994 5108 1044 5163 ubi
1060 5109 1132 5176 cibo,
1150 5108 1178 5163 id
1201 5112 1253 5175 est,
1272 5107 1431 5163 aeternitate
1445 5106 1507 5177 ejus
1521 5121 1688 5180 pascamur,
1704 5125 1760 5180 pro
1788 5122 1837 5181 quo

93 5203 217 5259 infertur
244 5219 361 5257 acervus
401 5201 499 5257 tritici.
537 5222 551 5251 »
581 5200 653 5265 Quia
681 5204 796 5269 tempus
821 5197 940 5252 actionis
994 5197 1079 5253 modo
1094 5198 1234 5269 rugimus,
1244 5195 1341 5252 unde:

92 5293 289 5366 primumest,
304 5297 465 5346 extremum
489 5288 750 5361 contemplationis.
777 5288 812 5342 Et
827 5302 940 5342 necesse
1031 5286 1198 5357 «Nunquid
1228 5285 1324 5358 rugiet
1337 5300 1454 5355 onager.
1487 5304 1499 5333 a
1530 5282 1622 5354 (lbe'd.)
1652 5283 1778 5358 Onager,
1802 5287 1840 5340 est

94 5388 137 5437 est
160 5386 192 5436 nt
214 5381 356 5453 perlectus
382 5384 509 5435 mentem
525 5379 606 5450 prius
620 5378 774 5433 virtutibus
798 5381 938 5443 exerceat,
994 5374 1116 5446 populus
1138 5374 1198 5446 qui,
1233 5379 1298 5443 etc,
1318 5388 1404 5443 usque
1424 5373 1462 5428 ad
1490 5371 1579 5428 etiam
1604 5372 1642 5430 ab
1677 5373 1839 5447 hujusmodi

94 5476 123 5528 et
137 5486 200 5527 eam
217 5473 317 5542 postea
344 5468 376 5525 in
389 5468 527 5523 horreum
556 5465 659 5538 quietis
683 5466 795 5521 condat.
817 5464 866 5519 Vel
891 5481 940 5519 se·
992 5463 1086 5520 verbis
1100 5480 1130 5519 se
1147 5468 1290 5536 separant,
1305 5468 1335 5519 et
1352 5463 1408 5519 hoc
1422 5466 1486 5519 rat:
