3892 6106
148 219 199 277 etta
452 220 655 277 wetnrnlm
674 217 799 277 srnner
818 217 917 275 rlltll.
940 216 1021 274 lton.
1041 217 1116 274 0Pi‘.
1136 214 1229 275 PARS
1248 218 1270 276 l.
1290 250 1324 259 -
1343 218 1571 277 rlluoloulce.
1601 288 1609 301 1
1849 223 1899 277 tel

141 343 224 402 breed
246 343 350 401 habeat
366 364 378 395 ι
392 347 509 399 centum
536 357 627 398 anuos
649 365 661 391 ι
678 345 707 398 et
723 341 850 414 reliquos
873 339 923 413 qui
948 342 1024 398 set
1044 355 1147 397 norum
1163 340 1409 415 computationem
1419 342 1636 415 postditnvium
1652 343 1745 401 virere
1758 347 1897 417 potuerit,

141 437 280 507 quantur.
1048 445 1114 486 cum
1129 446 1239 498 omnes,
1255 437 1426 502 praetereas
1441 431 1535 503 quiin
1560 448 1656 489 arcam
1676 432 1798 506 ingressi
1819 439 1897 501 sunt,

179 522 243 576 «Et
259 520 388 593 genuit»
404 523 457 576 etc.
478 519 564 585 Oetaei
576 523 604 573 el
617 518 670 573 iste
699 517 822 591 portarit
836 516 991 590 imaginem
1045 518 1203 590 perierunt.
1216 519 1272 576 Sed
1289 519 1364 576 hanc
1377 520 1569 592 quaestionem
1596 521 1726 577 codicum
1752 522 1897 578 mendosi·

141 609 248 665 terreni
263 609 312 681 qui
336 624 388 681 pro
400 607 470 664 Abel
482 608 562 680 justu
584 607 727 678 repositus
740 610 793 674 est,
808 612 837 661 et
851 605 991 677 iuterpre·
1045 611 1089 662 las
1104 608 1236 679 peperit:
1252 624 1309 663 non
1323 609 1416 663 solum
1431 609 1508 664 euim
1524 609 1554 665 in
1575 610 1702 666 liebraeis
1718 611 1803 666 aliter
1817 610 1897 668 inve·

141 699 251 754 tatione
264 697 390 753 nominis
404 697 540 755 Christum
555 694 707 766 signiticat.
723 695 777 750 Sed
795 710 896 749 omnes
911 695 992 767 prius
1046 695 1135 763 nitur,
1151 711 1250 752 rerum
1274 695 1362 752 ctiam
1383 696 1413 751 in
1439 699 1502 753 Lllll
1521 697 1768 769 interpretatione,
1798 701 1897 772 paucis

142 790 261 859 portant
274 786 430 858 imaginem
449 785 556 839 terreni
573 783 698 838 hominis
713 798 799 854 qnam
814 783 945 851 coeleatis,
961 783 994 838 li·
1045 783 1190 839 codicibus
1202 788 1312 855 septem
1327 785 1411 840 anuis
1426 792 1491 840 aute
1508 785 1648 840 diluvium
1664 786 1825 843 Mathusata
1851 788 1897 842 de

141 879 187 930 cet
209 875 292 930 multi
319 874 355 929 ad
377 874 529 928 adventum
553 871 657 927 Christi
681 887 733 943 per
756 871 842 926 iidem
863 871 992 927 eamdem
1046 871 1161 926 iunctus
1175 871 1327 943 reperitur.
1343 872 1424 937 Qirod
1448 873 1606 929 tdathusnla
1617 873 1700 944 juxta
1729 875 1793 930 Lxx
1820 875 1895 929 ultra

142 963 263 1037 gratiam
275 962 441 1018 habuerunt
453 976 511 1033 qua
527 961 674 1016 salvantur
692 959 856 1016 Christiani.
1045 959 1185 1015 diluvium
1201 965 1391 1014 numerantur
1404 961 1483 1028 anni,
1499 961 1567 1016 inde
1587 967 1631 1016 est
1658 962 1727 1033 quia
1751 963 1895 1033 significet

177 1051 300 1121 (Senes.)
325 1051 510 1121 Feruntpost
531 1052 654 1104 moriem
677 1048 747 1103 Abel
773 1048 879 1104 vovisse
900 1048 991 1104 Adam
1046 1047 1199 1117 Christum,
1216 1048 1298 1118 cujus
1324 1048 1381 1104 rita
1409 1049 1517 1104 mittem
1546 1050 1632 1106 sentit
1661 1055 1786 1117 ntalem,
1814 1052 1895 1106 utin

142 1155 172 1194 se
194 1154 313 1194 uxorem
330 1154 389 1193 non
407 1138 482 1193 ultra
497 1137 681 1208 cogniturum
694 1152 745 1191 nec
761 1135 855 1191 lilium
869 1152 990 1207 genera·
1045 1135 1203 1206 majoribus
1218 1151 1332 1208 quoque
1348 1152 1406 1191 non
1422 1137 1543 1193 sensisse
1573 1138 1712 1194 diluvium
1739 1139 1895 1196 rideretur.

141 1227 393 1298 trrrum.lSed1leo
409 1225 529 1297 jubente
549 1225 635 1296 tregit
654 1229 811 1292 votnm,ut
833 1225 883 1281 ilci
905 1225 992 1280 i'ilius
1080 1225 1221 1280 Veneti.
1242 1254 1278 1265 -
1304 1245 1319 1277 ι
1348 1225 1382 1280 Et
1400 1224 1467 1281 facti
1487 1230 1555 1281 sunt
1578 1242 1678 1281 omnes
1701 1228 1772 1296 dies,
1796 1247 1810 1280 a
1840 1234 1896 1285 etc.

142 1316 178 1373 de
189 1332 222 1370 eo
233 1319 408 1381 nasceretur,
424 1319 453 1370 et
474 1315 561 1370 homo
576 1313 884 1384 redimeretur3stirpe
913 1313 990 1369 enim
1045 1311 1187 1384 (liranum,
1209 1314 1238 1366 in
1258 1313 1355 1380 Queat.
1385 1314 1565 1381 ltebr.,lom.
1595 1315 1653 1381 ill.)
1680 1335 1694 1366 e
1724 1316 1757 1370 Et
1777 1315 1896 1372 fuerunt

142 1401 211 1458 Cain
225 1402 303 1457 nasci
318 1418 378 1458 non
396 1401 502 1458 debuit.
525 1403 604 1458 Unde
625 1405 690 1457 ante
710 1398 778 1458 Seth
798 1403 909 1458 nullum
924 1403 992 1474 tegi·
1045 1400 1215 1457 omnesdtes
1228 1400 1393 1456 tdathusalae
1407 1417 1479 1473 quos
1494 1403 1563 1457 vixit
1578 1403 1645 1457 anni
1661 1405 1799 1475 nongenti
1812 1421 1892 1459 sexa·

140 1493 190 1544 tur
199 1489 342 1559 genuisse,
367 1492 432 1562 post
446 1504 512 1544 eum
537 1503 603 1543 vero
622 1489 736 1560 dicitur,
766 1491 834 1561 quia
862 1509 876 1538 a
892 1491 991 1561 genuit
1044 1489 1123 1562 ginta
1139 1504 1252 1557 norem,
1268 1493 1296 1544 et
1309 1495 1439 1545 mortuus
1454 1497 1505 1546 ast.
1521 1492 1624 1546 »Juxta
1639 1491 1809 1564 diligentem
1824 1509 1892 1565 sup·

139 1577 214 1633 iiiios
239 1584 268 1634 et
294 1578 377 1634 illias.
403 1597 418 1630 a
449 1580 514 1634 lloec
533 1579 709 1649 computatio
742 1580 986 1652 genealogiarum,
1009 1577 1222 1686 Bputationem
1248 1578 1792 1651 quatuordecimanuispostdilurinm
1812 1580 1895 1637 rixis·

130 1666 223 1739 <quasi
236 1682 333 1722 rames
344 1667 454 1739 spargit
467 1666 662 1736 historiarum,
678 1666 713 1722 de
736 1668 841 1741 quibus
866 1668 926 1723 suis
946 1670 989 1724 lo·
1045 1682 1076 1721 se
1094 1666 1226 1733 retertur,
1247 1671 1311 1734 etc,
1322 1667 1455 1737 usquead
1469 1683 1502 1722 eo
1517 1683 1593 1723 anno
1609 1668 1716 1725 scilicet
1731 1685 1788 1741 quo
1807 1670 1896 1742 erepit

140 1754 181 1809 cis
206 1755 384 1828 colliguntur
410 1755 519 1811 tructus
541 1755 753 1828 mysteriorum.
770 1757 804 1811 Et
830 1757 988 1813 notandum
1044 1771 1104 1810 esse
1120 1753 1270 1810 diluvium.

139 1843 208 1916 quia
223 1843 253 1899 in
269 1843 453 1916 generatione
464 1843 532 1899 Seth
550 1843 631 1899 nulla
646 1844 753 1901 femina
770 1845 989 1918 poniturlnomi·
1080 1863 1095 1895 a
1115 1843 1175 1898 itoe
1195 1857 1338 1898 varocum
1354 1843 1580 1915 quingentorum
1610 1850 1684 1901 esset
1711 1860 1892 1917 annorum,-

138 1932 242 1996 natim,
252 1932 325 1988 sieut
339 1931 371 1987 in
385 1931 572 2004 generatione
582 1931 652 1988 Cain
668 1933 835 2004 :justorum
852 1932 929 1988 enim
947 1939 989 1989 est
1043 1938 1098 1989 etc.
1114 1931 1211 2003 (ibid.)

139 2019 238 2076 omnia
252 2020 373 2076 viriiiter
387 2035 483 2092 agere,
503 2019 575 2076 nihil
601 2019 770 2090 iemineum,
793 2021 866 2077 nihil
887 2022 988 2095 tragite
1080 2020 1355 2091 Noaiuterpretatur
1369 2023 1486 2090 requies,
1502 2021 1571 2092 quia
1601 2022 1654 2077 suh
1670 2022 1718 2078 illo
1734 2022 1832 2078 omnia
1847 2039 1894 2078 re-

140 2122 290 2181 usurpare.
315 2108 445 2164 Procedit
461 2109 548 2165 etiem
571 2110 632 2164 haec
665 2111 813 2181 generatio
834 2126 885 2182 per
898 2111 988 2166 dena·
1042 2111 1087 2163 tro
1102 2124 1189 2179 opera
1201 2108 1401 2180 perditurium
1412 2109 1592 2182 quieverunt.

139 2195 216 2252 rium
231 2213 321 2270 usque
336 2198 373 2254 ad
389 2198 456 2268 lt'oe,
481 2198 511 2253 in
537 2214 595 2270 quo
621 2202 832 2270 praeceptorum
856 2199 988 2270 signatur

139 2285 280 2357 impletio,
296 2286 369 2342 sicut
380 2301 432 2358 per
451 2287 644 2343 undenarium
661 2287 691 2342 in
720 2288 904 2358 generatione
919 2288 988 2345 Cain
1380 2251 1491 2307 CAPUT
1507 2252 1551 2309 Vl·

137 2374 335 2446 transgressio.
376 2376 407 2431 ln
435 2375 620 2447 generatione
656 2376 829 2448 injustorum
878 2377 988 2449 primus
1078 2371 1160 2427 Vens.
1180 2375 1254 2428 t.-
1270 2373 1431 2445 «Cumque
1455 2375 1607 2447 coepissent
1632 2376 1764 2431 homines
1788 2376 1890 2432 multi·

139 2462 234 2518 ltucctn
249 2463 374 2535 punitur,
389 2463 439 2534 qui
455 2463 592 2520 dedicmiu
614 2464 833 2536 interpretatur,
848 2466 916 2537 qaia
942 2482 987 2522 re·
1043 2479 1057 2513 s
1074 2460 1175 2533 plicari
1189 2478 1276 2534 snper
1287 2465 1428 2518 terrama
1444 2463 1549 2534 (Hira,
1561 2467 1591 2519 in
1606 2466 1706 2531 Queat.
1716 2465 1810 2534 tiedr.)
1826 2466 1893 2520 Ver·

136 2551 222 2624 probi
235 2550 265 2606 in
281 2551 416 2624 praesenti
428 2551 488 2607 rita
501 2552 562 2624 spei
576 2567 636 2608 suae
651 2552 774 2608 radicem
788 2553 891 2627 figunt,
910 2559 938 2610 et
952 2554 988 2611 ab
1040 2549 1110 2606 bum
1121 2549 1292 2605 Hebraicum
1319 2536 1417 2612 nihi-*t
1442 2549 1574 2623 (Eioiim)
1598 2552 1749 2624 utriusque
1777 2555 1892 2610 numeri

137 2656 235 2696 amore
249 2639 493 2696 immarcescibilis
507 2639 682 2696 haereditatis
702 2646 843 2697 arescunt.
873 2642 911 2698 ile
927 2643 987 2716 qui·
1041 2643 1100 2693 eat:
1118 2638 1291 2694 neamenim
1305 2645 1334 2694 et
1349 2639 1410 2694 deos
1426 2639 1568 2712 significat
1583 2656 1590 2696 ε
1606 2641 1669 2697 ideo
1696 2642 1830 2712 Aquila«
1860 2642 1893 2698 ti·

138 2730 191 2786 bne
205 2729 309 2786 dicitur
322 2730 457 2785 loanr:
476 2751 488 2781 e
505 2730 584 2786 liidlt
597 2731 717 2786 stultum
730 2730 814 2787 firma
835 2732 941 2799 radice,
959 2738 988 2789 et
1042 2726 1225 2783 iiosdeorum
1241 2745 1256 2778 a
1272 2726 1367 2784 dicere
1386 2742 1473 2783 ansus
1488 2734 1539 2793 est,
1557 2730 1624 2785 deos
1638 2736 1751 2785 sanctos
1776 2731 1818 2785 ret
1835 2747 1890 2785 un·

137 2819 285 2876 maledixit
303 2819 512 2892 pulchritudini
528 2820 590 2890 ejus
616 2819 723 2876 statim.
740 2820 772 2875 tn
800 2823 986 2892 generatione
1040 2816 1120 2888 gelos
1147 2815 1321 2887 intelligens,
1349 2832 1433 2888 quem
1463 2833 1585 2889 sequens
1609 2818 1797 2888 Symmachus
1817 2820 1858 2875 ait
1882 2837 1889 2874 ε

133 2909 277 2965 iustorum
293 2907 389 2963 Enoch
400 2907 437 2963 ab
451 2908 540 2964 Adam
555 2908 695 2980 septimus
707 2907 840 2979 ponitur,
857 2911 924 2982 quia
942 2910 988 2967 hic
1008 2902 1205 2991 0¹Vid0¹¹it⁸
1224 2902 1277 2959 iiiii
1296 2908 1447 2975 polenium
1461 2905 1534 2961 filias
1550 2906 1711 2962 homiuum.
1730 2929 1740 2956 a

136 3001 300 3053 manentem
316 2996 458 3052 civitatem
489 3011 546 3051 nun
570 3000 713 3068 quaerunt,
734 2996 985 3070 sedexspectatio·
1075 2994 1154 3047 Vtilis·
1180 2995 1207 3048 2·
1236 3023 1266 3033 -
1302 3014 1316 3045 α
1340 2993 1473 3049 Vident&
1500 2994 1552 3049 filii
1578 2995 1671 3063 Deis·
1703 3001 1756 3052 ⁸1⁰·
1773 2996 1890 3067 (Smne.)

135 3101 203 3142 nem
217 3100 310 3157 usque
324 3083 354 3139 iu
368 3084 455 3140 tinem
471 3084 609 3156 temporis
624 3084 791 3153 extendunt,
807 3086 984 3160 quodsepto.
1040 3077 1104 3135 t'ilii
1132 3079 1200 3134 Seth
1228 3079 1354 3148 religiosi
1377 3081 1578 3152 intelliguntur
1596 3098 1647 3154 per
1667 3083 1741 3139 titios
1756 3084 1818 3154 ttei,
1838 3085 1889 3157 qni

135 3174 217 3230 naria
232 3171 410 3228 revolutione
437 3170 617 3239 terminatur,
634 3188 700 3227 cum
715 3173 859 3229 aeternitas
887 3181 985 3232 oetam
1038 3167 1105 3222 victi
1118 3167 1356 3239 coucupiscentia,
1372 3185 1406 3223 ex
1421 3170 1534 3225 filiabus
1557 3169 1719 3236 hominurn,
1736 3172 1766 3228 id
1784 3178 1831 3227 est
1854 3190 1889 3229 ex

135 3261 309 3317 successerit.
334 3259 414 3315 Unde
427 3259 482 3316 iste
511 3258 609 3315 linocb
627 3259 677 3331 qui
692 3259 812 3330 punitur
835 3263 982 3333 septimus,
1038 3255 1127 3328 stirpe
1143 3256 1222 3324 Cain,
1242 3271 1346 3311 uxores
1359 3263 1540 3330 acceperunt,
1556 3263 1585 3313 et
1598 3260 1673 3315 viros
1685 3266 1815 3332 petentes
1834 3277 1886 3334 ge-

135 3355 164 3406 et
178 3350 331 3405 translatus
345 3351 388 3403 est
400 3347 469 3421 quia
479 3347 538 3402 Deo
553 3347 671 3418 placuit,
682 3346 834 3419 septimam
854 3349 982 3423 requiem
1038 3348 1175 3413 puerunt,
1195 3344 1352 3401 immensos
1364 3346 1471 3402 scilicet
1493 3347 1673 3418 corporibus,
1691 3350 1830 3421 superbos
1845 3351 1888 3406 ri·

133 3437 287 3510 significat,
303 3437 338 3494 ad
353 3452 440 3509 quam
454 3439 520 3506 post
533 3435 606 3491 lianc
618 3435 716 3504 vitam,
733 3436 782 3508 qui
807 3437 864 3492 [leo
889 3453 985 3509 perse·
1038 3433 1127 3497 ribus,
1142 3432 1303 3488 inconditos
1318 3436 1459 3504 moribus,
1476 3436 1526 3509 qui
1547 3437 1677 3509 gigantes
1692 3439 1886 3511 appellantur.

133 3525 415 3593 rerauteradhaeret,
431 3525 492 3581 sine
522 3523 660 3581 ditatione
681 3524 862 3582 transfertur.
887 3526 982 3582 inter·
1038 3522 1155 3579 tionest
1170 3522 1338 3578 incredibile
1355 3524 1392 3579 ab
1420 3524 1595 3593 hominibus,
1625 3541 1683 3581 non
1703 3526 1738 3581 ab
1761 3528 1884 3600 angelis,

134 3614 258 3687 prelatio
273 3629 389 3687 quoque
408 3612 561 3669 nominum
579 3612 666 3684 hujus
691 3613 885 3685 generationis
904 3614 981 3672 idem
1036 3610 1081 3667 ret
1095 3610 1267 3682 quibusdam
1288 3611 1468 3668 demonibus
1484 3611 1534 3684 qui
1549 3614 1718 3669 mulieribus
1742 3619 1810 3671 snut
1829 3616 1885 3672 im·

133 3701 246 3774 signat:
271 3701 360 3757 Adam
384 3700 589 3772 interpretatur
610 3701 687 3756 tomo
703 3701 745 3756 rel
770 3701 856 3757 rubro
884 3706 980 3774 terrm
1036 3699 1132 3772 probi,
1157 3700 1298 3771 ejusmodi
1323 3701 1455 3756 homines
1476 3717 1537 3757 esse
1561 3707 1735 3773 procreatos,
1765 3705 1833 3775 quia
1857 3710 1887 3760 et

132 3789 335 3860 Setb,pcsitic;
365 3790 407 3844 vel
428 3790 603 3856 resurreetio;
621 3790 705 3857 tinas,
734 3790 834 3858 tom03
863 3790 981 3859 cainan,
1036 3795 1103 3862 post
1131 3788 1271 3844 diluvium
1289 3805 1408 3860 corpora
1424 3790 1590 3845 noneolum
1615 3791 1753 3862 virorum,
1780 3792 1828 3849 sed
1857 3799 1886 3848 et

134 3880 311 3945 tumentati03
328 3878 484 3943 tlatatehet,
514 3877 632 3934 teodone
654 3877 764 3947 Deum3
787 3878 883 3946 iared,
907 3881 983 3937 roto·
1037 3877 1191 3946 mulierum
1207 3877 1368 3933 incredibili
1387 3877 1586 3949 magnitudine
1598 3880 1776 3936 exstiterunt.

131 3972 230 4034 rotas,-
260 3967 365 4036 Enoch,
389 3966 525 4023 &dicatio
552 3966 751 4035 Mathusalam,
784 3970 879 4024 morlia
905 3972 983 4026 cmis-
1073 3965 1285 4033 Vans.3,t.-
1307 3965 1473 4037 «Dixitque
1493 3967 1583 4022 Deus:
1614 3968 1675 4023 Nou
1703 3971 1886 4040 permanebit

132 4060 197 4126 sie;
219 4054 555 4126 tamentationem
587 4055 656 4124 Noe,
678 4057 792 4126 requeis.
823 4057 981 4113 Procedens
1037 4053 1180 4126 aspiritus
1190 4055 1593 4126 meus,·etc.(itran.,·tlebr.
1603 4056 1778 4127 wintheir.
1790 4045 1885 4149 meg&

132 4160 200 4217 ergo
215 4144 302 4199 homo
317 4143 352 4199 de
366 4149 454 4210 terra,
470 4158 622 4215 resurgens
636 4158 652 4198 a
666 4142 799 4214 peccatis,
817 4142 872 4199 erit
891 4143 980 4198 homo
1036 4141 1178 4214 (loiadon).
1193 4161 1208 4195 e
1231 4143 1294 4198 tlon
1306 4142 1448 4215 indicabit
1461 4143 1579 4215 spiritus
1594 4161 1676 4201 meus
1702 4147 1834 4202 homines
1853 4148 1884 4202 in

131 4232 266 4289 invocans
284 4232 374 4288 Deum
393 4237 422 4288 el
436 4230 544 4288 datiane
571 4235 687 4303 peccata
712 4231 856 4304 pristina:
882 4232 978 4305 sicque
998 4231 1252 4303 llsempilernum,
1272 4230 1410 4302 quoniam
1432 4247 1497 4286 caro
1519 4237 1623 4287 sunt·
1649 4235 1707 4290 Hoc
1737 4239 1789 4302 est,
1812 4236 1882 4308 quia

132 4320 251 4378 laudans
267 4320 367 4388 ileum,
382 4318 656 4390 roboratusSpiritu
682 4318 744 4388 Dei,
776 4318 924 4374 dedicatur
951 4319 981 4375 iu
1033 4315 1512 4389 tragilisesthcminumconditio,
1527 4323 1598 4389 etc„
1614 4321 1813 4392 usqocodsed
1830 4337 1882 4378 ec·

133 4411 221 4466 vitam
234 4411 381 4464 aeternam.
409 4408 500 4480 tique
516 4407 606 4463 victor
625 4407 725 4463 mortis
741 4408 797 4463 ileo
825 4407 979 4480 subjectus,
1033 4420 1099 4462 rum
1113 4422 1185 4480 qnos
1195 4405 1372 4462 eratdilurio
1393 4407 1549 4464 deleturus.
1771 4418 1782 4450 s

133 4497 262 4571 requiem
282 4495 409 4568 possidet
421 4495 638 4566 sempiternam,
652 4509 740 4566 quam
757 4494 899 4566 significat
922 4497 980 4553 tiae
1070 4512 1083 4547 a
1110 4495 1255 4566 tironique
1271 4493 1332 4550 dies
1359 4494 1448 4560 itlius,
1468 4514 1482 4547 s
1499 4500 1549 4551 etc
1569 4496 1688 4566 (Smne.)
1708 4501 1782 4555 Ante
1810 4499 1883 4556 ditu-

132 4588 298 4661 quireqoees
313 4585 570 4657 intepretatum
591 4583 701 4640 decimo
715 4584 778 4640 1000
800 4589 978 4643 assuantur.
1032 4578 1110 4635 vium
1128 4622 1137 4647 ,
1154 4580 1260 4636 scilieet
1285 4582 1320 4637 ad
1346 4583 1486 4654 agendam
1512 4585 1723 4657 penitentiam.
1743 4587 1800 4643 saa
1815 4589 1883 4660 quia

131 4672 463 4751 quiaperimpletieuem
473 4672 979 4747 mandatorumpossideturregnum
1033 4668 1062 4724 in
1078 4668 1187 4725 mulitia
1198 4676 1451 4741 perseveraverunt
1469 4677 1535 4729 aute
1547 4674 1698 4746 praelixam
1713 4676 1881 4748 terminum,

130 4765 276 4831 emiorum,
1033 4759 1191 4814 contesimo
1203 4773 1284 4815 'anno
1299 4759 1385 4815 deleti
1400 4765 1476 4815 sunt.

167 4853 250 4909 Vnus.
279 4854 326 4908 tt.
352 4881 386 4892 -
417 4867 431 4901 e
462 4848 682 4922 ambulavitque
704 4865 769 4905 cum
798 4851 865 4919 ileo,
881 4871 896 4902 »
923 4857 977 4908 etc.
1067 4847 1148 4903 liuns.
1166 4851 1193 4904 5.
1210 4878 1244 4889 —
1262 4866 1276 4901 a
1293 4848 1397 4904 Videas
1426 4854 1523 4903 autern
1546 4849 1725 4921 [lominus‚e
1748 4856 1801 4908 etc.
1819 4853 1880 4908 Nou

133 4938 223 5008 (isin,
242 4941 272 4994 ln
296 4939 381 5009 tien.)
401 4938 495 4996 Enoch
525 4938 663 5011 septimus
689 4937 725 4993 ab
752 4937 842 4994 lidum
863 4940 980 5011 placens
1032 4934 1063 4991 in
1076 4936 1166 4992 iteum
1182 4936 1351 5008 paenitentia
1376 4937 1462 5003 cadit,
1478 4941 1527 4993 eut
1550 4937 1634 4994 dator
1657 4939 1761 5008 cordis,
1777 4942 1824 4997 cui
1837 4946 1881 4998 cst

130 5028 202 5094 Deo,
217 5032 283 5095 etc,
300 5043 385 5098 usqrre
398 5026 437 5083 od
458 5041 525 5083 nam
538 5031 584 5083 ter
598 5027 730 5099 quaterni
745 5026 840 5098 ipsum
859 5027 977 5083 iaciunt.
1031 5022 1066 5078 de
1085 5023 1285 5079 omnibustam
1301 5023 1357 5079 lixa
1373 5025 1514 5080 sententia
1529 5042 1616 5098 quam
1635 5033 1712 5084 certa
1726 5030 1880 5101 praecien-

168 5117 304 5188 (Aucmn.)
322 5116 417 5171 Enoch
435 5121 517 5172 tantu
536 5122 666 5188 tempora
691 5121 852 5171 servatura
873 5121 977 5187 morte,
1031 5111 1070 5168 tia
1087 5128 1095 5167 z
1112 5112 1162 5167 sed
1177 5111 1267 5167 utitur
1280 5112 1427 5183 Scriptura
1440 5114 1553 5170 usitatis
1572 5116 1674 5185 verbis,
1691 5122 1829 5188 coaptans
1851 5135 1881 5176 sc

132 5204 162 5261 in
178 5221 235 5277 quo
245 5202 407 5260 ostenditur
421 5204 489 5276 qnia
507 5204 595 5261 horno
614 5218 729 5276 semper
753 5203 858 5259 vireret
873 5203 897 5260 si
920 5221 978 5260 non
1030 5200 1289 5272 nostreeparriiati.
1317 5206 1350 5257 ut
1367 5218 1399 5258 ex
1420 5203 1542 5275 cognitis
1559 5204 1703 5277 incognita
1725 5222 1881 5277 eognosca-

129 5296 283 5368 peoeame,
1031 5302 1105 5344 mus.
1122 5289 1192 5345 liam
1205 5288 1248 5344 ira
1267 5289 1318 5345 Dei
1331 5305 1391 5346 non
1405 5295 1448 5346 est
1461 5291 1639 5363 perturbatio
1654 5293 1754 5362 animi,
1768 5294 1817 5349 aad
1829 5296 1879 5366 ju-

165 5381 247 5436 llans.
276 5379 371 5435 ers-ad.
400 5395 414 5430 a
439 5378 515 5434 Vixit
541 5393 656 5452 quoque
686 5378 850 5447 tlathusata,
880 5398 892 5428 ι
921 5383 975 5434 etc.
1030 5377 1138 5434 dicium
1167 5378 1244 5450 quud
1273 5377 1420 5451 irrogatur
1441 5379 1584 5451 peccatori
1610 5395 1617 5437 :
1643 5383 1778 5452 cogitatio
1810 5399 1879 5440 raro

130 5472 226 5540 (tra.)
241 5467 383 5538 Quaritur
399 5465 712 5551 quomodoilathusala
739 5466 896 5524 secondum
924 5482 975 5524 an·
1029 5464 1209 5542 cordisejue,
1225 5466 1427 5526 mutandarum
1452 5482 1548 5525 reruni
1576 5467 1763 5527 immutabitis
1791 5470 1875 5528 ratio.
