3892 6106
479 256 606 315 GLOSSA
625 257 828 315 ouolusula.
847 287 883 299 -
902 260 968 316 llis.
988 261 1000 316 1
1019 259 1144 316 Pausi„
1627 269 1679 324 bid

74 380 155 438 rotior
168 381 206 436 sit
218 380 250 436 in
266 379 372 436 divinis
387 380 500 436 officiis.
515 381 566 436 llle
582 381 655 436 bene
670 381 812 453 princi-A
831 380 985 450 nichaeum,
1009 370 1167 438 abinadih.
1193 382 1267 447 Quia
1288 384 1365 440 hunc
1390 387 1451 441 veri
1476 388 1553 460 regis
1575 388 1682 446 Christi

74 468 196 526 inisterii
213 473 316 534 serrat,
334 468 385 540 qui
405 469 499 524 studet
514 485 631 524 manera
646 468 676 524 in
693 470 774 525 ieru-
830 471 1069 543 omnipotentiam
1094 487 1211 539 negare,
1235 471 1317 528 illum
1340 473 1463 547 Spiritus
1487 477 1578 532 sancti
1599 477 1682 533 donis

89 558 177 614 estin
199 557 307 612 visione
321 557 408 628 pacis,
431 562 463 612 ut
482 558 622 613 tumultus
637 557 734 613 saeculi
747 563 777 613 et
829 559 978 630 derogare,
991 559 1079 615 istum
1090 559 1196 614 summi
1211 560 1298 632 patris
1308 561 1469 619 bonitatem
1480 563 1681 638 blasphemare

74 663 85 703 s
106 647 200 702 carnis
223 646 316 717 lugiat
338 651 366 701 et
391 646 517 718 quietern
542 646 645 701 mentis
660 646 690 701 in
704 662 775 702 con·
830 647 965 720 magister
977 647 1170 719 corruptionis
1183 647 1305 704 edocuit.

74 751 110 792 ne
147 735 197 790 liei
233 735 346 801 habeat,
382 734 480 790 dicens
507 749 573 790 cum
601 734 774 790 usumists:
865 736 947 791 vass.
962 737 990 792 4.
1004 739 1085 793 -iit
1095 737 1169 792 dicit
1178 737 1303 804 Soulcd,
1315 742 1367 794 etc.
1385 741 1466 796 llunc
1477 740 1589 798 liebraei
1604 744 1682 816 lloeg

74 839 119 881 sss
132 827 162 879 ia
178 825 221 879 his
235 839 295 894 pue
309 824 461 880 dictasunt
479 825 557 879 milri.
830 824 989 881 idumeum
1002 825 1103 881 dicunt
1116 826 1237 898 assequi
1252 826 1353 883 ridens
1366 828 1433 884 Saul
1447 845 1509 885 esse
1520 835 1680 901 manuum,

74 915 115 970 lb.
143 942 180 956 -
201 914 300 978 Jolriel,
327 912 422 985 quiin
442 913 563 985 Regum,
588 911 670 969 lihiel
695 917 778 985 pater
829 913 935 968 timens
951 912 1049 980 liavid,
1063 914 1189 986 seipsum
1206 914 1358 970 interiecit.
1375 917 1499 972 Puerum
1517 934 1584 974 vero
1599 921 1682 992 (quia

74 1018 92 1057 s
116 1001 193 1071 Saul,
219 1006 246 1057 el
268 1003 474 1074 interpretatur
495 1007 575 1072 pater
600 1017 674 1057 meas
697 1005 776 1057 Deus.
831 1001 961 1057 diadema
973 1005 1001 1056 st
1013 1002 1154 1058 armillam
1170 1002 1237 1059 Saul
1248 1004 1389 1061 attulitad
1404 1005 1501 1077 David)
1511 1022 1573 1061 essa
1588 1006 1681 1063 illium

74 1095 164 1148 senas
189 1090 250 1157 liei,
275 1091 349 1145 forte
368 1106 420 1161 pro
445 1089 614 1145 meritorum
633 1089 776 1145 distantia.
831 1091 921 1160 Doeg,
943 1094 973 1145 et
993 1089 1088 1162 ipsum
1113 1092 1192 1163 lloag
1215 1108 1275 1147 esse
1300 1108 1424 1163 puerum
1447 1110 1512 1149 cum
1537 1111 1595 1167 quo
1615 1095 1682 1153 Saul

74 1178 141 1235 dnm
157 1179 234 1252 quod
257 1178 334 1234 inter
347 1177 422 1233 lilios
436 1178 527 1233 lahiel
542 1178 588 1233 Cis
602 1182 632 1233 et
645 1178 701 1232 lter
721 1177 778 1232 lra-
831 1178 979 1250 quaerebat
991 1179 1083 1234 asinas
1096 1181 1184 1251 patris
1198 1181 1252 1235 sui

74 1273 152 1325 intur
169 1274 197 1323 et
211 1271 287 1335 sunt,
309 1273 337 1323 et
358 1267 388 1322 in
403 1267 515 1339 Regum
529 1267 569 1323 ita
592 1266 778 1335 habetur;1n
866 1266 913 1322 Ad
935 1268 1110 1336 armigerum.
1134 1270 1254 1337 (Baoa'
1242 1285 1272 1325 aa
1295 1286 1357 1341 cap.
1380 1273 1449 1327 tat.
1466 1273 1574 1344 alleg.)
1599 1274 1683 1347 Legis

74 1373 113 1413 »ns
136 1374 203 1412 vero
226 1357 331 1413 dicitur
354 1357 431 1429 quod
448 1357 504 1412 Ner
526 1356 627 1428 genuit
642 1356 698 1424 (iis,
719 1371 779 1411 non
832 1354 973 1412 doctores.
984 1355 1150 1413 sicutenim
1163 1373 1243 1413 mma
1253 1364 1282 1414 et
1294 1359 1406 1431 sagittas
1421 1361 1605 1431 philisthiim,
1616 1368 1682 1432 etc,

74 1445 162 1512 uerit,
179 1444 229 1501 sed
246 1445 322 1516 quod
338 1443 510 1499 educaverit.
831 1445 968 1514 usquead
982 1448 1014 1500 ut
1033 1461 1091 1501 non
1114 1447 1391 1518 contaminarentur,
1413 1449 1464 1506 sed
1482 1454 1514 1506 ut
1529 1452 1683 1509 manduca·

74 1534 112 1590 lt.
128 1563 160 1575 -
177 1533 334 1589 Abisudcb.
361 1532 411 1587 llic
426 1531 501 1587 utin
516 1532 627 1603 Regum
646 1547 712 1586 cam
726 1547 779 1603 pa·
832 1539 898 1588 rent
908 1532 1023 1604 pascha.

74 1637 94 1678 ts
118 1626 260 1688 narratur,
284 1620 433 1676 Abinadab
454 1625 572 1675 vocatur
586 1625 615 1676 et
634 1620 778 1691 interprc·
870 1621 962 1676 Noluit
975 1625 1064 1676 aanor
1085 1623 1218 1692 armiger.
1244 1624 1306 1679 Non
1325 1629 1369 1680 est
1383 1625 1589 1698 ambigendum
1607 1628 1685 1685 inter

74 1709 172 1765 'usadab
193 1715 273 1779 poter
287 1713 477 1775 mauseolum,
501 1708 779 1779 Abrnmahpopulus
835 1709 971 1781 reprobos
992 1710 1061 1781 legis
1082 1711 1310 1767 doctoresiuisse
1325 1714 1436 1787 aliquos
1456 1716 1507 1788 qui
1521 1717 1601 1772 verbi
1617 1734 1684 1774 acu·

74 1813 113 1854 ιη
749 1801 751 1805 ’
834 1813 901 1853 rnen
923 1799 958 1853 ad
977 1798 1148 1856 occidendos
1166 1800 1313 1857 auditores
1331 1807 1494 1874 pervertere
1520 1805 1640 1876 nollent,
1656 1812 1686 1862 et

92 1884 172 1958 lgnis
195 1885 325 1952 maritus,
342 1884 389 1940 hic
403 1889 445 1939 est
470 1885 610 1951 isboseth,
626 1885 655 1940 id
682 1883 781 1940 estvir
833 1891 931 1942 tamem
958 1886 1037 1959 ipsos
1062 1888 1209 1944 auditores
1232 1889 1283 1962 qui
1306 1896 1383 1946 recte
1407 1891 1481 1948 dicta
1502 1910 1518 1948 a
1539 1893 1685 1965 magistris

74 1973 113 2030 iis.
834 1978 1012 2046 acceperant,
1037 1974 1220 2046 despiciendo
1243 1977 1289 2031 vel
1311 1977 1566 2049 blasphemando
1558 1996 1589 2035 in
1602 1997 1684 2037 suam

74 2062 114 2118 lu.
130 2094 163 2104 -
184 2062 344 2119 lleribboot.
371 2062 530 2133 litigans
521 2079 553 2118 sn
569 2061 716 2127 maritum,
734 2062 780 2118 hic
834 2064 953 2118 vertisse
976 2062 1159 2134 perniciem·
1152 2106 1159 2120 .
1174 2080 1300 2136 quorum
1314 2065 1376 2121 visa
1398 2072 1500 2137 morte,
1514 2068 1544 2123 id
1558 2073 1602 2126 est
1615 2086 1683 2142 pec·

74 2151 194 2220 lboseth,
219 2151 268 2223 qui
297 2151 502 2223 interpretatur
531 2152 564 2207 de
590 2166 636 2207 ore
663 2153 781 2220 mnemi-
834 2151 917 2207 candi
940 2150 1142 2221 obstinatione,
1156 2157 1185 2207 et
1198 2152 1275 2224 ipsos
1289 2154 1369 2209 verbi
1388 2154 1686 2229 ministrospertens·

418 2312 424 2324 .
833 2256 904 2312 pora
925 2240 1121 2308 deterioratos,
1145 2241 1308 2296 testimonia
1329 2243 1402 2314 legis
1419 2260 1484 2314 quea
1498 2246 1582 2300 mala
1596 2247 1685 2303 inter-

275 2310 386 2367 CAPUT
405 2312 436 2365 b·
833 2329 941 2401 pretari
977 2329 1146 2399 timuerant,
1171 2329 1225 2385 sibi
1247 2331 1425 2386 occasionem
1453 2331 1553 2389 iecisse
1580 2334 1684 2392 ruinae.

80 2419 107 2475 l.
122 2446 158 2458 -
176 2417 355 2481 Philistls'im,
372 2421 424 2472 etc.
442 2416 531 2488 (Res.)
555 2415 650 2471 Multis
668 2414 781 2471 omissis
835 2416 967 2472 liseretioi
986 2432 1102 2490 quoque
1120 2421 1304 2488 peccatorum
1323 2434 1442 2474 suorum
1458 2419 1563 2491 jaculis
1579 2437 1684 2479 cruen-

74 2506 142 2564 ibro
164 2507 304 2562 Samuelis
327 2507 362 2561 de
383 2506 516 2561 Samuele
533 2509 561 2560 et
576 2506 660 2562 Saule
683 2510 781 2561 narrat
833 2506 896 2572 tati,
918 2522 984 2562 oum
1008 2505 1095 2562 verba
1117 2506 1215 2561 divina
1230 2505 1260 2561 in
1284 2512 1487 2579 argumentum
1511 2509 1555 2563 sui
1578 2510 1685 2566 erroris

85 2612 184 2653 casum
205 2596 272 2651 Saul
291 2600 320 2650 et
341 2594 458 2651 familiae
474 2595 537 2666 ejus
561 2598 778 2651 commemorat.
833 2592 963 2658 trahunt,
980 2609 1060 2649 arma
1074 2610 1128 2649 sua
1150 2599 1250 2650 contra
1265 2599 1364 2667 pectus
1378 2611 1463 2651 sunm
1487 2597 1622 2654 morituri
1636 2599 1684 2653 in·

75 2700 200 2755 anneus,
225 2684 292 2755 quia
316 2688 438 2739 nonest
464 2698 578 2738 necesse
606 2683 694 2738 vitam
719 2683 781 2754 ejus
833 2687 958 2738 vertunt.
979 2682 1105 2749 Quilibet
1122 2683 1209 2739 eliam
1229 2683 1395 2752 catholicus,
1410 2700 1477 2740 com
1490 2684 1684 2759 artem'qoam

74 2791 101 2845 s,
125 2774 206 2845 cujus
231 2773 320 2845 impia
341 2771 519 2827 conversatio
546 2771 634 2826 linem
658 2772 780 2826 celerem
834 2786 886 2842 pro
901 2771 1049 2828 communi
1067 2771 1188 2828 udlihte
1207 2772 1314 2836 didicit,
1334 2774 1487 2845 superbia,
1507 2775 1684 2843 cenodoxiae,

74 2863 198 2935 ccipere,
223 2867 252 2918 et
264 2863 387 2934 figurate
411 2861 493 2932 regni
512 2861 677 2916 ludaeorum
690 2864 719 2915 at
732 2875 781 2915 sa-
833 2858 1020 2932 philargyriae
1029 2861 1072 2916 vel
1087 2860 1240 2933 cujuslibet
1248 2861 1309 2916 vitii
1320 2863 1491 2935 contagione
1501 2863 1617 2934 polluit,
1632 2880 1684 2920 suo

74 2954 168 3010 rarteris
182 2952 267 3008 linem
284 2952 471 3007 demonstrat.
481 2951 526 3007 Ad
536 2949 624 3005 liavid
640 2966 669 3005 se
685 2954 779 3006 trans·
794 2961 816 3017 c
834 2964 864 3003 se
879 2947 975 3019 gladio
989 2947 1126 3019 confodit,
1147 2948 1214 3022 quia
1230 2965 1288 3022 quo
1302 2948 1416 3006 delendi
1429 2951 1465 3006 ab
1478 2950 1559 3007 hoste
1574 2950 1685 3021 debuit,

74 3043 114 3110 ius
137 3041 209 3096 lacta
223 3046 251 3095 et
269 3039 513 3113 dispensationem
537 3038 620 3111 regni
644 3037 780 3106 contexit,
833 3036 865 3091 iu
880 3037 976 3108 ipsum
989 3035 1084 3093 irruit.

74 3146 105 3187 m
127 3134 208 3186 tenet
230 3129 289 3185 veri
316 3129 402 3184 David
427 3144 549 3199 regnum
570 3127 634 3182 ooeli
653 3133 682 3183 et
695 3132 781 3183 terrm
871 3126 950 3181 Varis.
973 3128 999 3182 5.
1023 3155 1058 3168 -
1082 3127 1159 3195 Quod
1176 3143 1237 3183 cam
1259 3128 1371 3184 uidisset
1398 3131 1527 3198 armiger.
1553 3129 1686 3187 Videntas

74 3218 115 3276 hs.
126 3219 188 3285 Quo
198 3219 367 3275 imminente
379 3217 552 3273 Philisthiim
566 3233 645 3272 more
660 3233 712 3272 suo
726 3232 782 3288 pn·
835 3212 943 3269 indocti
965 3230 1040 3271 verae
1068 3215 1239 3272 humilitatis
1270 3217 1459 3274 medicamina
1484 3219 1686 3290 lavacrumque

74 3314 139 3366 ntra
152 3309 249 3376 lsrael,
261 3313 289 3363 et
299 3308 427 3374 vincunt,
441 3307 518 3379 quia,
532 3307 782 3379 appropinquante
835 3300 981 3374 baptismi,
1004 3303 1169 3376 ignorantes
1184 3305 1214 3359 in
1228 3304 1327 3360 iudea
1341 3304 1493 3377 magistros
1513 3322 1580 3362 suos
1592 3313 1685 3362 certa·

74 3397 195 3471 ventiles,
230 3396 303 3452 sicut
330 3399 406 3463 aute,
433 3395 592 3451 castitatem
620 3393 781 3451 lsraeliticae
835 3391 914 3447 mine
933 3390 1075 3464 spirituali
1095 3391 1183 3449 victos
1197 3398 1227 3449 et
1240 3393 1343 3465 vulgus
1360 3409 1418 3450 uon
1431 3410 1567 3466 paucum,
1584 3410 1685 3451 eorum

74 3488 238 3562 ngnsbant;
263 3502 340 3541 nnuc
355 3485 430 3540 mala
445 3500 545 3556 opera,
560 3501 638 3541 nunc
656 3485 782 3542 idolola-
836 3480 946 3537 auditui
970 3480 1147 3555 proximum,
1169 3486 1360 3554 persequente
1374 3482 1546 3552 adversario,
1562 3485 1688 3556 aprisca

74 3592 120 3634 nm
133 3575 322 3640 ostendendo,
333 3573 406 3628 sient
421 3574 534 3628 Balaam
549 3572 670 3629 docebat
682 3574 783 3629 Balaac
836 3569 1003 3627 constantim
1026 3571 1092 3626 seda
1119 3571 1261 3645 iugatum,
1285 3572 1428 3644 majorum
1455 3573 1541 3630 ruina
1565 3575 1686 3644 turbati,

74 3664 234 3722 undalum
253 3678 348 3717 coram
367 3661 435 3716 liliis
461 3662 557 3730 lsrael,
583 3662 666 3717 edere
681 3667 710 3718 et
723 3662 782 3718 lor·
835 3675 923 3732 opera
938 3659 1076 3716 virtutum
1090 3664 1118 3714 et
1133 3661 1295 3716 munimina
1308 3662 1434 3717 scientim
1447 3663 1606 3736 spiritualis
1621 3680 1687 3736 quas

835 3749 1006 3818 habuerant,
1032 3749 1199 3805 amiserunt.
1221 3750 1424 3822 veneruntque
1448 3756 1565 3822 peccata
1592 3754 1686 3825 genti·

74 3845 157 3914 ntpue
181 3843 244 3897 siri.
271 3839 326 3906 Oui
362 3840 450 3895 lortes
477 3838 645 3895 videbantur
674 3840 705 3895 in
732 3840 782 3896 Dei
835 3836 916 3905 hum,
944 3840 973 3891 et
996 3841 1099 3892 cuncta
1120 3836 1226 3891 ludaeis
1249 3836 1404 3892 incredulis
1429 3837 1525 3893 studia
1546 3840 1686 3896 virtutum
1797 3880 1800 3885 ·

74 3931 186 4000 atione,
219 3930 288 3985 dum
315 3929 429 3984 incauta
461 3944 548 4000 opera
575 3928 726 4000 gentilium
754 3934 783 3984 et
835 3941 970 3998 perversa
979 3925 1156 3981 habitatione
1167 3929 1368 3996 corruperunt.
1382 3924 1528 3981 Venerunt
1542 3926 1687 3984 immundi

74 4035 93 4077 a
110 4023 279 4092 sequuntur,
296 4017 498 4073 hereticorum
513 4033 630 4089 quoque
643 4017 782 4088 perditio·
836 4014 962 4086 spiritus,
980 4019 1010 4070 et
1023 4014 1110 4069 corda
1132 4029 1198 4086 quoe
1213 4012 1281 4068 iidai
1303 4011 1462 4068 constantia
1485 4013 1622 4084 deseruit,
1639 4032 1686 4071 oc·

85 4124 192 4183 parum
200 4107 276 4178 juvit
299 4107 443 4162 secularis
463 4106 594 4162 scientia.
623 4106 703 4163 Unde
717 4105 783 4178 qui·
836 4107 1022 4176 cupaverunt
1048 4103 1193 4158 Venerunt
1214 4106 1324 4173 gentes,
1353 4105 1382 4156 et
1403 4101 1514 4172 optima
1541 4104 1688 4177 quondam

74 4196 262 4268 :Philosophi
284 4196 455 4268 patriarcha
473 4195 674 4252 haerelicorum
688 4195 782 4250 Eccla·
796 4244 820 4301 D
836 4193 1001 4248 ludaeorum
1025 4189 1120 4246 studia
1149 4189 1302 4258 credendo,
1332 4205 1385 4246 sua
1412 4189 1553 4248 lecerunt.
1582 4191 1686 4249 Unda:

74 4291 151 4344 dem
166 4301 298 4358 perversa
311 4285 489 4341 maculavere
504 4284 642 4340 doctrina.
837 4279 1107 4350 intercessoris
1121 4294 1233 4348 nusum
1246 4281 1305 4347 Dei,
1321 4283 1347 4335 et
1361 4278 1474 4335 dabitur
1485 4282 1560 4350 penti
1572 4283 1689 4350 {casati

75 4379 104 4433 i.
129 4406 163 4416 —
188 4375 306 4445 dumque
331 4375 606 4445 appropinquassent.
634 4373 785 4429 irruerunt
836 4373 959 4439 {ructum
972 4370 1031 4441 ejus
1051 4368 1159 4440 (liciti.
1176 4368 1242 4440 ιιι).

79 4464 209 4537 nudique
231 4463 262 4519 in
287 4478 410 4534 regnum
432 4463 512 4518 tudae
528 4467 557 4518 et
578 4461 740 4533 liliosejos,
756 4464 785 4516 et
873 4460 954 4515 Vsas.
981 4460 1023 4514 til.
1054 4489 1089 4498 -
1115 4460 1152 4513 Et
1177 4461 1270 4528 caput.
1299 4456 1380 4530 (Res.
1407 4459 1438 4512 io
1464 4457 1570 4525 Paret.)
1597 4454 1690 4527 Caput
1765 4520 1767 4525 .

74 4557 127 4611 nat
149 4553 318 4619 sacerdotes,
343 4550 448 4606 scribas
469 4555 497 4607 et
518 4548 676 4606 Pharisaeos
697 4547 783 4615 lilios,
837 4547 930 4605 Saulis
953 4546 985 4603 in
1006 4547 1115 4619 templo
1138 4547 1237 4619 Dagon
1263 4545 1421 4602 Philisthrei
1437 4544 1601 4614 alliserunt,
1621 4549 1687 4609 etc..

74 4640 261 4700 tseductores
287 4639 365 4695 illius
381 4639 463 4711 regni
484 4639 636 4695 hereticos
658 4650 783 4711 qaoque,
837 4652 923 4707 aesque
940 4635 978 4692 od
991 4635 1049 4692 alia
1062 4639 1105 4691 est
1118 4635 1196 4690 enim
1211 4635 1334 4690 bethsan
1354 4633 1384 4689 in
1402 4633 1534 4691 iudicum
1548 4639 1577 4690 et
1590 4634 1688 4704 losue,

74 4730 167 4788 liciter
188 4729 311 4801 gratiam
332 4728 456 4802 Spiritus
481 4728 572 4784 sancti
596 4726 786 4800 predicarent
839 4741 904 4799 quae
918 4725 1126 4798 interpretatur
1138 4724 1233 4781 ὀοιιιιι
1247 4724 1412 4779 assumatis.

74 4823 134 4888 ant,
148 4821 309 4874 vetuerunt.
874 4814 956 4869 Vrsa.
971 4815 1013 4869 ll.
1023 4840 1059 4854 -
1073 4814 1128 4869 lloc
1139 4828 1199 4868 cum
1209 4809 1510 4868 audissentsin'tcbes.
1526 4809 1592 4880 (lo,
1607 4809 1689 4882 ibid.)

74 4907 127 4966 lat
151 4908 191 4962 lle
212 4911 324 4979 patrem
346 4906 397 4978 qui
420 4922 473 4963 nos
488 4905 542 4962 sibi
564 4902 710 4977 adoptavit
727 4901 785 4975 spi·
839 4902 899 4958 Viri
921 4901 1028 4958 scilicet
1042 4901 1186 4965 Ecclesia,
1207 4905 1273 4967 etc,
1292 4913 1378 4969 usqae
1400 4897 1438 4954 ad
1451 4898 1512 4953 haec
1533 4901 1577 4954 est
1589 4897 1690 4954 civitas

74 5013 134 5055 ono
161 4991 258 5069 digna
274 4994 452 5051 confessione
483 4995 674 5059 laudaremus,
708 4991 785 5092 quod
839 5006 926 5064 quarn
941 4989 1139 5063 primisregni
1153 4988 1198 5044 sui
1216 4985 1351 5058 auspiciis
1364 4985 1433 5042 Saul
1448 4985 1484 5041 ab
1499 4984 1626 5042 hostium
1640 4986 1690 5042 obs

74 5084 275 5155 tinterlectio,
311 5083 459 5140 abinadab
487 5083 517 5139 id
543 5086 586 5139 est
610 5080 701 5154 patris
728 5079 786 5136 mei
840 5078 952 5136 sidione
967 5078 1109 5136 liberavit.

74 5176 99 5234 i.
876 5169 956 5225 Vras.
983 5170 1085 5224 la.-
1108 5165 1241 5232 Quercass
1262 5167 1367 5234 quarm
1388 5162 1524 5232 indutas,
1543 5164 1690 5235 atteiense-

74 5263 230 5323 ιιιιι.Νι“
221 5279 254 5318 ιιι
273 5260 378 5319 Christi
402 5276 490 5333 regno
511 5260 634 5316 amntem
658 5258 786 5314 laturam
839 5261 936 5313 verast
956 5260 1057 5328 septem
1071 5254 1174 5317 dutus,
1194 5255 1249 5310 etc.
1267 5251 1303 5307 Ut
1315 5251 1351 5308 ad
1366 5251 1496 5323 requiem
1511 5252 1689 5323 perveniant.

74 5371 95 5411 s.
74 5280 274 5411 mlelchisua
300 5349 379 5406 enirn
408 5349 615 5421 interpretatur
636 5363 687 5404 rec
712 5361 787 5404 mesu
841 5346 908 5402 Post
921 5362 970 5401 sex
990 5344 1068 5401 enim
1093 5341 1180 5415 hujus
1202 5339 1300 5397 saculi
1322 5345 1421 5396 etates
1435 5340 1564 5414 quibus
1556 5356 1587 5396 ιιι
1606 5355 1692 5397 carne

74 5441 248 5514 silosophus,
271 5437 321 5512 qni
344 5437 445 5494 Arium
470 5438 591 5505 seduxit,
613 5435 696 5509 quasi
717 5436 788 5493 Hel·
840 5434 1016 5504 laboramus,
1032 5432 1162 5506 sequitur
1177 5430 1299 5504 septima
1314 5429 1418 5503 quietis
1434 5429 1607 5486 animarum.

74 5531 151 5590 scidit
163 5545 172 5586 a
186 5528 238 5602 qui
252 5526 459 5596 hemionium,
473 5525 645 5597 lonatham3
661 5523 712 5598 qui
728 5525 787 5581 lla·
878 5521 1002 5595 llystice,
1017 5520 1053 5578 de
1067 5520 1193 5577 cecitate
1213 5520 1380 5577 ludaeorum
1400 5517 1551 5576 sabbatum
1570 5516 1691 5574 carneh-
