3892 6106
60 275 114 328 87³
625 276 753 332 GLOSSA
771 276 973 335 oabttttnta.
992 307 1029 322 -
1049 280 1113 335 ΗΒ.
1139 279 1261 336 esaan.
1770 281 1824 337 874

60 399 188 452 cumitus
204 399 573 468 Apostolorumdocentem
600 399 755 467 ambiebat,
780 401 823 456 vel
840 403 953 456 totusA
1008 403 1088 457 Vens.
1118 407 1144 457 7.
1169 433 1203 442 -
1230 405 1287 471 Epo
1323 407 1422 458 autem.
1454 407 1507 458 etc.
1547 401 1641 474 (Aac.)
1671 404 1822 474 Hucusque

60 487 310 552 mundicirculus,
327 486 354 541 id
370 493 422 554 est,
438 486 562 541 Ecclesia
581 488 732 559 generalis.
972 490 1100 544 Christus
1135 490 1165 544 in
1196 506 1319 562 persona
1362 491 1465 546 veteris
1512 490 1648 557 bominis,
1675 489 1722 546 hic
1760 491 1821 561 jem

99 577 184 630 tiras.
206 578 232 630 6.
258 604 294 617 -
316 577 481 630 insalutori
504 581 571 630 tuo:
596 577 713 644 gloriam
735 582 760 632 et
788 594 917 646 maenum
971 577 1087 648 proprie
1103 577 1134 632 in
1161 594 1213 632 sua
1232 594 1354 649 persona
1382 578 1520 650 loquitur.
1548 581 1605 646 Epo
1625 582 1729 633 autem.
1758 578 1822 632 iam

60 665 197 730 decorem,
225 668 278 718 ete.
305 664 404 734 (Cass.)
435 664 526 718 Verbo
551 665 654 733 Putris,
682 680 747 735 qum
773 664 916 736 indeglo·
971 665 1089 736 proprio
1113 666 1252 735 Christus,
1282 667 1343 721 sine
1364 668 1474 721 semine
1498 671 1581 721 natus
1611 682 1686 732 sem,
1716 670 1747 721 ut
1773 682 1822 722 es·

63 754 117 808 ria.
145 755 269 807 Gloriam
299 753 334 807 de
362 752 481 823 judicio,
502 752 616 824 quiaiu
632 753 741 808 Deitate
765 753 915 824 judicabit.
972 770 1031 808 sem
1061 754 1136 809 nltm
1164 755 1293 810 homines
1318 755 1492 821 inhomiae,
1516 754 1619 826 inquo
1649 754 1820 809 luctuosum

65 845 192 896 Decorum
223 841 253 895 in
285 840 444 912 majestate,
467 858 532 912 quae
560 846 630 895 tnnc
662 842 821 913 apparebit.
850 843 916 898 Gto·
971 842 1171 912 opprobrium,
1200 847 1233 897 ut
1259 844 1301 897 ret
1327 841 1655 912 siesnperbiehomiuis
1676 841 1819 897 humilem

64 928 140 982 riam
165 934 190 982 et
217 944 347 996 magnum
365 929 495 994 decorem,
524 933 578 983 etc.
614 929 771 996 Gloriosus,
798 935 830 984 ut
865 932 917 984 Pe·
971 928 1109 985 imitetur.
1129 933 1234 985 Vermia
1256 937 1281 985 et
1307 947 1360 985 non
1380 934 1473 996 bomo,
1499 930 1685 1000 opprobrium.
1712 928 1818 1000 (Cass.)

65 1021 142 1084 trus,
166 1017 248 1087 cujus
288 1017 392 1072 umbra
419 1016 527 1071 intirmi
557 1016 752 1083 sanabantor;
780 1022 809 1072 et
831 1017 918 1072 decor
971 1019 1122 1073 itarilitar
1144 1020 1336 1087 conculcatus,
1362 1025 1427 1086 etc,
1455 1035 1541 1088 usque
1565 1020 1602 1073 ad
1628 1019 1742 1087 vermis,
1757 1019 1819 1073 sine

67 1110 112 1159 est
132 1121 214 1175 saper
226 1120 297 1170 eum,
322 1109 427 1173 preater
442 1121 528 1176 quem
558 1109 684 1160 nonest
712 1105 790 1160 aliud
814 1105 915 1160 tunda-
970 1107 1048 1162 coitu
1072 1114 1167 1174 natus,
1183 1107 1321 1175 mortalis,
1345 1107 1505 1163 humiliset
1526 1107 1599 1173 vilis,
1633 1106 1748 1163 silentio
1772 1123 1818 1162 re·

65 1199 209 1250 mentum.
229 1194 387 1264 ldeoruper
400 1210 469 1259 eum,
487 1195 624 1263 quoniam
635 1195 715 1250 dabis
718 1236 772 1251 .....

104 1284 187 1337 Vens.
217 1287 245 1337 7.
270 1312 305 1323 -
333 1284 362 1338 ln
389 1283 491 1352 gaudio
522 1298 583 1337 cum
605 1285 683 1338 uultu
705 1288 758 1339 tuo.
783 1285 917 1354 Quoniam

61 1387 117 1428 rea
141 1376 233 1441 meret
258 1373 289 1425 in
313 1373 436 1437 Domino,
452 1377 478 1426 et
504 1373 747 1441 immisericordia,
762 1376 816 1427 etc.
842 1370 914 1441 (lui.

64 1461 166 1524 idest,
197 1460 232 1514 de
248 1459 301 1513 hoc
326 1460 403 1530 quod
420 1460 464 1514 sui
490 1460 657 1530 gaudebuut
680 1476 745 1516 cum
772 1465 823 1516 tna
842 1475 916 1531 prse-

62 1549 170 1615 sentin,
186 1550 303 1620 quando
319 1549 484 1603 arisiomnia
497 1550 527 1604 in
541 1550 683 1604 omnibus.

970 1211 1050 1267 pens.

1006 1284 1088 1339 Vens.
1116 1287 1193 1341 9.-
1212 1286 1339 1356 Sperabit
1363 1287 1393 1340 in
1418 1287 1538 1351 Domino,
1568 1289 1620 1339 etc.
1638 1284 1739 1355 (Cass.)
1769 1283 1817 1339 bi-

970 1378 1064 1426 eentes
1086 1389 1093 1426 :
1118 1373 1204 1443 Spera
1234 1375 1262 1428 in
1288 1375 1410 1439 Domitio,
1435 1377 1489 1427 etc.
1521 1373 1616 1427 leonia
1640 1372 1816 1441 iudeorum,

970 1476 1035 1515 eece
1070 1461 1154 1532 quasi
1189 1461 1345 1516 historialis
1375 1461 1510 1527 narratio,
1534 1477 1592 1517 non
1606 1460 1817 1533 prophetia,ne

970 1548 1070 1620 quasit
1082 1549 1237 1616 excusatio,
1253 1566 1290 1604 ne
1302 1566 1359 1620 qua
1374 1549 1555 1620 ambiguitas.

100 1640 224 1692 vises.
250 1668 284 1677 -
307 1639 471 1692 Invenietur
492 1654 587 1692 marrus
608 1643 666 1704 tua,
700 1641 753 1693 ete.
779 1637 849 1709 (ln.)
875 1639 955 1732 lleB
1008 1656 1085 1709 vm,
1120 1657 1162 1709 40,
1192 1686 1227 1695 ,
1254 1655 1295 1710 Ag
1326 1654 1462 1710 „gerim
1487 1654 1549 1708 Non
1576 1671 1608 1708 εχ
1635 1670 1692 1726 quo
1718 1653 1817 1708 {mm
1847 1696 1848 1700 Ἰ

60 1727 157 1797 poenis
172 1725 366 1792 inimicorum,
382 1731 411 1779 ot
423 1742 510 1796 supra
526 1726 560 1780 de
575 1726 709 1781 laudibus
728 1725 843 1780 Christi.

99 1816 186 1870 vaes.
218 1818 259 1869 tl.
284 1845 319 1854 -
348 1816 475 1869 Fructum
498 1830 589 1869 eorum
612 1815 645 1869 de
671 1819 744 1879 terra
767 1814 876 1884 perdes,
891 1819 918 1870 et

62 1920 154 1960 amnon
183 1918 282 1958 eorum.
302 1903 363 1957 Non
383 1903 438 1957 erit
465 1903 506 1956 eis
532 1903 641 1958 fructus
668 1903 855 1983 bea-titudinis
884 1903 915 1958 in

62 1998 143 2047 terre
157 1992 324 2046 virentium.

101 2083 183 2136 tinas.
214 2084 255 2136 li.
272 2083 456 2147 -Quoniam
481 2096 571 2150 pones.
598 2079 700 2151 laiss.)
726 2080 806 2135 Dicta
820 2080 855 2135 de
870 2080 915 2135 iu·

58 2176 139 2235 tura,
160 2175 225 2236 etc,
248 2185 333 2238 usque
356 2169 393 2225 ad
421 2174 529 2223 uteum
545 2172 681 2240 putarent
705 2168 844 2235 occidere,
869 2185 914 2222 sa·

61 2259 109 2312 lus
127 2258 218 2312 tieret.

102 2348 184 2401 Vens.
205 2348 247 2401 ti.
263 2375 299 2388 -
312 2347 452 2402 haltere.
472 2346 538 2416 (lu.)
551 2345 710 2401 Conclusio.

970 1742 1054 1813 coepi,
1083 1747 1150 1810 etc,
1185 1757 1271 1812 urqire
1298 1743 1336 1797 ad
1364 1741 1412 1796 scd
1450 1742 1528 1796 fuisti
1558 1743 1632 1796 Deus
1657 1757 1748 1797 meus.
1780 1743 1817 1796 De

969 1835 1070 1886 uentre.

1119 1937 1163 1990 lt.
1192 1967 1226 1976 —
1248 1938 1397 1990 Deceatre.
1421 1935 1516 2005 (leo.)
1544 1936 1607 1991 Non
1633 1935 1727 1989 solnm
1755 1951 1818 1990 ma·

969 2023 1032 2090 tris,
1049 2039 1114 2095 qua
1130 2024 1174 2078 lex
1199 2024 1333 2078 nascendi
1349 2028 1390 2078 est
1413 2024 1561 2092 omnibus;
1578 2023 1626 2078 sed
1643 2023 1677 2078 de
1692 2023 1818 2078 tenebris

968 2113 1137 2183 synagogae,
1161 2112 1311 2184 inquibus
1330 2111 1455 2167 inlidelis
1478 2117 1531 2177 cst,
1548 2112 1678 2167 nondum
1698 2111 1728 2167 in
1753 2113 1815 2168 lace

969 2200 1073 2257 Christi
1092 2206 1186 2268 natus,
1211 2200 1304 2272 quiin
1321 2200 1568 2255 obsecrationibus
1582 2200 1640 2255 iltis
1655 2201 1818 2256 carnalibus

968 2290 1078 2345 sabbati
1092 2295 1121 2345 et
1131 2289 1354 2345 circumcisionis
1369 2288 1496 2344 considii.

1014 2380 1096 2435 vaus.
1116 2382 1157 2433 tn.
1180 2410 1213 2419 -
1240 2380 1279 2434 Ne
1293 2378 1448 2433 discesseris
1476 2393 1493 2431 a
1520 2392 1570 2446 me,
1597 2377 1647 2448 qni
1673 2377 1734 2447 jam
1755 2393 1813 2432 cte·

1006 1937 1086 1990 Vens.

892 2466 894 2470 '
968 2466 1045 2539 pisti.

368 2539 525 2595 PSALMUS
540 2539 612 2595 xxi.

102 2700 182 2752 Vens.
210 2698 240 2751 2.
267 2697 396 2762 -Deus,
422 2697 502 2749 Deus.
516 2693 619 2763 (Cass.)
639 2691 828 2748 Promittitur
844 2708 915 2746 con·

67 2786 178 2858 questio
190 2785 225 2840 de
251 2784 448 2850 derelictione,
466 2798 517 2835 nec
534 2797 591 2835 non
620 2786 648 2835 et
663 2780 765 2846 oratio,
786 2781 860 2834 sicut
884 2780 915 2835 in

66 2875 201 2930 omnibns
224 2873 341 2944 psalmis
369 2872 403 2926 de
428 2871 569 2941 passione.
596 2872 693 2939 (boa,
709 2869 801 2936 Cass.)
829 2870 914 2934 Deus,

66 2968 136 3019 licus
162 2979 170 3018 ε
197 2962 326 3033 geminat
353 2976 386 3015 ex
410 2960 522 3028 ellectu,
551 2959 595 3013 rel
624 2961 692 3012 Deus
715 2957 846 3013 omnium
863 2953 952 3029 pch

64 3050 220 3107 creationis
249 3049 417 3120 potentiam,
458 3063 531 3102 meus
556 3046 672 3118 proprie
702 3062 755 3117 per
787 3046 909 3101 cultum.

66 3139 163 3209 (Aue.)
204 3136 323 3202 Quando
355 3137 408 3190 boc
448 3135 480 3188 in
503 3150 585 3188 cruce
618 3134 738 3198 dixerat,
771 3135 914 3204 psalmum

65 3230 156 3282 istum
191 3227 225 3279 de
269 3240 298 3277 se
322 3223 459 3293 scriptum
489 3221 633 3277 indicarit.
669 3224 780 3291 Respice
803 3224 833 3276 ia
862 3237 912 3278 mr.

66 3316 171 3386 laiss.)
200 3314 261 3368 Non
290 3317 331 3367 est
370 3312 400 3366 in
440 3311 568 3376 liebroeo,
605 3309 654 3363 sed
689 3325 706 3363 a
732 3309 920 3380 septuaginta

66 3403 275 3475 interpretibus
290 3401 428 3455 additum.
454 3400 542 3466 Quare
559 3413 601 3453 me
621 3398 809 3467 dereliquisti?
822 3397 914 3469 (Aac.)

70 3494 171 3549 liirum
184 3491 248 3559 hoe,
263 3504 328 3544 cum
344 3494 373 3544 et
392 3490 466 3544 Deus
487 3493 560 3542 esset
575 3502 640 3541 eum
664 3502 714 3552 eo;
731 3487 780 3542 sed
795 3503 848 3558 pro
863 3503 914 3541 no-

60 3583 123 3648 bis,
151 3581 202 3652 qui
225 3580 256 3634 ia
281 3594 314 3632 eo
339 3593 443 3648 corpus
469 3577 541 3646 ejus.
578 3579 665 3642 laage
689 3591 706 3628 a
733 3576 821 3630 solute
845 3591 914 3643 mea,

67 3671 164 3734 idest,
188 3669 246 3723 mei
273 3667 377 3722 veteris
401 3664 538 3731 bominis,
564 3663 631 3734 quia
658 3664 735 3730 torpe
762 3669 915 3734 apecoato·

64 3759 240 3823 sibu-esaim
270 3756 374 3811 etlaaec
413 3758 485 3810 sunt
509 3753 596 3807 rerba
622 3768 681 3806 non
708 3753 841 3823 justitie,
865 3752 915 3807 sed

65 3849 248 3905 delictorum.
266 3845 327 3911 Vel,
342 3845 428 3910 louge
457 3841 579 3896 asalute
607 3845 674 3896 sunt
697 3841 784 3895 verba
797 3840 915 3896 delicto·

66 3954 133 3994 rum
148 3950 290 4002 meorum,
301 3949 366 4005 quae
379 3937 446 3987 sunt
461 3932 598 3987 tollenda.

102 4028 186 4080 Vens.
208 4027 234 4078 ³.
264 4054 297 4063 -
325 4023 461 4079 clamabo.
497 4022 586 4091 (lue.)
614 4020 653 4073 De
673 4018 767 4086 nobis,
796 4035 918 4089 corpore

68 4130 122 4170 suo
138 4113 219 4180 dicit,
232 4117 263 4167 ut
278 4127 343 4167 cum
373 4110 445 4164 lorte
459 4108 551 4164 dieit:
583 4110 714 4164 Transeat
739 4125 757 4162 a
778 4123 819 4163 me
844 4108 918 4163 colia

70 4206 131 4271 iste,
143 4202 236 4268 idest,
261 4203 380 4272 putetur
393 4197 524 4253 timuisse
552 4197 639 4263 mori,
662 4196 710 4252 scd
732 4212 785 4268 pro
802 4196 917 4251 saisin-

1005 2558 1045 2611 Tu
1066 2557 1238 2610 retraxisti:
1256 2553 1384 2620 courir,
1401 2569 1438 2607 ne
1452 2551 1598 2606 dubitetur
1616 2550 1736 2623 virginis
1749 2568 1816 2623 per-

968 2640 1209 2707 tus,rirtute1iei
1232 2641 1338 2696 iactum
1364 2645 1417 2695 est.
1435 2640 1501 2708 Spes
1515 2654 1573 2693 mea
1602 2638 1637 2693 ab
1664 2638 1816 2694 uberibus:

968 2748 1037 2786 sera
1065 2730 1229 2784 humanitas
1255 2735 1284 2783 et
1309 2744 1414 2800 magna
1437 2726 1593 2798 perlectio;
1613 2726 1649 2781 ab
1681 2726 1818 2782 uberibus

968 2819 1045 2873 enim
1061 2818 1136 2884 iacit,
1149 2817 1226 2888 quod
1242 2817 1286 2870 rix
1302 2822 1442 2870 maturus.

1005 2910 1042 2963 Ia
1054 2912 1079 2962 tc
1093 2907 1228 2977 projectus
1243 2920 1313 2971 sum,
1329 2921 1386 2959 non
1415 2905 1444 2958 in
1469 2907 1583 2975 peccata
1606 2903 1740 2958 bominis.
1761 2903 1818 2959 alii

970 2997 999 3051 in
1015 2996 1105 3050 Adam
1119 2994 1322 3066 projiciuntur,
1339 3010 1373 3047 ex
1390 3008 1447 3064 quo
1462 2992 1514 3046 rei.
1541 2993 1581 3046 De
1599 2996 1690 3046 ventre
1719 2995 1817 3048 matria

968 3102 1040 3153 mee,
1062 3087 1131 3140 Deus
1154 3097 1237 3138 meus.
1266 3081 1367 3154 (Cass.)
1396 3081 1452 3135 Nee
1480 3079 1630 3151 conceptio
1656 3079 1717 3134 sine
1746 3082 1814 3147 beo,

968 3190 1020 3228 nee
1036 3172 1065 3226 in
1082 3176 1208 3244 peccato,
1240 3170 1386 3236 athomo;
1413 3168 1490 3224 unde
1511 3169 1659 3240 Angelus:
1689 3167 1812 3238 Spiritus
1883 3188 1887 3195 ·

968 3266 1078 3318 sanctus
1100 3261 1271 3329 supmoeniet
1285 3261 1314 3313 in
1330 3263 1364 3313 te.

1005 3368 1084 3421 Veis.
1119 3368 1161 3421 13.
1191 3395 1225 3405 -
1251 3363 1510 3419 Circumdederunt.
1550 3362 1613 3435 (lo.)
1639 3361 1816 3418 Describitur

969 3455 1073 3527 passio,
1099 3469 1186 3525 quam
1201 3453 1337 3508 terminat
1358 3451 1467 3520 oratio;
1487 3451 1521 3507 ad
1541 3450 1751 3506 convincendos
1763 3452 1814 3506 iu-

968 3545 1046 3600 daeos
1062 3543 1149 3597 refert
1161 3542 1257 3596 lutura
1272 3540 1351 3612 quasi
1363 3540 1520 3612 praeterite.

1005 3633 1085 3685 Vens.
1117 3631 1159 3684 ll.
1184 3659 1214 3669 -
1244 3627 1505 3698 Apameitis.)
1528 3629 1564 3682 Ut
1595 3626 1663 3681 ierac
1691 3614 1817 3681 volentes

970 3718 1122 3790 deglutire,
1143 3734 1174 3771 os
1190 3732 1285 3784 sunm,
1310 3733 1370 3771 non
1393 3715 1429 3771 ad
1458 3714 1627 3787 sapientiam
1644 3717 1814 3770 reseratum.

970 3807 1045 3862 Siout
1060 3807 1109 3861 teo.
1139 3807 1237 3876 (Aua.)
1256 3806 1290 3859 Ut
1314 3805 1358 3859 teo
1373 3803 1488 3875 rapiens
1508 3802 1769 3870 circumdederunt,
1784 3807 1818 3858 nt

970 3895 1087 3965 rugiens
1101 3911 1132 3949 os
1144 3897 1329 3965 aperuerunt.

1007 4002 1088 4056 Vuae.
1101 4004 1142 4055 li.
1155 4031 1189 4040 -
1199 4000 1275 4056 Siout
1284 4014 1368 4068 aqua.
1381 3996 1499 4062 Quando
1510 3994 1737 4068 lunditurequa,
1750 3999 1816 4064 ete.,

971 4104 1056 4159 usque
1070 4088 1107 4143 ad
1122 4088 1196 4143 unde
1209 4087 1308 4142 relicto
1323 4101 1356 4141 ao
1376 4086 1522 4153 lugerent.
1534 4084 1634 4155 (Cass.)
1643 4084 1722 4140 Sicut
1735 4099 1818 4155 aquae

973 4180 1183 4233 sacramentum
1198 4174 1306 4229 ablutio
1325 4178 1518 4245 peecatorum,
1538 4176 1608 4239 ete,
1632 4186 1716 4242 usque
1741 4171 1779 4226 ad
1790 4175 1820 4226 et

69 4288 228 4361 firmisqui
256 4287 457 4355 timentmori,
474 4287 536 4341 haee
554 4286 635 4352 dixit,
661 4284 745 4339 sicet
776 4285 838 4340 baec
864 4254 955 4340 sexu
975 4266 1095 4321 ⁵⁰¹id⁸l⁸
1131 4268 1174 4319 θθῑ
1200 4266 1342 4332 Tanquam
1377 4276 1447 4317 Μ·
1474 4262 1549 4316 3⁰⁰0
1591 4260 1661 4332 ¹⁰Ei⁵
1685 4259 1820 4331 ffli⁵l⁰fi⁸

71 4378 268 4435 membrorum
284 4381 349 4431 ast:
368 4376 494 4433 Gtamabo
517 4374 757 4430 elnonecoudiee.
774 4376 826 4429 Per
837 4375 919 4442 diem
975 4358 1122 4424 wulpam
1149 4368 1230 4418 ⁰⁰¹2·
1261 4357 1326 4420 θῑῦη
1356 4366 1441 4420 “W
1464 4350 1501 4405 ⁰4
1533 4348 1670 4420 (immam
1697 4348 1818 4404 ercum-
1911 4392 1914 4396 ·

71 4475 96 4524 et
123 4484 178 4524 non
209 4466 349 4534 reaudire,
373 4470 398 4521 et
424 4470 500 4520 noete
522 4468 547 4518 rt
575 4478 629 4518 non
660 4462 698 4517 ad
722 4465 920 4533 insipientiam.
976 4441 1413 4500 ‘lidefunt-171m2dl‘0vfflmi
1437 4443 1498 4495 mei·
1524 4439 1619 4511 (Aue.)
1645 4440 1750 4494 V⁰1¹¹⁰i
1778 4437 1822 4494 5¹¹·

72 4555 255 4629 (ggsspguia
270 4556 356 4611 ,1011oe
371 4555 402 4609 jn
417 4570 452 4609 ρο
470 4552 607 4621 renem,
623 4556 652 4606 οι
665 4556 761 4607 samen
792 4566 854 4607 110„
867 4567 920 4606 gu.
975 4533 1073 4588 fl'rmos
1099 4531 1129 4587 in
1154 4530 1286 4599 Ecclesia,
1315 4529 1360 4585 vei
1378 4527 1549 4584 memoriam
1576 4527 1708 4583 Ecclesia
1732 4526 1819 4599 signi·

71 4647 150 4701 ditur
166 4645 201 4700 ad
221 4645 342 4700 salutem
357 4642 547 4714 corporalem.

108 4735 190 4788 Vens.
210 4733 236 4786 t.
267 4761 302 4772 -
326 4732 359 4786 ln
387 4735 479 4786 sancto
504 4729 622 4783 liabitas.
650 4727 741 4798 (Auo.)
767 4727 801 4783 Et
816 4726 856 4782 ita
872 4725 922 4781 mi·

73 4839 147 4891 rum,
178 4821 247 4893 quia
275 4824 371 4891 putres
402 4817 543 4884 liberasti3
566 4832 620 4888 ego
636 4821 733 4871 autem
766 4831 829 4870 sum
860 4830 922 4870 rer·
978 4816 1081 4886 (case.)
1110 4815 1173 4869 Noa
1198 4813 1358 4882 ottanum,
1383 4813 1432 4867 sed
1455 4816 1487 4867 nt
1519 4816 1666 4881 testaque
1694 4809 1761 4881 igne
1790 4807 1824 4864 tit

1011 4728 1092 4782 Veas.
1116 4730 1160 4781 tii.
1185 4756 1220 4766 -
1246 4722 1331 4781 Arent
1363 4727 1494 4794 tanquam
1515 4726 1583 4777 testo
1621 4723 1709 4777 uirtus
1751 4734 1821 4775 mea.

73 4928 138 4967 mis.

107 4997 214 5068 (Cass.)
243 4997 284 5052 Tu
313 4995 425 5051 habitas
440 4994 470 5049 in
488 4996 596 5062 sancto,
625 4992 694 5064 quia
719 4993 794 5047 neus
818 4991 924 5046 eratin
977 4997 1026 5065 pta
1051 5007 1115 5048 mee
1143 4991 1220 5062 apud
1260 5006 1290 5045 se
1318 4989 1348 5044 bi
1376 5004 1428 5059 per
1464 5004 1537 5059 quos
1564 4987 1715 5042 locuturus
1744 4999 1824 5041 eram

73 5089 186 5145 Christo
214 5085 355 5141 mundum
396 5083 451 5139 sibi
494 5081 692 5138 reconcilians.
728 5081 802 5135 Laus
827 5080 923 5141 lsrael.
978 5086 1007 5137 et
1037 5095 1089 5152 per
1107 5095 1157 5134 eos
1179 5078 1209 5133 in
1229 5077 1429 5149 cognationem
1458 5091 1571 5146 eorum,
1595 5074 1645 5146 qui
1668 5071 1825 5145 erantpul·

74 5176 172 5248 (Auo.)
188 5174 216 5230 id
228 5179 280 5238 est,
304 5172 471 5240 videntiste,
486 5170 620 5241 nunejus
635 5169 686 5243 qni
709 5185 739 5225 se
754 5167 845 5224 voluit
858 5168 925 5222 abe
977 5170 1019 5225 sis
1034 5167 1144 5233 mortis,
1158 5166 1298 5222 deductus
1312 5181 1386 5220 sum.

74 5264 200 5321 condere
215 5279 231 5317 a
246 5265 476 5333 eonspectutuo.
1014 5257 1095 5311 Vens.
1124 5257 1166 5309 lt.
1207 5282 1244 5295 -
1275 5253 1422 5307 Foderunt.
1451 5252 1514 5320 tle.)
1555 5248 1724 5321 Euangeliou
1760 5263 1825 5304 aar·

110 5352 194 5406 Vens.
222 5354 248 5405 5.
264 5352 344 5405 —ln
364 5354 388 5403 te
410 5351 587 5418 speraverunt
604 5349 698 5416 patres
718 5346 925 5413 uostri,spera-
979 5341 1062 5397 ratio.
1090 5340 1147 5396 Etsi
1173 5339 1234 5394 brec
1271 5339 1305 5394 ad
1347 5340 1484 5403 litteram,
1513 5336 1609 5392 innuit
1645 5335 1732 5391 fossio
1766 5351 1826 5390 ma·

71 5445 182 5499 oenmt.
200 5426 302 5510 (Cass.)
330 5439 449 5510 liagnus
473 5437 568 5503 decor,
593 5435 661 5491 dnm
689 5433 774 5490 iterat
799 5447 924 5504 sperave·
980 5446 1082 5496 nuum,
1116 5429 1192 5500 quod
1221 5428 1357 5499 operibus
1383 5429 1445 5498 eius
1465 5441 1524 5480 non
1548 5424 1748 5492 crediderant;
1775 5439 1826 5494 pe-

72 5536 153 5588 rant.
980 5520 1060 5587 dnm,
1076 5517 1155 5590 quod
1182 5517 1333 5589 Apostolos
1362 5516 1568 5571 laceraverunt.
1593 5513 1695 5584 (cin.)
1719 5529 1726 5568 ε
1751 5512 1830 5569 loda-

233 5638 370 5704 Psmoc.
397 5635 501 5702 CXIII.
1565 5631 1608 5690 28

977 4903 1096 4961 tirmior.
1121 4904 1230 4970 Linque
1264 4916 1333 4956 mea.
1373 4901 1473 4972 (Aac.)
1498 4899 1690 4955 Servarerunt
1716 4912 1823 4969 praece-
