3892 6106
52 249 107 302 ees
171 235 175 242 '

615 240 742 296 atussa
760 240 961 298 ottutulttut.
979 268 1014 279 -
1035 239 1102 295 tta.
1123 237 1241 294 Psettt

1756 244 1809 302 tto

52 382 108 421 nec
128 370 224 421 tamen
250 364 419 419 destiterunt
443 378 460 417 a
490 379 637 418 murmura
657 368 684 418 et
704 363 901 427 atentaiioue,
917 366 940 418 11
959 366 1017 430 tur,
1031 379 1090 418 non
1107 361 1209 417 tentati
1232 361 1402 434 Synagogae.
1425 361 1533 437 (Cass.)
1556 366 1658 422 liunus
1676 369 1745 437 quid
1768 375 1810 427 est

54 455 155 525 (auo.)
169 455 266 511 Corum
276 452 415 522 putribus.
432 450 485 515 uui
508 456 575 507 sunt
602 455 708 523 patres,
734 458 800 520 etc,
821 467 906 522 usque

55 545 94 599 od
108 544 259 598 accedente
276 542 353 612 ligno
364 541 454 596 crucis
465 539 546 611 quasi
578 540 659 610 virga
673 539 769 610 Moysi.
788 541 820 594 lu
833 543 906 593 terro

56 633 190 702 AEqupti.
225 629 291 702 (ln.)
320 630 355 684 Ut
382 644 498 683 omnem
529 627 738 683 dubitationem
761 626 853 693 tollat,
878 633 907 681 et

57 719 237 793 provinciam
263 718 338 786 dicit,
366 722 393 772 et
424 717 519 771 locum
543 715 693 770 lectorum.
719 715 764 770 Sic
781 714 906 771 Christus

57 811 88 865 in
103 814 180 863 terra
195 808 305 879 positus
320 823 416 861 coram
433 803 562 877 patribus
572 804 666 870 novit,
691 804 801 859 humile
821 820 906 858 man-

58 899 159 954 datum
180 895 298 951 docuit:
319 897 432 949 Discite
446 909 497 960 me,
512 896 578 964 quio
591 895 667 947 mitis
682 908 741 947 sum
756 897 781 947 et
795 893 905 948 turritis

58 986 146 1042 corde.
159 984 248 1056 (iouu.
260 985 321 1054 ru.)

96 1077 179 1129 Vsus.
208 1073 249 1128 11.
279 1073 314 1127 Iu
342 1071 421 1127 uude.
453 1071 545 1141 (Hine.
571 1072 599 1123 et
624 1067 717 1140 Cass.)
741 1070 799 1124 Hoc
824 1068 905 1124 lutu-

57 1181 123 1220 rum
137 1162 314 1235 judicabant.
330 1161 403 1219 Dies.
422 1157 550 1213 Christus
569 1161 620 1224 est,
636 1162 734 1212 tamen
757 1157 826 1213 nube
841 1173 904 1211 car·

57 1254 101 1309 nis
111 1254 221 1307 celatur
234 1249 352 1322 perfidis
363 1265 371 1315 ;
381 1251 410 1303 et
419 1247 492 1302 sicut
505 1246 561 1301 illis
575 1250 658 1302 uubes
677 1252 776 1300 contra
802 1251 904 1301 aestum

55 1342 136 1408 solis,
154 1340 194 1394 sic
221 1337 304 1393 uobis
321 1335 449 1393 Christus
475 1350 526 1406 per
554 1333 779 1389 incarnationem
795 1333 844 1389 dat
858 1349 905 1388 re-

54 1428 208 1500 frigerium
231 1430 331 1481 contra
356 1428 458 1479 testum
478 1421 624 1477 vitiorum.
656 1425 722 1478 Toto
744 1428 829 1489 nocte,
845 1427 905 1477 toto

56 1524 191 1587 ternpore
219 1515 292 1570 vitu.
309 1516 340 1569 lu
369 1513 569 1568 illuminatione
587 1513 669 1580 iguis.
686 1511 862 1567 Christianos
874 1510 905 1566 in

962 453 1031 506 tec?
1059 450 1127 523 quia
1148 451 1194 505 bic
1222 450 1302 505 cibus
1327 450 1496 507 admirando
1520 454 1688 526 requiritur,
1705 461 1733 511 et
1747 473 1808 514 esse

960 556 1064 612 corpus
1090 538 1195 594 Christi
1221 538 1319 593 scitur.
1343 540 1427 594 Panis
1446 541 1513 596 cuii.
1528 541 1596 613 (ln.)
1625 544 1687 599 Non
1714 544 1808 614 alitor,

961 644 1048 701 quam
1063 627 1203 694 Christus,
1224 627 1331 698 dequo
1355 628 1492 695 coelestes,
1509 629 1537 684 id
1553 635 1597 685 est
1620 632 1727 704 angeli,
1743 632 1810 689 retl-

960 715 1075 770 oiuntur
1096 717 1158 788 ejus
1177 716 1432 786 contemplatione;
1448 720 1476 771 et
1501 718 1579 773 hunc
1593 734 1709 789 panem,
1723 720 1752 776 id
1766 725 1811 777 est

958 803 1089 871 uerbum,
1106 818 1163 874 quo
1179 803 1280 876 grandi
1296 803 1359 859 cibo
1381 810 1540 875 pascuntur
1552 806 1658 879 angeli,
1674 823 1727 880 per
1740 825 1806 865 oar-

960 907 1026 946 nem
1041 890 1148 946 iactum
1164 891 1217 958 lac,
1233 892 1292 948 edit
1302 892 1400 948 homo.

995 980 1075 1035 Vasa.
1091 983 1183 1036 aa-
1213 982 1352 1048 Africum.
1382 981 1454 1046 Quia
1481 981 1522 1037 ibi
1546 987 1613 1038 suut
1635 984 1808 1042 cotumicea.

995 1069 1133 1124 Veneti
1156 1099 1189 1111 -
1213 1072 1249 1126 Et
1275 1071 1347 1140 ptuit
1369 1085 1454 1142 super
1477 1087 1529 1140 eos,
1554 1077 1606 1128 etc.
1636 1076 1733 1144 (Aua.)
1765 1073 1812 1131 Sic

959 1160 987 1211 et
999 1158 1146 1229 parvulam
1167 1158 1264 1223 tidem,
1286 1161 1350 1225 etc,
1380 1173 1465 1230 usque
1488 1160 1526 1214 ad
1546 1161 1639 1217 unde:
1658 1163 1689 1218 Si
1702 1166 1809 1218 terreus

959 1245 1022 1299 diui
1038 1246 1123 1312 vobis,
1139 1251 1164 1301 et
1183 1262 1236 1301 uon
1251 1247 1361 1303 mediiis
1375 1250 1454 1316 milti,
1469 1248 1600 1318 quomodo
1610 1252 1636 1306 si
1646 1249 1706 1306 dieo
1720 1252 1810 1321 uobis,

959 1333 1098 1389 celestio?
1114 1340 1166 1390 etc.
1179 1333 1266 1406 (Jouu.
1286 1335 1338 1408 ur.)

995 1422 1070 1479 Siout
1084 1424 1229 1493 puluerem.
1256 1424 1361 1492 (Cass.)
1388 1425 1487 1480 Pulvis
1510 1425 1556 1481 hio
1567 1425 1709 1497 significat
1723 1427 1810 1486 intel·

959 1509 1086 1582 ligeutioe
1107 1512 1304 1580 subtilitatem,
1328 1530 1393 1584 quae
1420 1513 1455 1567 ad
1482 1530 1605 1586 superna
1631 1517 1805 1573 conscendit.

58 1607 112 1661 hoe
127 1605 232 1660 saeculo
248 1602 373 1659 nominis
388 1600 433 1657 sui
448 1600 576 1655 claritate
591 1600 713 1655 custodit
728 1599 802 1671 ignis
812 1599 904 1672 Spiri·
921 1643 942 1697 B
959 1601 1063 1668 Areua,
1092 1601 1274 1655 innumeram
1298 1600 1460 1672 prudentiae
1488 1602 1599 1674 copiam
1617 1604 1683 1659 salis
1707 1621 1809 1676 sapore

57 1700 105 1750 tus
121 1693 223 1748 sancti.

960 1687 1113 1743 conditam.
1134 1689 1265 1744 Votutiiio
1278 1693 1406 1759 pernota.
1428 1688 1558 1745 Coelestia
1581 1691 1734 1762 desideria,
1747 1695 1810 1765 qui·

95 1784 176 1837 Vens.
212 1784 254 1837 ts.
302 1809 336 1821 -
362 1781 478 1834 Petrum.
522 1777 609 1847 (Ces.)
634 1779 666 1832 lu
695 1793 791 1833 eremo.
825 1777 906 1832 Prius
961 1776 1014 1830 bus
1030 1775 1127 1831 anima
1137 1781 1218 1849 pasta
1231 1777 1494 1850 pinguescitzhaee
1518 1778 1594 1833 intra
1620 1784 1700 1851 septa
1715 1782 1809 1837 Eccle-

56 1888 137 1943 aqua
152 1869 239 1924 maris
254 1868 335 1940 quasi
348 1873 440 1939 petra,
466 1866 551 1921 modo
566 1872 646 1937 petra
661 1865 734 1920 iens.
751 1868 783 1921 lu
808 1881 904 1934 memo,
961 1864 1011 1919 sira
1026 1881 1179 1934 possumus
1192 1866 1331 1937 accipere,
1348 1866 1424 1921 unde
1440 1866 1535 1922 subdit
1553 1883 1560 1922 t

56 1962 109 2017 ubi
125 1975 238 2014 necesse
255 1963 288 2012 ut
301 1956 410 2028 gratius
434 1955 471 2009 sit
488 1971 602 2009 munus.
634 1954 803 2025 adequavit.
819 1955 906 2022 Quasi
997 1954 1139 2009 tensus.
1170 1984 1206 1995 -
1234 1955 1270 2009 Et
1299 1955 1451 2009 cecideruut
1478 1956 1507 2009 iu
1534 1955 1622 2012 medio
1648 1962 1808 2017 austrorum.

55 2064 172 2121 pecora,
190 2063 249 2102 nou
269 2045 411 2111 homines,
429 2044 496 2115 quia
513 2060 571 2098 non
582 2048 703 2115 egerunt
717 2042 832 2114 gratias.

95 2140 174 2192 Vens.
193 2138 235 2191 16.
267 2136 419 2203 Touquum.
445 2131 548 2204 (Cass.)
575 2133 665 2203 Aqua,
687 2149 752 2203 quae
768 2132 802 2186 do
823 2131 906 2188 Cbri-
960 2129 995 2184 ad
1008 2129 1140 2184 homines
1165 2135 1194 2184 et
1212 2130 1379 2200 portantois
1404 2131 1489 2185 verba
1515 2131 1652 2189 divinitus
1666 2134 1762 2205 missa,
1779 2142 1812 2194 ut

53 2230 100 2281 sto
117 2223 223 2296 prodit,
248 2222 327 2276 nulla
340 2218 543 2274 imminutione
569 2219 673 2287 deficit,
701 2219 750 2274 sed
783 2218 816 2274 tit
843 2219 906 2274 fons
959 2216 1058 2271 insuis
1074 2217 1199 2286 sedibus,
1225 2221 1253 2272 et
1276 2218 1352 2273 circa
1375 2219 1558 2275 tabernacula
1579 2222 1698 2279 audiant
1718 2225 1810 2298 :quia

51 2328 141 2385 aquae
150 2308 278 2365 salientis
292 2306 321 2362 in
333 2306 418 2362 vitam
431 2311 579 2360 aeternam.
959 2307 989 2361 iu
1005 2323 1119 2362 omnem
1129 2312 1235 2362 terram
1253 2306 1340 2362 exivit
1358 2323 1446 2363 sonus
1457 2324 1568 2364 eorum.

91 2402 172 2454 Vens.
205 2401 247 2452 t'i.
275 2394 424 2450 -Adbuc
442 2409 562 2464 peccem.
590 2393 695 2467 (Cass.)
721 2394 904 2466 lthecerunt,
1004 2395 1086 2450 vaus.
1114 2397 1160 2450 29.
1190 2397 1273 2450 -ut
1305 2396 1547 2453 manducaverunt.
1577 2398 1703 2455 Convicti
1729 2405 1807 2471 sunt,

50 2496 87 2546 ut
100 2488 228 2543 intertot
240 2483 381 2541 beneficia
409 2499 465 2537 non
477 2482 626 2537 crederent
642 2500 649 2537 :
665 2483 741 2555 quod
766 2487 799 2538 ut
812 2483 904 2538 maxi·
960 2484 1009 2556 qui
1018 2485 1072 2538 hoe
1088 2485 1145 2538 Deo
1161 2483 1338 2555 impossibile
1353 2489 1538 2557 putaverunt.

49 2574 618 2645 mumintelligereturpeccatum,cum
641 2571 906 2627 Dominusdixitin
997 2572 1076 2625 Vens.
1099 2573 1142 2627 30.
1173 2603 1207 2613 -
1241 2571 1339 2626 Adhuc
1368 2588 1432 2628 escae
1459 2589 1558 2643 eorum,
1600 2578 1665 2645 etc,
1702 2580 1727 2632 et
1763 2579 1809 2633 ira

50 2668 235 2738 Evangelio:
260 2664 381 2734 Spiritus
403 2665 499 2729 urguet
513 2658 691 2714 mundumde
720 2666 839 2730 peceato,
856 2676 905 2715 ex·
960 2660 1024 2728 Dei,
1044 2665 1097 2714 etc.
1123 2660 1224 2731 (Cass)
1239 2661 1278 2715 lte
1294 2660 1436 2730 vindictis,
1463 2666 1491 2717 et
1513 2663 1655 2719 simulatis
1670 2666 1808 2722 reversio-

53 2757 190 2831 ponendo
200 2752 370 2825 subjunxit:
399 2751 561 2820 Depeecoto
582 2747 767 2819 quidemquiu
784 2764 905 2804 uouere·
961 2750 1044 2805 uibus
1057 2765 1169 2820 eorum,
1187 2749 1293 2805 timore
1314 2766 1464 2822 poenarum
1480 2758 1528 2806 :et
1540 2757 1637 2808 tamen
1667 2755 1809 2811 sententia

53 2847 129 2901 dreit
142 2847 221 2900 iume
247 2841 359 2914 (deone.
380 2856 417 2923 xv,
442 2836 506 2909 xvi).
523 2836 600 2892 Sicut
619 2851 688 2908 ergo
702 2841 850 2907 peccatum
866 2837 906 2892 di·
959 2837 1010 2893 Dei
1029 2854 1081 2910 per
1100 2837 1324 2894 misericordiam
1348 2844 1519 2910 temperata.
1539 2841 1627 2897 Esou.
1657 2842 1720 2912 (ln.)
1734 2844 1809 2900 llan-

51 2936 94 2991 cit
110 2933 162 3000 ibi,
176 2948 229 2988 nore
243 2929 359 2997 credere,
373 2931 401 2983 et
415 2926 460 2981 hic
474 2940 585 2996 peceare
600 2925 677 2993 dicit,
693 2942 752 2979 non
776 2925 901 2981 credere.
918 2928 938 2984 C
958 2942 1006 2995 na,
1033 2925 1201 2981 coturnices.
1225 2927 1329 2982 Eiectos
1357 2927 1444 2983 lsrael
1469 2929 1621 2998 impedivit.
1648 2929 1751 3000 (Aue.)
1778 2930 1808 2986 ld

50 3026 188 3081 iuirom.
215 3019 280 3091 (ln.)
297 3019 360 3073 Non
388 3015 535 3070 credentes
552 3015 641 3069 Deum
670 3030 752 3085 posse
774 3013 904 3070 difficilia
959 3019 1012 3082 est,
1040 3014 1191 3087 impedivit
1213 3031 1249 3069 ue
1273 3015 1329 3069 illis
1352 3017 1531 3086 prodessent.
1556 3017 1660 3088 quibus
1690 3022 1810 3089 paterno

51 3111 226 3176 sibiiacere,
243 3106 320 3178 qaod
341 3102 543 3176 gravissimum
559 3108 601 3157 est
614 3102 690 3173 apud
708 3103 809 3169 Deum,
822 3103 861 3157 sie
876 3107 904 3158 et
958 3102 1060 3159 allecta
1075 3104 1225 3158 consulere
1245 3103 1418 3175 cupiebant.
1445 3106 1493 3159 Vol
1512 3107 1621 3177 potius,
1637 3108 1810 3179 compedivit

961 2041 1057 2113 (Auo.)
1073 2041 1243 2114 significans
1258 2059 1310 2113 per
1324 2043 1379 2098 hoc
1391 2044 1469 2116 quod
1482 2049 1584 2115 sponte
1593 2047 1713 2103 veniunt
1733 2050 1811 2105 venti
1902 2040 1905 2047 ¹

50 3216 110 3256 nos
125 3197 214 3254 abluti
228 3212 280 3269 per
290 3192 466 3264 baptismum
477 3191 762 3262 provocamuslteum
773 3191 808 3246 ad
818 3190 902 3250 iram.

49 3293 87 3346 ln
99 3291 243 3356 inaquoso.
269 3282 368 3354 (Auo.)
396 3281 456 3349 Vel,
481 3281 510 3334 in
525 3279 581 3335 alia
604 3295 700 3334 eremo
716 3280 903 3350 adimerem,

50 3379 98 3432 vet
115 3377 212 3450 potius
227 3374 257 3428 iu
272 3389 311 3441 se,
328 3369 559 3443 quiaiicatpleni
574 3375 652 3424 utres
667 3385 750 3441 aquae
762 3369 796 3425 de
809 3376 901 3442 petra,

53 3466 146 3522 aridae
164 3469 261 3519 tamen
272 3465 382 3515 mentes
396 3457 522 3512 fuerunt.

92 3555 173 3608 Veas.
207 3553 248 3605 111.
273 3581 306 3589 -
326 3550 456 3603 diensem.
491 3543 594 3617 (Cass.)
619 3545 743 3617 Mystico,
773 3545 903 3601 reiectio·

55 3659 128 3700 nem
142 3639 302 3712 sapientie,
318 3637 361 3691 vel
376 3651 479 3706 corpus
493 3633 609 3689 Christi.

93 3732 174 3785 Vens.
189 3731 234 3783 m.
251 3757 286 3767 -
304 3725 366 3780 Ideo
381 3723 499 3789 audiuit,
523 3721 627 3794 (Cass.)
641 3720 722 3787 Quod
738 3720 826 3777 dilata
841 3721 903 3778 vin·

52 3821 134 3877 dicta
157 3816 235 3873 dedit
264 3813 344 3887 prius
359 3812 436 3884 quod
450 3810 596 3882 petebant,
617 3824 652 3864 ne
682 3808 825 3864 videretur
845 3825 903 3864 non

957 3196 990 3249 ut
1002 3208 1068 3247 oum
1079 3193 1120 3246 sis
1134 3191 1278 3248 molestias
1292 3192 1468 3248 sustinerent
1482 3193 1564 3249 electi
1575 3194 1610 3250 ad
1630 3198 1804 3268 exemplum,

958 3297 1018 3336 non
1030 3279 1148 3353 justitiae
1162 3285 1286 3350 tantum,
1297 3281 1346 3336 sed
1361 3285 1389 3335 et
1406 3281 1562 3353 patientiae.
1574 3283 1728 3353 impedivit.
1744 3286 1808 3356 (ln.)

958 3369 1102 3425 lturmure
1130 3385 1241 3437 eorum,
1268 3373 1301 3424 ut
1325 3371 1441 3442 iioyses,
1471 3369 1521 3442 qui
1549 3370 1641 3428 dixit:
1676 3374 1810 3445 Numquid

956 3461 1104 3530 poterimus
1119 3457 1152 3513 de
1177 3462 1370 3528 petraequom
1395 3459 1470 3514 uobis
1496 3459 1613 3529 ejicere?
1641 3460 1733 3532 (Num.
1749 3463 1808 3536 xx.)

993 3547 1075 3601 Vens.
1107 3547 1151 3601 32.
1179 3546 1215 3601 Iu
1244 3546 1367 3602 omuibus
1408 3546 1648 3617 hispeccoueruut
1676 3549 1766 3606 odiuc
1784 3554 1810 3606 ct

958 3649 1012 3689 uon
1034 3633 1208 3689 erediderunt
1232 3637 1262 3690 iu
1288 3635 1459 3690 mirabilibus
1490 3636 1558 3707 ejus.
1594 3636 1720 3693 Corracti
1744 3643 1811 3711 post

958 3721 1128 3778 haecomnia
1149 3721 1280 3794 graviora
1305 3727 1372 3778 sunt
1387 3725 1512 3794 peccata,
1542 3740 1608 3796 quae
1637 3741 1751 3800 semper
1766 3745 1811 3785 ae·

959 3814 1099 3865 crescunt.

52 3924 150 3980 posse.
180 3905 300 3961 Dutuiit.
328 3899 426 3973 (Auo.)
460 3901 593 3966 Poenam3
622 3896 692 3951 dans
712 3896 792 3968 prius
814 3897 903 3970 quod,
993 3898 1075 3952 Vnus.
1095 3898 1138 3952 33.
1168 3925 1202 3940 -
1222 3898 1262 3952 Et
1277 3897 1443 3964 defecerunt,
1454 3901 1505 3952 etc.
1522 3901 1618 3967 (bue.)
1646 3901 1717 3957 Cum
1744 3919 1811 3975 pos-

54 4000 124 4056 lieet
139 3995 287 4061 tentando,
301 3991 427 4064 petebat,
450 4005 486 4044 ne
506 3988 651 4044 videretur
665 4003 724 4043 non
752 4003 835 4058 posse
852 4004 859 4042 :
876 3992 905 4044 et
960 3989 1033 4053 sent,
1048 3985 1200 4054 credendo,
1216 3985 1276 4040 dies
1289 3984 1319 4040 in
1346 3985 1464 4040 veritate
1478 3984 1539 4040 sine
1565 3986 1678 4042 deiectu
1690 3987 1807 4047 habere.

52 4095 212 4162 postquam
225 4082 314 4149 dedit,
336 4080 420 4152 ignis,
437 4078 521 4133 idest
539 4076 591 4145 ira,
608 4075 781 4131 aseenditin
805 4077 902 4132 lsrael.
959 4078 991 4131 lu
1005 4076 1127 4130 venitote
1140 4075 1197 4129 dies
1218 4089 1310 4129 eorum
1336 4077 1362 4129 et
1385 4076 1453 4129 uuui
1472 4089 1572 4129 eorum.
1599 4075 1741 4144 (Cass.)lt
1764 4078 1807 4134 si·

54 4181 89 4236 Et
105 4177 161 4233 hoc
173 4180 216 4231 eat
234 4172 312 4245 quod
326 4169 406 4242 prius
420 4167 508 4224 dixit:
524 4167 600 4236 Iouis
619 4180 743 4221 emensus
758 4170 799 4221 esi
813 4164 842 4221 iu
854 4169 940 4261 Ια-Ι)
960 4161 1124 4217 militudine
1139 4161 1217 4217 illius
1231 4160 1281 4232 qui
1303 4160 1334 4216 in
1355 4166 1421 4216 ortu
1437 4161 1569 4230 moritur,
1593 4161 1623 4217 in
1648 4179 1753 4220 vanum
1767 4170 1811 4222 est

55 4268 116 4325 mg,
960 4255 1053 4308 natus.
1068 4251 1134 4308 Cum
1165 4251 1350 4319 festinatione.
1378 4253 1474 4320 (Aue.)
1512 4252 1546 4307 Et
1573 4268 1638 4325 que
1672 4254 1810 4325 prolixior

92 4355 177 4409 Vsus.
218 4352 262 4406 23.
291 4377 325 4389 -
345 4349 381 4403 nt
414 4345 567 4402 mondavit.
602 4345 761 4414 Utrumque
783 4342 907 4401 breviter
962 4341 1086 4408 videtur,
1102 4340 1159 4394 rita
1174 4339 1230 4394 cito
1248 4338 1384 4412 praeterit.

54 4440 195 4516 positum,
216 4433 414 4506 scilicetquod
441 4431 559 4498 audivit,
588 4429 667 4501 quod
694 4428 738 4484 ira
764 4430 908 4500 ascendit;
998 4430 1183 4485 Vaassen
1213 4427 1459 4500 Querehouteum.
1484 4428 1575 4496 (Cass.
1601 4431 1630 4484 et
1651 4427 1809 4501 Aua.)lion

56 4535 157 4604 aperta
181 4526 228 4582 hie
240 4523 342 4595 incipit
355 4538 481 4577 narrare.
498 4521 531 4576 Et
557 4518 639 4591 prius
661 4518 807 4590 quomodo
827 4520 908 4576 audi·
963 4517 1060 4588 occisi,
1076 4517 1125 4572 sed
1153 4515 1256 4572 relicti.
1274 4516 1331 4572 Sed
1354 4516 1394 4571 sie
1421 4516 1561 4588 loquitur,
1576 4517 1644 4589 qnia
1667 4533 1745 4574 unus
1757 4535 1809 4591 po·

56 4621 99 4677 vit
129 4616 305 4689 exsequitur,
334 4616 430 4685 postea
457 4609 488 4664 in
512 4607 644 4681 sequenti
664 4611 746 4680 parte
762 4608 908 4680 quomodo
962 4607 1049 4680 pulus
1065 4608 1143 4672 sunt,
1181 4604 1264 4678 quasi
1288 4605 1323 4660 de
1347 4621 1403 4658 uno
1426 4620 1557 4675 corpore.
1581 4606 1808 4665 iiitueuiooeuie·

57 4706 221 4765 vindicavit.
243 4708 279 4761 Et
297 4703 401 4773 jouuos
429 4700 497 4755 cuii.
513 4698 619 4766 (Cass.)
633 4697 744 4764 ianuae,
760 4697 815 4768 ipsi
833 4713 908 4769 prae·
964 4695 1080 4751 boutud
1100 4709 1169 4763 eum
1191 4699 1246 4750 etc.
1277 4693 1373 4761 (Cass.)
1401 4692 1518 4759 Sedulo,
1540 4693 1584 4749 vel
1610 4698 1677 4750 ante
1695 4695 1808 4768 lucem;

59 4799 210 4863 dicatores,
231 4792 336 4866 quibus
362 4789 486 4845 intratur
499 4786 529 4842 iu
544 4786 662 4854 eoelum;
674 4785 718 4840 vel
743 4785 907 4856 Scripturas.
963 4784 1059 4840 unde:
1074 4787 1181 4840 Verium
1202 4787 1242 4839 est
1261 4782 1337 4838 uobis
1360 4785 1423 4837 oute
1449 4783 1533 4837 iucem
1559 4797 1678 4851 surpere.
1698 4784 1765 4840 Pius
1780 4785 1810 4842 in

59 4887 188 4959 Aperuit.
217 4882 290 4948 Quia
318 4879 396 4935 dedit
413 4877 546 4951 spiritum
572 4875 641 4943 suis,
664 4877 695 4936 ut
714 4873 910 4946 intelligerent
963 4872 1036 4941 luce,
1057 4872 1163 4945 impius
1190 4876 1256 4927 ante
1279 4872 1372 4926 lucem
1395 4875 1488 4943 rogat.
1513 4871 1679 4939 Quaerebant.
1705 4874 1811 4931 Rever-

57 4975 229 5047 Seripeuras.
963 4961 1110 5031 tebantur,
1138 4960 1302 5016 veniebant.
1339 4958 1432 5032 (buc.)
1464 4961 1528 5016 llaec
1555 4961 1662 5030 omnia,
1691 4967 1811 5036 propter

93 5064 176 5117 Vsus.
190 5059 234 5116 tt.
253 5088 286 5098 -
301 5057 403 5114 diuum
422 5053 460 5109 ud
471 5050 706 5108 manducandum.
744 5049 844 5120 (Auo.)
864 5048 908 5106 Si·

57 5150 177 5225 gnificat
199 5162 306 5220 panem
328 5144 378 5217 qui
391 5144 425 5200 de
455 5143 527 5198 coelo
551 5140 707 5206 descendit,
736 5139 785 5211 qui
807 5142 850 5193 est
866 5137 908 5193 ci·

55 5243 112 5299 hus
126 5236 296 5310 angelorum
312 5253 320 5289 :
338 5249 435 5306 quem,
453 5236 484 5286 ut
510 5230 696 5285 manducaret
723 5229 821 5297 bomo,
838 5229 909 5284 Ver·

56 5332 121 5387 bum
131 5342 195 5384 curo
221 5323 432 5392 [octumUoun.
462 5317 559 5391 1),fqui
574 5333 625 5389 per
645 5316 736 5371 nubes
763 5313 908 5387 evangeli·

55 5436 104 5476 cas
131 5414 244 5489 pluitur
257 5410 312 5466 toti
326 5411 447 5474 mundo,
474 5411 502 5462 et
518 5405 625 5479 apertis
638 5419 739 5460 eorum
762 5402 908 5472 cordibus,

55 5507 141 5583 quasi
155 5499 319 5560 coelestibus
331 5497 437 5570 januis,
471 5494 599 5552 credenti
620 5492 750 5551 Ecclesia
773 5491 910 5564 praedica·

215 5612 353 5679 Parnon.
379 5605 484 5674 Gltlll.

963 5049 1133 5122 temporalia
1155 5049 1231 5104 bona
1252 5047 1437 5117 ucqrrirenda,
1465 5052 1493 5102 et
1521 5047 1636 5104 vitanda
1658 5052 1736 5107 mala
1757 5058 1832 5124 :et

963 5139 1004 5194 ita
1018 5154 1075 5194 non
1103 5139 1186 5203 Deus,
1203 5137 1252 5192 sed
1268 5136 1317 5191 illa
1331 5134 1508 5191 colebantur.

999 5228 1083 5282 Vsus.
1111 5228 1155 5282 37.
1180 5255 1215 5266 —
1242 5225 1294 5281 Nec
1318 5222 1408 5294 tidetes
1434 5224 1599 5280 toiiii'auut
1622 5227 1650 5282 iu
1667 5232 1812 5302 testamen·

965 5319 1000 5382 to,
1025 5317 1079 5370 etc.
1108 5311 1211 5385 (cess.)
1226 5311 1279 5377 Qui
1303 5327 1368 5367 vere
1397 5311 1498 5383 eredit,
1522 5329 1610 5385 opera
1632 5314 1719 5373 lacit:
1736 5318 1812 5375 unde

963 5403 1034 5460 tides
1047 5402 1152 5459 dicitur
1164 5401 1240 5473 quod
1256 5401 1326 5456 fiant
1350 5400 1425 5456 dieta
1434 5416 1443 5472 ;
1472 5401 1549 5458 rande
1573 5402 1643 5460 dicit
1659 5407 1729 5464 :Nec
1746 5407 1814 5479 flde-

963 5495 1000 5549 tes
1011 5494 1040 5548 iu
1049 5491 1201 5562 preceptis.

1550 5606 1588 5666 31
