3892 6106
65 277 125 331 765
668 276 797 335 GLOSSA
815 277 1021 335 onbtntttla.
1041 307 1078 320 -
1097 277 1162 334 tta.
1181 279 1253 336 108.
1773 287 1826 341 766

66 399 157 465 videt,
181 397 321 468 judicium
348 395 425 451 intus
453 395 590 467 disponit,
606 401 635 451 et
662 396 698 451 ab
723 396 921 452 internocon-
940 397 1181 466 Asubtrabatur3
1211 399 1310 454 unde:
1335 420 1349 449 ι(
1378 400 1521 457 Vacatcet
1549 400 1661 458 videte:
1690 403 1827 474 quoniam

64 491 155 557 coptu
183 489 261 540 extra
281 484 597 555 damnationemllacit.
622 486 672 540 Vel
693 484 762 540 tlara
790 486 873 552 Deus,
894 485 922 541 id
977 503 1030 558 ego
1045 503 1107 542 sum
1139 489 1212 543 Deus
1234 488 1322 560 (Paul.
1352 489 1459 561 rav).·
1490 490 1546 546 Sed
1572 506 1629 561 quo
1656 490 1769 545 animus
1798 490 1828 546 in

64 578 122 638 est,
138 572 222 627 irasci
239 572 344 627 dicitur
369 573 540 643 persimile,
563 573 632 644 quia
654 588 708 627 nos
731 588 796 628 cum
825 573 923 628 irasci·
976 577 1218 648 contemplatione
1244 579 1351 633 levatus
1379 594 1467 650 super
1496 596 1525 635 se
1548 580 1651 636 altiora
1677 580 1828 653 conspicit,

64 677 148 729 mur,
177 662 245 715 llatu
274 660 378 715 suroris
392 660 616 717 inflammamur.
646 663 707 719 Fiat
724 661 809 734 'ergo
850 662 924 717 [teus
976 681 1010 719 eo
1028 665 1058 719 in
1077 682 1107 720 se
1126 667 1283 722 terribilius
1298 667 1405 735 tremit,
1422 668 1511 723 uude:

65 750 219 805 irascendo
255 750 412 804 vindictam
435 750 576 823 cogitans,
612 765 677 805 cum
705 754 771 821 post
805 750 923 824 longam
1014 756 1232 811 «Pavorteuuit
1246 771 1291 811 me
1307 760 1449 811 ettremor
1463 761 1491 811 at
1505 757 1603 812 omnia
1617 773 1689 812 ossa.
1703 778 1717 807 n
1735 756 1828 830 (ibid.)

65 840 250 912 patientiam,
278 839 328 912 qui
353 839 383 893 in
411 855 442 894 se
473 832 701 910 tranquillus‘est
728 840 783 894 reis
812 840 924 895 videtur
976 842 1007 898 ld
1022 847 1075 909 est,
1090 843 1209 899 tortiora
1230 849 1377 915 acta,etc.,
1402 846 1539 916 usquead
1557 845 1705 901 stimulum
1734 846 1827 902 caruis

66 929 265 995 turbulentus,
293 943 359 983 cum
390 927 444 999 ipsi
468 944 565 983 coram
595 944 628 983 eo
665 932 747 983 reatu
776 943 828 983 suo
858 933 924 984 tur·
976 930 1073 1001 sentit,
1088 931 1185 987 addit:

64 1018 185 1072 bantur.
1010 1020 1092 1075 Vane.
1120 1023 1159 1075 16.
1184 1042 1247 1070 -«
1271 1019 1356 1076 Stetit
1378 1021 1506 1092 quidam.
1537 1021 1633 1092 (ibid.)
1658 1022 1692 1077 Ut
1719 1021 1827 1076 incom-

109 1106 222 1177 (Gneo.)
236 1107 390 1176 Postquam
403 1105 558 1160 clententcr
573 1105 693 1172 monuit,
710 1110 808 1178 aperta
827 1106 924 1162 iucre-
975 1096 1181 1179 prehensibilia
1212 1126 1242 1164 se
1271 1109 1383 1164 novisse
1403 1110 1542 1180 judicent,
1569 1115 1633 1176 etc,
1672 1125 1758 1181 usquc
1791 1109 1829 1165 od

67 1200 167 1267 put.‹
197 1194 318 1266 llugitus
342 1193 470 1256 leonis.»
495 1194 523 1249 id
545 1199 596 1261 est,
621 1195 755 1249 severitas
780 1199 808 1250 et
831 1200 924 1250 terror
975 1198 1044 1267 quia
1058 1197 1167 1252 bonum
1180 1213 1331 1253 commune
1345 1199 1505 1270 specialiter
1520 1199 1573 1253 sibi
1595 1199 1747 1269 arrogavit.

67 1285 161 1356 ipsius
170 1284 223 1339 tob
237 1300 243 1337 ε
257 1298 337 1337 «vox
346 1282 455 1351 leaenae,
472 1303 483 1331 ι
501 1283 808 1355 loquacitascoujugis,
824 1304 837 1336 s
853 1284 923 1339 dan·
1014 1307 1025 1334 r
1042 1287 1249 1341 inhorruerunt
1265 1286 1315 1359 pili
1328 1286 1421 1342 carnis
1444 1303 1526 1342 meua.
1546 1309 1557 1337 ι
1576 1289 1671 1360 (ibid.)
1692 1287 1746 1342 Pili
1761 1290 1829 1342 sunt

66 1379 112 1427 tes
129 1372 301 1438 catulorum,
318 1388 333 1421 a
349 1369 473 1424 edacitas
485 1369 612 1425 tiliorum
641 1371 784 1427 destructa
800 1377 852 1427 est.
875 1372 920 1427 lli·
976 1373 1123 1445 supertlua
1137 1376 1273 1447 quaelibet
1283 1375 1418 1430 humanae
1434 1375 1626 1448 corruptionis
1640 1375 1828 1446 cogitationes

68 1461 156 1532 gidus
171 1458 301 1527 exsultat,
330 1458 412 1529 quasi
434 1458 500 1529 jure
529 1458 785 1514 essentdamnata.
814 1457 924 1530 Tigridi
976 1461 1041 1517 vitre
1067 1465 1191 1519 veterisr
1220 1481 1290 1535 quas
1325 1464 1380 1520 sia
1407 1469 1502 1520 menta
1533 1465 1721 1534 excludimus,
1753 1463 1828 1535 pilos

68 1549 157 1602 etiam
169 1548 223 1603 tob
237 1551 384 1618 comparat
395 1563 447 1618 pro
463 1547 582 1602 maculis
609 1547 810 1604 simulationis.
831 1549 924 1620 llypo·
976 1565 1061 1605 carne
1096 1551 1260 1615 incidimus,
1285 1557 1398 1606 utnon
1428 1552 1528 1607 dolore
1555 1553 1721 1623 fatigemur.
1748 1552 1827 1607 Unde

68 1637 310 1708 critaenim,qui
334 1641 428 1690 rectus
454 1632 578 1703 videtur,
600 1636 688 1691 babet
712 1637 830 1692 latentia
844 1637 921 1704 vitia,
978 1640 1103 1711 Moyses:
1128 1661 1142 1690 a
1173 1641 1275 1696 Levita
1303 1640 1405 1696 radant
1436 1657 1536 1696 omnes
1558 1641 1633 1713 pilos
1658 1639 1825 1694 camissoae

68 1743 138 1798 quae
151 1726 308 1798 aliquando
332 1725 513 1797 erumpentia
541 1724 666 1780 colorem
686 1725 805 1781 variant.
821 1725 923 1780 Proeda
978 1730 1075 1798 (benit.
1091 1731 1168 1799 xlv).
1185 1731 1277 1785 ullam
1297 1735 1393 1785 antem
1417 1730 1549 1785 subtilius
1576 1730 1607 1784 in
1644 1729 1728 1784 nobis
1760 1744 1828 1783 con·

69 1813 386 1886 estjustorumgloria,
402 1829 490 1885 quam
506 1813 560 1868 sibi
587 1813 707 1884 arripit:
736 1816 922 1885 putantergo
977 1818 1123 1888 spicimus,
1147 1834 1212 1872 cum
1238 1819 1294 1873 alta
1322 1822 1518 1890 penetramus,
1551 1817 1626 1873 unde
1649 1822 1725 1873 recte
1751 1833 1829 1873 nunc

69 1903 126 1958 istc
143 1907 275 1958 sanctum
289 1902 341 1958 tob
353 1903 430 1957 bona
441 1917 507 1972 quae
520 1903 551 1956 in
561 1917 595 1956 eo
609 1906 738 1968 noverat,
763 1917 815 1973 per
837 1901 924 1972 bypo·
978 1906 1082 1965 dieitur
1099 1922 1105 1960 :

68 1991 169 2046 crisim
181 1991 319 2059 tenuisse,
334 1990 403 2045 dicit
418 2004 424 2045 τ
1014 2012 1028 2045 a
1044 1993 1115 2049 Cum
1130 1992 1246 2065 spiritua
1269 1993 1417 2049 transiret.
1439 2011 1452 2046 s
1477 1994 1548 2051 Cum
1563 1993 1640 2049 enim
1667 2008 1748 2048 meus
1761 2006 1829 2048 vera

106 2081 190 2135 Vsus.
218 2082 264 2134 ll.
290 2099 356 2131 -ι
384 2077 477 2149 Tigris
501 2077 601 2149 periit.
620 2080 705 2134 siloc
732 2081 775 2133 est
802 2077 924 2133 varietas
977 2082 1062 2148 videt,
1087 2082 1187 2136 durius
1213 2082 1299 2137 sede
1327 2081 1481 2152 superfluis
1504 2082 1624 2137 cruciat.
1653 2083 1829 2137 Transeuute

69 2173 129 2225 tuae
143 2167 336 2223 simulationis
351 2168 488 2222 exstincta
503 2171 557 2234 est,
573 2170 645 2234 etc,
661 2166 792 2237 usquead
813 2167 925 2223 hitales
978 2187 1056 2242 ergo,
1075 2169 1189 2241 spiritu,
1206 2170 1259 2241 pili
1269 2169 1485 2241 pertimescunt,
1510 2171 1579 2242 quia
1593 2175 1660 2226 ante
1673 2170 1731 2225 vim
1746 2185 1830 2225 com·-

68 2275 124 2333 per
137 2258 308 2331 sapientiam
322 2261 425 2331 putant
438 2274 468 2311 se
496 2273 596 2313 omnes
622 2258 836 2314 transcendere.
978 2256 1145 2330 punctionis
1168 2257 1321 2329 superflum
1341 2257 1528 2328 cogitationes
1551 2257 1678 2329 lugiunt,
1705 2257 1773 2330 quia
1788 2257 1830 2310 in·

105 2350 179 2403 Vsus
223 2351 269 2404 l‘t.
290 2366 352 2399 -a
378 2349 465 2402 Porro
481 2347 517 2401 ad
536 2362 582 2401 ma
611 2346 779 2403 dictumest
805 2345 925 2400 verbum
980 2347 1050 2402 tima
1074 2346 1146 2401 visio
1170 2347 1296 2402 animam
1317 2351 1416 2402 contra
1439 2362 1468 2401 se
1497 2345 1675 2413 inflammat,
1707 2350 1735 2401 et
1759 2346 1827 2400 dum

68 2436 313 2494 abscondituma
338 2436 436 2508 (ibid.)
461 2434 633 2491 abscondita
661 2452 690 2490 se
717 2434 845 2490 baeretici
876 2450 927 2489 au·
978 2435 1078 2490 illicita
1104 2434 1230 2490 dictricte
1264 2439 1381 2501 resecat,
1408 2450 1490 2490 mens
1517 2435 1603 2489 latius
1640 2433 1829 2503 speculationi

69 2524 133 2580 dire
155 2524 302 2590 simulant,
327 2524 404 2579 unde
419 2528 448 2579 et
470 2525 592 2579 latenter
614 2523 782 2596 predicant,
805 2527 835 2578 ut
863 2538 926 2577 san·
979 2524 1113 2590 inhaeret,
1129 2528 1158 2579 et
1180 2523 1255 2579 bene
1281 2523 1344 2597 tigit
1371 2524 1506 2595 spiritum
1538 2523 1588 2595 qui
1612 2522 1762 2590 transibat,
1776 2537 1829 2576 nec

68 2613 254 2668 ctioreorum
282 2611 448 2685 praedicatio
470 2612 619 2682 habeatur,
649 2629 707 2668 non
727 2612 790 2668 aliis
825 2627 921 2683 aequa.
980 2617 1077 2667 tamen
1091 2612 1152 2668 baec
1166 2612 1228 2685 ipsa
1255 2628 1338 2668 mora
1357 2611 1609 2683 contemplationis
1638 2610 1694 2664 vim
1714 2609 1829 2681 pictatis

107 2702 258 2768 «Furtive,
277 2707 321 2756 etc
354 2722 368 2752 s
394 2700 488 2772 (laid)
515 2703 587 2767 Ouia
612 2717 670 2758 non
695 2717 762 2757 cum
787 2700 850 2756 aliis
874 2715 926 2774 per
979 2702 1065 2773 plene
1080 2702 1181 2773 aperit,
1199 2701 1273 2755 unde
1289 2700 1402 2756 subdit:

72 2789 305 2857 ostiumintrant,
320 2790 367 2845 sed
383 2789 471 2844 rimas
487 2795 621 2861 quaerunt
644 2806 739 2861 pravus
761 2789 925 2861 iutelligeu-
1017 2789 1130 2845 uStetit
1145 2789 1263 2861 quidam
1276 2790 1357 2861 cujus
1372 2805 1432 2845 nou
1461 2789 1647 2862 agnoscebam
1676 2788 1826 2843 vultum·

73 2878 130 2945 tiae,
144 2878 293 2949 quievero
309 2877 357 2933 fur
371 2879 468 2933 lumen
483 2879 576 2946 timet,
593 2878 687 2933 addit:
980 2878 1073 2951 (lbtd.)
1096 2878 1217 2944 Quidam
1240 2895 1299 2934 non
1323 2879 1437 2941 dicitur,
1459 2882 1525 2945 stc„
1547 2893 1632 2947 cuque
1649 2877 1687 2931 ad
1712 2893 1764 2949 per
1778 2893 1830 2932 co-

105 2969 189 3022 Vans.
203 2970 250 3025 ts.
274 2986 344 3018 -a
373 2968 406 3022 lu
431 2967 550 3022 horrore
580 2966 699 3021 visionis
726 2970 888 3021 nocturnes.
908 2984 923 3018 n
943 2963 1115 3022 Caeternam
1131 2969 1192 3039 ejus
1207 2969 1331 3038 speciem
1346 2967 1496 3038 conspicit,
1513 2966 1622 3021 subdit:

68 3057 101 3112 ln
124 3069 231 3126 pavore
263 3059 410 3112 nocturna
437 3055 554 3111 visionis
582 3071 611 3109 se
644 3055 803 3127 percepisse
836 3071 922 3110 venas
1012 3057 1140 3128 «lmago
1154 3072 1251 3111 coram
1264 3055 1354 3111 oculis
1373 3071 1461 3110 mes
1494 3056 1592 3126 lmago
1619 3053 1712 3114 Patris
1740 3052 1829 3109 Filius

70 3144 182 3199 susurri
205 3143 295 3200 divini
310 3145 419 3210 dicunt,
443 3144 511 3217 quia
535 3151 568 3200 ut
593 3145 651 3198 alta
675 3144 793 3215 jactant,
819 3143 864 3199 vix
888 3159 922 3198 ea
977 3145 1093 3216 estqui
1110 3144 1197 3200 dicit:
1213 3146 1303 3199 Nemo
1331 3144 1408 3199 venit
1422 3144 1459 3201 ad
1483 3144 1607 3210 Patrem,
1637 3142 1691 3197 nisi
1705 3156 1827 3213 pernae.

68 3249 200 3306 possess
229 3249 332 3305 cupere
359 3233 468 3289 dicunt.
493 3233 549 3289 Sed
569 3233 640 3290 dum
663 3233 702 3287 ita
728 3233 785 3287 alta
809 3236 921 3298 notant,
1015 3233 1189 3288 «Etvocem
1204 3233 1286 3305 quasi
1304 3249 1382 3288 aurae
1398 3232 1471 3287 leuis
1489 3231 1624 3288 audivi.»
1654 3229 1747 3303 (ibid.)
1771 3231 1828 3285 Vox

69 3326 157 3377 testes
172 3326 274 3377 contra
296 3338 327 3377 se
349 3321 487 3394 nequitiae
508 3326 588 3377 suut.
619 3322 652 3376 ln
678 3325 819 3376 nocturna
843 3322 922 3378 enim
977 3336 1065 3387 avarae,
1090 3321 1223 3395 cognitio,
1248 3326 1311 3391 etc,
1335 3337 1420 3392 usqae
1447 3320 1485 3376 cd
1514 3321 1565 3392 qni
1584 3336 1617 3375 er
1638 3321 1693 3376 boc
1717 3318 1828 3386 auditu,

70 3411 183 3466 visiorm
197 3410 283 3467 dubie
295 3411 435 3467 cernitur.
976 3409 1084 3466 didicit.

103 3499 252 3564 «Quando
275 3500 346 3554 solet
364 3514 451 3569 sopor
476 3514 628 3570 occupare.
649 3517 664 3549 s
685 3498 746 3553 Hoc
775 3502 827 3566 est,
852 3497 922 3553 dum
1011 3500 1095 3555 Vens.
1116 3503 1162 3555 tr.
1190 3520 1253 3548 -ι
1272 3497 1514 3571 Nunquidbomo
1536 3497 1750 3570 comparatione
1777 3497 1828 3554 Dei

69 3603 172 3643 omnes
206 3587 326 3643 inferius
362 3587 509 3643 dormiunt
543 3592 685 3659 tempore,
718 3604 770 3642 uos
799 3587 834 3642 ad
865 3588 923 3643 alta
973 3586 1202 3657 justificabitur?
1218 3606 1232 3641 a
1247 3587 1305 3642 lloc
1323 3586 1353 3641 in
1382 3587 1633 3658 comtemplatione
1649 3586 1737 3653 novit,
1753 3585 1828 3657 quod

67 3683 96 3734 et
110 3693 241 3748 superna
253 3677 437 3749 percipienda
452 3676 614 3748 vigilamus.
631 3678 665 3732 Et
679 3678 749 3733 dum
764 3677 921 3750 aliquando
974 3675 1086 3745 justitia
1097 3675 1224 3730 humana
1235 3673 1339 3729 divinae
1351 3679 1518 3746 comparata
1545 3674 1697 3744 injustitia,
1714 3678 1745 3728 ut
1764 3689 1829 3745 qnae

67 3767 238 3839 hocdespici
265 3766 377 3834 vident,
409 3766 516 3837 seipsos
549 3766 651 3821 timere
681 3765 819 3821 simulant
846 3765 923 3837 quod
977 3763 1095 3817 lucerna
1121 3762 1151 3817 in
1177 3761 1301 3817 tenebris
1329 3762 1413 3827 lucet,
1454 3762 1485 3816 in
1513 3763 1571 3817 sole
1599 3762 1720 3832 caligat:
1752 3761 1828 3833 quod

65 3856 180 3923 dicunt,
196 3856 273 3911 unde
288 3854 384 3911 subdit
400 3871 407 3910 :
976 3850 1080 3922 potuit,
1091 3849 1160 3923 quia
1174 3849 1224 3921 qui
1256 3850 1350 3904 luceru
1364 3849 1452 3918 videt,
1478 3849 1531 3904 scit
1545 3849 1614 3921 quid
1641 3850 1677 3904 de
1701 3849 1828 3904 tenebris

103 3946 191 4001 Vsus.
213 3946 258 4001 li.
277 3976 312 3986 -
328 3966 340 3995 ι
355 3946 446 4000 Pavor
458 3943 551 3999 tenuit
563 3959 619 3999 me.
636 3962 651 3997 s
676 3945 711 3999 Ut
726 3942 792 3998 miri
805 3942 923 3999 videan·
977 3938 1109 3995 oestimet.

42 4021 116 4089 'tur
135 4034 168 4089 in
198 4032 273 4100 altis,
298 4033 380 4106 quasi
405 4033 611 4104 pertimescunt
635 4048 700 4104 qous
727 4032 869 4103 tingunt:
895 4035 924 4087 et
1014 4030 1100 4081 «Aut
1125 4027 1232 4083 factore
1258 4042 1309 4082 suo
1337 4024 1495 4098 puriorts
1520 4023 1613 4098 (ibid.)
1638 4024 1828 4080 llocaestimat

67 4127 168 4178 tamen
179 4123 301 4177 audaces
322 4124 389 4176 suut
413 4121 552 4194 prolerre,
582 4136 648 4193 qliae
672 4125 803 4176 asserunt
830 4120 875 4174 vir
892 4136 923 4177 se
978 4116 1029 4189 qui
1046 4119 1147 4171 contra
1157 4115 1352 4186 flagellantem
1368 4118 1542 4169 murmurat.
1570 4113 1625 4170 Sed
1646 4113 1731 4168 debet
1744 4112 1826 4180 scire,

68 4211 199 4283 potuisse
214 4210 326 4266 audire.
977 4205 1046 4277 quia
1061 4203 1150 4275 impie
1164 4219 1223 4258 non
1251 4202 1388 4275 llagellat,
1403 4201 1453 4273 qui
1469 4200 1541 4256 mira
1551 4217 1586 4256 ex
1609 4200 1680 4256 nibil
1699 4200 1776 4270 fecit,
1799 4207 1829 4258 et

104 4317 121 4351 a
136 4299 180 4355 Ad
201 4314 247 4354 me
262 4298 370 4354 dictum
385 4302 428 4353 est
441 4298 609 4354 verbum.»
634 4298 731 4370 (ibid.)
755 4297 843 4353 Filius
871 4297 923 4353 Dei
978 4293 1109 4348 conditor
1122 4297 1234 4348 naturae
1258 4296 1373 4347 nonest
1398 4291 1514 4362 iniquus
1531 4291 1619 4361 juder
1643 4291 1744 4362 culpae.
1768 4290 1829 4346 Etsi

69 4387 186 4455 dicitur,
201 4391 273 4456 etc.,
287 4401 373 4456 usque
398 4386 483 4441 odeo
512 4387 605 4458 magis
631 4386 831 4442 rectitudinem
860 4386 923 4458 ejus
976 4382 1029 4437 iste
1044 4381 1216 4452 injustetob
1230 4380 1387 4453 redarguit,
1404 4383 1480 4435 recte
1495 4385 1591 4435 tamen
1613 4379 1731 4434 modum
1751 4394 1828 4435 crea-

67 4492 201 4548 repressa
214 4476 368 4531 formidat:
383 4476 459 4531 unde
474 4475 591 4531 subdit:
976 4475 1049 4526 turoe
1063 4471 1094 4525 in
1105 4469 1319 4541 comparatione
1345 4468 1488 4525 Creator-is
1511 4467 1654 4523 describit.
1679 4467 1828 4523 Puriorem

103 4565 165 4619 «ln
193 4564 311 4619 horrore
338 4563 456 4619 visionis
482 4568 642 4632 noctomae,
668 4566 724 4619 etc.
740 4585 754 4614 n
776 4563 875 4632 idest,
892 4563 920 4619 in
976 4575 1087 4630 ergose
1105 4558 1263 4613 virtactore
1282 4573 1334 4613 suo
1358 4558 1491 4624 aestimat,
1516 4556 1540 4611 si
1561 4562 1661 4612 contra
1681 4556 1827 4628 tlagellum

68 4669 175 4726 pavore
188 4654 308 4708 occultas
322 4652 583 4723 contemplationis,
594 4652 625 4706 in
654 4668 710 4724 qua
731 4652 803 4708 nibil
828 4652 921 4707 mani·
976 4647 1123 4720 querelam
1135 4652 1226 4719 parat,
1243 4662 1368 4718 eumque
1383 4646 1438 4701 sibi
1451 4645 1551 4718 procul
1566 4645 1654 4701 dubio
1670 4644 1826 4716 postponit,

68 4741 152 4809 leste,
168 4741 218 4796 sed
246 4741 328 4814 quasi
354 4741 537 4811 imaginarie,
557 4741 678 4796 videtur.
707 4741 760 4797 Sed
785 4741 821 4796 ad
849 4741 922 4796 banc
976 4751 1041 4792 cum
1056 4736 1118 4807 ejus
1130 4734 1274 4806 judicium
1289 4733 1442 4789 alilictione
1461 4733 1617 4806 redarguit.

69 4846 155 4885 nemo
178 4829 328 4902 pertingit,
353 4830 409 4884 nisi
429 4829 753 4887 carnalibusdesideriis
772 4829 921 4901 repressis,
1012 4825 1110 4879 «Ecce
1125 4823 1176 4896 qui
1206 4823 1336 4879 serviunt
1353 4823 1389 4879 ei.
1409 4844 1420 4871 ι
1439 4823 1540 4893 (loru.)
1570 4822 1695 4893 angelus
1723 4823 1777 4877 etsi
1797 4822 1827 4878 in

68 4918 161 4973 unde:
796 4909 801 4918 “
977 4916 1052 4969 statu
1063 4929 1114 4968 suo
1130 4912 1319 4969 immutabitis
1333 4917 1493 4983 permanet,
1514 4912 1544 4967 in
1561 4910 1615 4965 boc
1636 4916 1733 4966 tamen
1748 4911 1827 4983 quod

106 5028 121 5056 «
136 5007 258 5071 Quando
271 5006 342 5061 solet
357 5022 444 5077 sopor
455 5022 592 5079 occupare
617 5005 790 5062 homiues.»
817 5004 922 5077 Vigilat
974 5007 1104 5058 creatura
1134 5006 1187 5072 est,
1214 5000 1437 5056 vicissitudinem
1461 4998 1660 5054 mutabilitatis
1687 5000 1782 5068 habet,
1799 5003 1827 5055 et

68 5094 209 5166 quicuris
232 5095 327 5150 saeculi
350 5094 494 5149 intendit:
525 5093 632 5173 dormit
646 5094 676 5149 in
698 5095 795 5167 quiete
810 5096 859 5167 qui
873 5095 920 5149 fu·
974 5091 1015 5146 ita
1027 5091 1136 5146 stabitis
1160 5095 1283 5145 nonest.
1313 5089 1343 5144 Si
1369 5088 1447 5143 enim
1477 5093 1580 5143 natura
1609 5088 1827 5144 haecmutabilis

67 5183 123 5254 git.
145 5182 354 5238 Hicesttacob
370 5182 464 5255 quiin
498 5181 601 5238 itinere
631 5184 777 5239 dormitet
804 5185 921 5255 angelos
973 5196 1034 5237 non
1052 5184 1136 5248 esset,
1158 5195 1224 5234 com
1246 5182 1320 5234 esset
1346 5178 1417 5232 bene
1447 5177 1571 5246 condita,
1589 5177 1621 5232 iu
1645 5177 1733 5232 nullis
1751 5178 1825 5234 ceci·

68 5270 156 5335 videt,
173 5270 203 5326 id
226 5275 279 5339 est,
295 5271 326 5325 in
349 5287 433 5326 cursu
449 5270 535 5343 hujus
549 5271 615 5327 vitae
630 5287 647 5326 a
663 5271 845 5328 saecularibus
873 5287 920 5328 re·
938 5290 941 5295 ·
967 5258 1071 5326 ¹dissat.
1083 5270 1136 5326 Sed
1152 5285 1186 5323 ex
1210 5268 1328 5323 arbitrio
1352 5266 1452 5322 habuit
1480 5281 1564 5321 ruere
1588 5268 1630 5321 vet
1654 5270 1739 5334 stare,
1756 5267 1826 5322 etin

66 5360 121 5415 bus
136 5359 235 5415 oculos
258 5359 366 5415 claudit
389 5361 467 5432 quod
493 5361 529 5417 ad
557 5361 816 5433 concupiscendum
836 5361 920 5434 culpa
974 5360 1115 5417 stantibus
1144 5357 1279 5414 meritum
1304 5358 1368 5426 luit,
1396 5360 1510 5412 motum
1544 5357 1743 5413 mutabilitatis
1757 5375 1824 5426 suas,

65 5448 169 5522 primis
183 5448 491 5521 parentibusaperuit.
522 5450 556 5505 Et
568 5466 654 5506 nemo
679 5450 713 5505 ad
741 5451 865 5507 ridenda
881 5451 921 5506 in·
973 5450 1068 5506 studio
1084 5447 1237 5504 voluntatis
1252 5446 1357 5503 fixisse.
1386 5447 1442 5502 lloc
1458 5445 1656 5503 mutabilitatis
1670 5463 1825 5519 argumen-

66 5546 155 5597 terna
168 5538 347 5612 perducitur,
363 5539 419 5595 nisi
432 5540 468 5596 ab
481 5538 525 5596 bis
538 5555 604 5613 quae
618 5539 744 5596 exterius
770 5539 921 5613 implicant
973 5545 1036 5597 tum
1051 5537 1181 5610 estquod
1195 5538 1231 5594 de
1245 5539 1374 5610 apostata
1388 5535 1501 5592 subdit:
