3892 6106
48 285 107 342 sss
642 282 773 343 onoma
790 281 997 343 ιιιιιιιιιιιι.
1015 311 1053 329 -
1070 282 1139 343 am.
1157 282 1243 344 surr.
1426 278 1429 285 “
1500 242 1503 247 ’
1756 279 1810 346 sai

48 409 124 462 cent
146 404 178 460 in
201 403 437 460 communionem
466 409 595 475 paterne
622 402 829 460 benedictionis
861 419 906 459 as·
924 403 1036 463 Atium
1058 404 1210 474 introierit,
1236 408 1305 461 tunc
1322 398 1483 474 ostendent,
1508 410 1577 463 tunc
1593 406 1810 473 beatificabunt,

51 495 176 567 sumpti.
191 493 247 559 Oui
257 498 354 548 autem
374 492 548 548 maledicunt
562 492 706 548 maledicti
721 496 797 547 snut.
814 491 908 546 ludaei
960 494 1046 550 modo
1062 494 1274 567 blasphemant.
1284 495 1340 551 Sed
1354 500 1469 568 tempus
1483 511 1542 568 qrro
1551 496 1720 553 hactutura
1733 501 1810 562 sont,

49 584 104 657 qui
127 583 342 640 maledixerunt
371 581 493 649 Christo,
518 581 741 653 lacrymabiliter
763 580 907 636 maledieti
961 583 1101 654 longeest
1119 587 1147 639 et
1164 583 1196 638 in
1207 583 1265 639 line
1280 583 1387 639 saeculi.
1401 584 1469 640 Ideo
1480 584 1522 640 ait
1535 602 1543 641 :
1555 586 1701 643 Ostendam
1712 587 1766 654 ilii,
1780 587 1811 643 id

36 678 134 745 ,sunt
150 672 226 738 Quid
240 671 318 727 euim
339 675 436 741 posset
450 669 507 725 illis
522 671 637 725 evenire
661 670 711 742 qui
731 669 909 725 maledicunt
960 675 1003 726 est
1018 673 1135 744 populo,
1151 672 1201 744 qni
1214 676 1282 727 tnnc
1296 672 1452 729 salvabitur
1460 673 1509 729 sert
1517 689 1570 730 oon
1579 675 1667 730 modo.

50 761 216 833 sapientie,
236 765 265 814 et
279 758 394 814 veritati
411 763 440 814 et
454 758 531 823 vitre,
545 759 601 814 nisi
620 764 652 814 ut
663 759 699 813 ob
712 757 758 813 his
772 758 908 813 omnibus
995 761 1055 816 Noe
1073 760 1162 830 modo,
1191 776 1257 816 cum
1275 759 1329 816 ista
1350 761 1476 833 loquor:
1499 760 1572 827 Quia
1588 763 1637 818 uti
1656 765 1732 819 eceb
1753 764 1811 834 pls·

53 850 170 906 exsules
203 846 340 920 Jaceanrr
369 848 435 902 Bac
464 847 542 902 enirn
575 846 675 902 omnia
706 846 835 903 Christus
864 849 908 901 est
959 847 1055 902 neam
1082 851 1208 918 temporis
1235 851 1312 905 misit
1337 851 1406 905 Bcrss
1433 851 1534 906 Filium
1552 866 1632 907 suurn
1659 850 1734 922 (Get.
1758 855 1809 926 ιιι).

51 941 145 1007 lisca.
161 939 201 1010 ι).
996 935 1348 994 Orietrrrsteltceeiocolr.
1373 938 1477 1010 (Baro.)
1494 939 1534 996 Be
1558 939 1612 995 bac
1624 940 1717 1011 stella,
1741 944 1809 1012 etc,

86 1030 143 1100 Qui
164 1027 340 1083 maledixerit
365 1025 428 1087 tibi,
451 1028 481 1080 in
501 1025 688 1081 meledictione
709 1024 903 1094 reputabitur:
959 1038 1045 1093 usque
1065 1025 1103 1080 od
1130 1030 1162 1080 ut
1183 1031 1337 1099 utrumqne
1361 1026 1509 1084 evidenter
1530 1029 1734 1100 prophetatam
1756 1045 1810 1102 ap-

55 1119 202 1187 lrctusprse
222 1115 306 1171 Botoc
329 1112 560 1184 recommota).
589 1115 647 1185 ligo
671 1117 741 1186 puto
757 1110 833 1184 quod
848 1126 908 1166 noo
961 1116 1072 1182 pareat.

55 1207 149 1261 solum
183 1203 328 1260 maledicit
350 1200 473 1269 Christo,
508 1202 558 1274 qui
587 1216 751 1257 sermonem
774 1199 908 1254 adsersus
996 1203 1032 1256 Bt
1043 1202 1176 1271 percutiet
1189 1201 1281 1269 doces,
1294 1203 1506 1272 prorepserat
1521 1207 1666 1275 potestates
1687 1203 1810 1276 attigero

55 1309 124 1348 enm
147 1293 257 1364 profert
275 1288 476 1355 maledictum
491 1289 540 1344 sed
555 1289 642 1344 etiam
658 1287 708 1360 qui
722 1286 776 1340 sub
791 1285 908 1343 nomine
961 1291 1035 1344 eruci
1059 1289 1124 1360 (Cot.
1154 1291 1197 1359 ιι).
1214 1289 1306 1346 Aliter
1333 1306 1390 1346 non
1413 1296 1507 1363 potest
1529 1293 1636 1347 salvus
1659 1292 1808 1362 Hoabitas,
1883 1310 1886 1321 ·

55 1380 210 1439 Christiani
227 1380 301 1434 male
326 1376 386 1450 egit
405 1376 528 1448 turpiter
541 1377 621 1443 vivit,
637 1382 666 1431 et
681 1374 839 1431 inhonestis
848 1390 905 1429 ver·
961 1377 1015 1432 nisi
1028 1377 1108 1448 prius
1117 1382 1253 1433 vastasset
1266 1378 1352 1433 duces
1367 1379 1534 1447 impietatis.

58 1470 100 1524 bis
125 1472 178 1523 ant
198 1467 281 1523 iactis
300 1483 406 1524 noman
423 1468 486 1539 ejus
508 1466 577 1522 lacit
597 1465 800 1537 blasphemari.
829 1466 909 1522 Sicut
1000 1467 1178 1535 Vostcbitprse
1194 1482 1294 1523 omrrcs.
1334 1467 1436 1540 (Ome.)
1465 1471 1502 1525 Ει
1525 1469 1700 1540 praedabitur·
1720 1486 1810 1527 omnes

57 1572 113 1612 non
127 1557 222 1611 solnm
236 1556 327 1611 Beum
340 1553 494 1621 benedicit,
510 1552 560 1626 qui
575 1554 757 1609 sermonibus
767 1555 846 1622 solis,
856 1553 907 1610 scd
959 1554 1118 1624 AliosSetls.
1135 1556 1189 1610 late
1204 1559 1246 1610 est
1259 1555 1328 1611 Seth
1346 1555 1423 1612 lilius
1444 1557 1548 1624 Adam,
1569 1565 1637 1629 etc,
1663 1574 1748 1629 usque
1772 1561 1810 1616 cd

57 1647 152 1719 etqui
170 1646 291 1712 actibus,
307 1645 364 1701 vita
388 1650 418 1701 et
438 1644 568 1700 moribus
586 1643 653 1699 lacit
666 1658 774 1700 nomen
790 1643 941 1750 Baibe-B
962 1643 997 1699 de
1016 1647 1107 1698 morte
1117 1643 1260 1699 revocarit
1274 1643 1417 1701 advitam.

59 1735 160 1791 oedici.
993 1731 1035 1787 Et
1050 1736 1103 1787 erit
1121 1732 1246 1788 Idumaea
1267 1735 1398 1802 possessio
1420 1733 1488 1803 ejus.
1510 1733 1571 1804 (lo.)
1588 1736 1623 1791 lli
1644 1738 1698 1791 erit
1723 1737 1810 1794 soom

88 1823 171 1879 vm.
192 1827 237 1878 ll.
253 1853 289 1864 ·-
306 1823 436 1879 chmcs
451 1822 573 1891 ριιυαυιι
597 1825 623 1876 te
646 1821 746 1877 bonore
761 1821 902 1892 ιιιεροιιιο.
958 1819 1103 1890 meditor
1127 1823 1163 1887 ci,
1178 1823 1253 1876 Brea
1266 1823 1394 1876 inimicus
1408 1821 1477 1891 cjrrs,
1493 1826 1546 1876 etc.
1561 1821 1659 1891 leom
1674 1824 1751 1880 idem
1766 1827 1810 1880 est

60 1912 186 1968 Ostendit
211 1909 349 1966 Dominus
374 1909 551 1982 quinetiam
576 1908 659 1963 Baiae
681 1909 822 1964 intellexit
845 1925 904 1965 non
958 1906 1009 1978 qui
1033 1907 1116 1975 Esau,
1140 1913 1206 1976 etc,
1231 1924 1317 1978 usproe
1339 1909 1377 1964 od
1398 1925 1451 1981 per
1475 1909 1668 1968 obedientiam
1691 1911 1810 1984 spiritus

58 2003 112 2072 jam
135 2002 303 2056 daemonum
327 1997 486 2053 ministerio
508 1995 602 2068 decipi
627 1996 753 2063 Balaam,
778 1995 830 2050 sed
854 1994 904 2050 liei
958 2010 1076 2050 consors
1090 1995 1195 2052 future
1209 1995 1384 2053 haereditatis
1399 1997 1509 2054 existet.

61 2091 159 2145 rirtnte
175 2088 212 2144 ad
225 2085 512 2143 melioratransferri.
992 2085 1073 2139 Vnae.
1105 2086 1147 2141 ιι.
1178 2114 1214 2127 -
1240 2086 1326 2140 lsrael
1349 2100 1410 2142 cero
1444 2088 1557 2155 sortite
1573 2092 1646 2156 opst.
1680 2089 1744 2161 (ld.)
1773 2092 1809 2146 Bt

89 2180 174 2234 Vns.
202 2179 246 2234 li.
270 2205 306 2218 -
331 2177 393 2233 Non
410 2180 504 2246 potero
530 2175 671 2245 preterire
685 2187 832 2229 serronem
853 2174 904 2228 Bo-
958 2173 1044 2228 lsrael
1064 2174 1131 2238 Ῑιιιι
1148 2174 1301 2229 iacueris.
1326 2172 1399 2239 Ouia
1422 2174 1530 2229 scilicet
1543 2177 1612 2230 tunc
1628 2176 1727 2245 Edem,
1741 2181 1807 2247 etc,

60 2269 124 2322 reri
137 2267 261 2332 Mosei,
277 2268 310 2320 ut
335 2264 377 2319 cel
401 2263 474 2319 torri.
494 2262 592 2318 Sciens
604 2262 731 2330 Balaam,
753 2261 833 2334 qnod
847 2276 905 2316 non
958 2276 1043 2331 usque
1066 2261 1103 2316 sd
1124 2261 1176 2334 qui
1194 2265 1287 2334 potest
1306 2261 1434 2319 animam
1456 2266 1486 2320 et
1501 2277 1605 2336 corpus
1632 2265 1754 2335 perdere
1776 2267 1809 2322 in

61 2356 176 2428 ribiper
190 2354 339 2411 ministros
353 2353 452 2408 solitos
480 2366 616 2423 responsa
641 2351 833 2421 deterrentur,
856 2351 905 2406 sed
958 2350 1131 2422 gehennam.

62 2445 92 2500 rb
106 2460 141 2500 eo
164 2443 216 2516 qui
240 2443 327 2498 babet
350 2440 481 2496 omnium
502 2444 684 2511 potestatem,
703 2445 780 2495 recte
793 2437 906 2494 ridetur
994 2439 1282 2510 Btperdctrcliqrries
1300 2442 1431 2496 σιυιιιιιιι.
1447 2439 1511 2514 (in.)
1531 2441 1636 2497 Perdet
1653 2441 1807 2498 liberatum

63 2537 231 2605 protestatus
254 2547 285 2587 se
307 2546 366 2585 non
381 2545 464 2602 posse
478 2528 625 2601 preterire
641 2527 760 2583 verbnm
780 2527 905 2597 Bomini,
959 2528 1132 2596 decivitate,
1150 2534 1314 2600 etc.,rrsque
1330 2528 1367 2583 od
1385 2529 1433 2585 cui
1447 2529 1471 2585 si
1485 2530 1702 2594 commorimur,
1718 2530 1807 2586 etim

63 2623 99 2676 rel
122 2621 254 2692 prolerre
280 2618 388 2691 aliquid
406 2618 476 2674 boni
496 2618 541 2672 vel
565 2615 634 2672 mali
649 2631 684 2671 ex
704 2632 753 2672 ore
768 2631 830 2670 suo.
851 2614 906 2681 Qui
960 2616 1143 2672 condremus
1158 2617 1194 2689 (ll
1210 2617 1277 2672 iim.
1296 2617 1340 2687 ιι).

64 2710 133 2765 enim
148 2708 289 2780 loquitur,
314 2723 371 2763 non
389 2710 485 2778 potest
504 2705 650 2760 sacrificiis
668 2703 714 2759 rel
737 2703 906 2759 muneribus
996 2707 1077 2762 vass.
1092 2707 1137 2759 ιθ.
1154 2735 1186 2746 -
1209 2707 1387 2776 Principium.
1410 2706 1474 2762 Non
1495 2706 1549 2762 hoc
1569 2705 1605 2761 ad
1624 2704 1808 2761 'historialem

64 2797 226 2869 permutari,
249 2796 326 2868 apud
339 2810 427 2866 quem
443 2809 502 2849 non
517 2798 559 2848 est
569 2793 780 2861 transmutatio,
796 2797 825 2848 et
839 2792 905 2848 ideo
961 2794 1075 2850 Amalec
1088 2794 1188 2850 referri
1202 2799 1298 2866 potest
1313 2810 1320 2847 :
1334 2811 1392 2850 non
1411 2795 1489 2851 enim
1517 2794 1629 2866 primus
1651 2799 1714 2850 erat
1734 2794 1808 2850 anti-

66 2901 115 2941 uon
130 2888 225 2958 potest
246 2882 378 2939 sacerdos
400 2880 530 2937 mercede
553 2880 736 2952 mutariflubi
751 2881 826 2935 licus
840 2895 905 2935 mu·
959 2883 1084 2956 qrritate3
1099 2883 1149 2938 sed
1163 2883 1198 2939 ad
1214 2882 1383 2954 spiritalem,
1399 2883 1450 2956 qui
1468 2883 1638 2940 declinando
1654 2885 1810 2956 populosa

66 2974 173 3029 neribus
187 2988 247 3028 non
265 2977 405 3027 moretur.
425 2970 603 3025 Discessurus
620 2975 718 3025 tamen
734 2968 849 3026 Balaam
861 2968 907 3024 in-
927 2973 1020 3030 clleo
1043 2975 1072 3026 et
1091 2969 1222 3027 iaciendo
1241 2971 1363 3042 mutiles
1386 2987 1421 3026 ex
1443 2972 1494 3027 llei
1509 2971 1676 3041 cultoribus,
1690 2972 1809 3028 Amalec

67 3063 126 3132 cipit
148 3062 257 3117 iterum
285 3059 467 3132 prophetare.
505 3057 541 3113 lit
570 3056 660 3113 dicit:
694 3059 842 3116 consiliam
872 3058 908 3114 dc
962 3059 1138 3114 nominatur.
1155 3057 1189 3112 Et
1205 3057 1319 3112 initium
1331 3057 1463 3129 gentium
1479 3058 1593 3128 dicitur,
1609 3059 1678 3132 quia
1691 3058 1809 3115 initium

69 3150 118 3217 liii,
130 3155 186 3205 etc.
862 3198 870 3213 ,
962 3145 1051 3212 dedit,
1071 3149 1102 3200 ιιι
1122 3145 1254 3200 homines
1273 3144 1376 3200 tierent
1390 3145 1512 3217 gentiles
1526 3145 1666 3201 mutando
1681 3145 1805 3216 gloriam

97 3238 174 3293 iras.
190 3237 233 3293 ll.
249 3265 285 3278 -
299 3236 374 3292 Bobo
388 3235 438 3290 tibi
455 3236 599 3290 considers
621 3234 727 3306 lonc,
752 3234 825 3290 bora.
852 3234 907 3309 lB.)
960 3232 1186 3305 incorruptibilis
1205 3231 1256 3288 Bei
1269 3231 1302 3287 in
1316 3231 1536 3289 similitudinem
1557 3233 1693 3306 imaginis
1707 3247 1806 3290 eorru-

73 3327 137 3394 l’ersi,
162 3327 307 3382 scordium
328 3324 363 3381 do
383 3323 444 3382 tibi.
460 3328 527 3390 etc,
546 3337 633 3392 usque
651 3322 688 3378 od
700 3326 839 3395 tanquam
853 3323 904 3397 qui
961 3321 1072 3394 ptibilis
1086 3320 1212 3377 hominis
1227 3336 1234 3377 ι
1249 3332 1283 3377 ut
1295 3321 1374 3377 euim
1387 3320 1419 3377 in
1431 3322 1540 3393 populo
1554 3321 1607 3378 Boi
1625 3322 1753 3379 Christus
1767 3326 1812 3379 est

71 3430 124 3470 rere
136 3415 239 3471 ridens
248 3414 287 3469 sit
301 3417 405 3469 slvere
420 3411 552 3468 audierit.
960 3410 1089 3476 initium,
1103 3409 1144 3466 sic
1158 3409 1190 3464 in
1203 3408 1310 3482 popolo
1325 3408 1377 3482 qui
1390 3409 1546 3466 declinata
1562 3411 1631 3480 Bec,
1649 3415 1679 3468 at
1693 3411 1809 3484 gentilis
1859 3435 1860 3440 ¹

98 3504 174 3559 Vnae.
208 3504 251 3558 ti.
276 3531 312 3544 -
341 3503 420 3559 Bicit
446 3501 573 3557 Bctocrrr.
598 3499 666 3572 (lo.)
692 3501 808 3556 Baiones
834 3501 908 3570 ttius
961 3499 1086 3556 efficitur
1097 3499 1223 3555 Amalec.

72 3592 134 3660 Beer,
170 3596 238 3656 etc„
267 3604 352 3662 uspoe
375 3590 414 3646 cd
433 3605 497 3662 qne
530 3605 583 3662 pro
617 3588 743 3644 utilitate
776 3603 909 3645 concesse
998 3587 1098 3660 (Baro.)
1117 3588 1235 3644 initium
1250 3585 1380 3658 gentium
1399 3587 1525 3657 Amalec,
1540 3592 1608 3653 etc,
1622 3604 1708 3661 usque
1727 3590 1765 3646 nd
1781 3592 1811 3646 et

71 3682 133 3734 sent.
962 3677 1056 3734 omnis
1070 3680 1147 3731 secta
1161 3691 1226 3748 que
1236 3691 1254 3730 a
1264 3676 1322 3731 Bao
1333 3677 1474 3748 populum
1488 3677 1625 3746 declinat,
1636 3684 1806 3750 exponatur.

98 3768 213 3837 (dane,
228 3765 268 3821 lib
294 3780 329 3820 xv
344 3758 463 3830 Morbi,
478 3779 541 3835 cap.
562 3765 618 3832 ιι.)
639 3763 722 3818 Dicit
734 3763 811 3818 borno
830 3763 908 3832 cujas
997 3766 1077 3821 Vnus.
1093 3767 1139 3820 ιι.
1161 3794 1196 3806 -
1217 3763 1294 3820 Vidit
1315 3779 1431 3834 qaoque,
1456 3769 1510 3821 etc.
1534 3765 1594 3837 (lo.)
1615 3766 1679 3822 Alia
1699 3767 1807 3836 littera,

68 3854 198 3911 eiuscius
221 3858 262 3910 est
280 3853 382 3909 orlaa
407 3851 502 3907 Nescit
525 3850 632 3922 impius
655 3851 732 3905 mala
751 3866 815 3921 quae
830 3850 909 3921 facit,
962 3857 1027 3920 etc,
1041 3867 1128 3922 usquc
1142 3852 1181 3907 od
1189 3856 1219 3907 et
1231 3849 1342 3906 discant
1353 3867 1413 3907 nou
1424 3851 1633 3924 blasphemare.

10 3966 13 3976 ·
69 3942 193 3998 uncum
213 3956 265 4013 pro
287 3941 332 3995 eis
355 3938 454 4011 puniri
469 3940 597 4010 coeperit.
622 3938 779 3994 Consilium
793 3938 909 3994 Balaam
998 3942 1061 3998 Non
1075 3941 1190 3997 ridetur
1204 3939 1333 3997 Ciuoenm
1348 3940 1431 3997 valde
1451 3940 1636 4013 culpabiliter
1649 3943 1829 4011 nominare,·

67 4037 155 4088 conus
181 4029 324 4086 israelitas
348 4027 483 4100 prebuit,
516 4027 566 4083 sed
590 4032 656 4099 pst
678 4026 710 4081 in
733 4042 818 4098 poena
838 4027 910 4083 ridit
962 4031 1009 4087 cni
1027 4028 1100 4086 dixit
1117 4028 1183 4085 Saul
1199 4044 1206 4084 ι
1222 4027 1334 4084 Discede
1355 4027 1390 4085 de
1408 4027 1495 4084 medio
1510 4029 1621 4086 Amalec
1635 4034 1661 4087 et
1681 4045 1809 4101 oooper-

67 4121 108 4191 qui
118 4121 199 4194 prins
211 4135 246 4176 ex
260 4119 345 4189 culpa
363 4117 546 4173 commiserit.
573 4116 660 4172 illecti
676 4123 772 4172 autem
786 4116 853 4189 quia
874 4132 909 4171 ne
962 4121 1105 4184 οιιιιιιηιιο,
1116 4116 1283 4189 quassasti
1291 4115 1508 4173 miscricordiam
1528 4118 1626 4187 Israel,
1636 4121 1690 4175 etc.
1702 4119 1729 4190 (1
1738 4119 1808 4189 ch.

67 4224 176 4278 peccare
190 4208 324 4274 debeant,
345 4205 525 4278 praevident:
550 4205 626 4260 oculi
649 4219 750 4259 eorum
773 4209 838 4259 ante
858 4221 909 4259 ca·
963 4208 1018 4279 rr.)
1043 4207 1132 4279 liujus
1158 4205 1308 4261 robustum
1332 4210 1375 4262 est
1395 4205 1602 4277 habitaculum,
1629 4206 1758 4281 siponet
1780 4208 1812 4264 in

66 4313 123 4353 sum
135 4301 249 4370 patent.
266 4295 386 4367 iniquus
401 4310 469 4350 sero
484 4298 550 4366 post
572 4308 671 4348 casim
697 4292 794 4348 oculos
807 4293 909 4364 aperit,
957 4300 1054 4368 petra,
1071 4309 1135 4366 qne
1154 4293 1348 4363 esthristns,
1364 4292 1465 4349 nidum
1479 4308 1575 4350 suurn.

66 4387 128 4459 qnia
139 4384 328 4460 postculpam
337 4383 398 4455 jam
408 4382 440 4437 in
451 4398 537 4454 prena
559 4381 707 4454 conspicit,
722 4380 791 4454 quia
801 4380 909 4436 malum
1000 4382 1092 4454 (Bra.)
1108 4382 1233 4446 Ginaeus,
1248 4387 1316 4449 etc,
1334 4398 1420 4453 usqroe
1435 4383 1473 4439 nd
1496 4387 1527 4440 et
1544 4398 1628 4439 omne
1642 4382 1720 4456 qnod
1737 4399 1811 4455 prse-

66 4475 161 4531 debuit
174 4475 267 4530 ritare
282 4472 359 4545 quod
372 4471 449 4528 iecit.
964 4471 1032 4526 terit
1043 4470 1137 4527 cordis
1151 4471 1248 4527 volatu
1260 4471 1476 4528 transcendunt.
1911 4520 1914 4528 .

96 4565 177 4620 vexa.
213 4565 255 4619 to.
285 4590 321 4603 -
348 4561 404 4628 Qut
436 4559 537 4616 cedens
569 4562 678 4630 opertos
705 4557 786 4615 tobei
809 4558 908 4616 wotos.
999 4561 1082 4616 vaes.
1097 4560 1143 4615 ιι.
1157 4586 1192 4600 -
1207 4560 1623 4618 secus.u1ccrirdenumero
1637 4559 1812 4633 sapientum,

66 4646 909 4726 sepemalussaternajudiciasdmrratur,pradicationem
964 4647 1090 4704 veritatis
1113 4648 1300 4721 inquisitores
1319 4649 1377 4705 rita
1398 4648 1499 4705 virum
1520 4655 1681 4722 perpetue;
1704 4649 1781 4706 unde
1802 4665 1810 4704 :

65 4741 185 4798 soleatis
199 4737 301 4811 patria
322 4753 387 4792 cnm
403 4736 492 4803 audit,
515 4735 622 4808 diligit,
647 4741 676 4792 ct
698 4750 786 4806 opera
806 4734 910 4792 drino
964 4736 1102 4794 ciceiam
1122 4752 1178 4805 mc;
1202 4740 1290 4794 eitam
1305 4743 1434 4793 curnem
1463 4737 1599 4794 habebunt
1613 4738 1709 4805 (Bceli.
1737 4738 1811 4808 xxiv)

66 4826 260 4901 dispositionis
274 4824 458 4897 obstupescit.
474 4826 575 4880 iacens
597 4838 667 4896 ergo
683 4822 823 4879 miracola
840 4837 911 4879 con·
999 4826 1097 4882 Assur.
1128 4825 1264 4881 Biabolus
1291 4825 1408 4895 scilicet,
1436 4825 1484 4883 oui
1504 4825 1633 4883 heretici
1659 4826 1813 4884 traduntur

67 4918 177 4987 siderei,
193 4915 262 4988 quia
277 4913 328 4970 Bei
341 4913 502 4987 potentiam
522 4913 639 4969 sciendo
662 4916 772 4985 pensat,
793 4912 843 4968 sed
865 4912 911 4969 vi-
964 4913 1108 4986 dirigendi
1120 4917 1149 4969 et
1161 4914 1333 4987 corrigendi.

68 5007 154 5063 rende
170 5020 231 5061 non
245 5009 332 5060 amat.
999 5003 1080 5058 vias.
1097 5005 1142 5058 ιι.
1167 5033 1202 5046 -
1217 5003 1362 5060 Barabeta.
1386 4996 1468 5076 Saepe
1479 5001 1643 5075 parabolice
1662 5003 1745 5076 loqui
1769 5002 1813 5059 di·

98 5097 180 5152 lxxa.
197 5098 241 5150 lt.
256 5123 292 5134 -
305 5091 408 5149 Videbo
422 5106 492 5159 eura,
502 5089 551 5147 sed
563 5105 616 5146 ooo
625 5088 712 5146 modo.
721 5088 784 5145 Alia
796 5088 909 5146 littera:
963 5092 1048 5157 citur,
1064 5106 1102 5146 ne
1116 5091 1187 5164 qnid
1207 5092 1237 5147 in
1257 5091 1303 5148 his
1317 5106 1378 5147 non
1399 5092 1480 5165 quasi
1505 5090 1683 5164 parabolam,
1705 5091 1754 5148 sed
1768 5107 1812 5149 ss·

71 5184 210 5241 eoam
224 5184 260 5249 ei,
297 5186 323 5236 et
340 5196 395 5236 eon
409 5179 497 5236 modo.
513 5178 679 5249 Bootitlcobo
696 5182 723 5233 et
738 5192 792 5234 rrora
809 5193 910 5248 sporo·
964 5180 1091 5238 cundum
1103 5179 1230 5235 litteram
1243 5179 1426 5252 accipiamus.

69 5275 186 5343 pereunt.
204 5271 272 5327 liaec
285 5269 321 5324 ad
344 5268 411 5324 illos
433 5282 559 5338 quorum
580 5280 733 5338 personam
747 5265 823 5336 gerit
837 5266 909 5320 reta-
999 5267 1075 5334 Quis.
1100 5266 1170 5321 Tam
1193 5265 1270 5333 felix,
1300 5266 1351 5339 qni
1365 5267 1427 5324 brec
1447 5265 1554 5336 rideat,
1580 5267 1813 5335 tenuabinlelii·

70 5368 172 5418 mutar.
206 5358 280 5426 Quia
307 5357 436 5413 doctores
464 5356 536 5427 legis
572 5360 600 5410 et
626 5353 727 5410 scribae
756 5354 912 5410 ostendunt
965 5357 1025 5426 gat,
1040 5352 1184 5417 etcredet.
1198 5352 1277 5426 quod
1290 5353 1402 5411 bcecita
1416 5355 1516 5412 lecerit
1529 5356 1614 5413 Beus.

71 5448 206 5507 ιιιιιιιιιιιι
227 5447 260 5504 in
279 5447 344 5519 lege
364 5450 393 5501 et
417 5443 566 5516 prophetis
584 5443 771 5516 promissum,
787 5442 837 5498 sed
850 5456 912 5498 non
1000 5443 1114 5512 oneode
1140 5444 1205 5498 isto.
1232 5442 1306 5499 Cum
1332 5443 1440 5500 scilicet
1464 5446 1570 5502 orietur
1591 5443 1816 5503 summosses

71 5537 206 5608 aremii
228 5540 273 5676 esst
286 5531 510 5672 qnandocr'plnlii,
523 5531 655 5589 sedeam
668 5530 821 5606 plenitudo
836 5544 912 5602 gen·
964 5536 1057 5601 met
1074 5532 1152 5588 bomo
1169 5545 1204 5586 sa
1229 5531 1331 5602 iveri,
1353 5536 1380 5589 rt
1404 5531 1505 5589 debbit
1526 5534 1652 5671 Amicis,
1676 5538 1703 5592 st
1728 5548 1816 5591 umes

265 5625 377 5674 snos.
502 5650 511 5671 .
1597 5613 1614 5671 l
