3892 6106
147 240 216 295 1007
462 233 661 289 wstsrsslol
680 231 802 287 sTnussl
823 232 922 287 FULD.
945 231 1025 286 ΜΘΝ.
1046 231 1120 287 ΟΡΡ.
1144 231 1241 286 PARS.
1264 231 1285 284 l.
1307 259 1340 268 —
1359 228 1580 286 illnotoolcs
1763 204 1768 211 .
1836 231 1901 283 {⁰08

182 362 263 415 Vens.
278 363 303 414 3.
321 390 353 398 -
373 361 447 426 iguis
463 363 526 411 oute
548 361 637 426 ipsum
660 355 800 425 precedet,
826 360 879 408 etc.
897 355 1031 424 (Acuti.
1050 354 1191 420 (Hisnou.)
1208 354 1239 406 ln
1267 353 1343 406 tubis
1355 352 1528 420 {ductilibus
1556 351 1715 422 argenteis,
1751 366 1832 405 more
1858 352 1905 405 tn·

148 450 235 514 Oriasi
252 448 372 503 correcti
385 453 451 501 sunt
475 446 555 498 sedes
569 445 630 511 liei,
647 449 712 509 etc,
738 442 874 511 usquead
891 441 997 496 simali
1051 444 1189 497 daeorum.
1217 442 1341 512 llystice,
1364 439 1512 512 productis
1544 439 1597 495 sub
1625 440 1734 495 malleo
1766 440 1905 494 universe

148 544 224 605 sunl,
241 538 276 592 ad
301 534 571 605 consumptionem
588 533 612 586 si
626 533 705 598 honi,
727 533 762 586 ad
778 532 996 601 reparationem.
1051 537 1144 600 terre,
1159 531 1189 585 id
1201 530 1379 585 estdiubolo.
1394 530 1495 599 (Aue.)
1514 528 1686 595 tribulatio,
1717 529 1828 583 tunsio.
1843 533 1903 594 est;

184 626 356 680 vorsu-1
380 625 532 677 ltluueruut
559 623 683 689 sulpura.
713 622 773 689 llo.)
806 620 999 674 h'uhesvilue·
1051 619 1203 690 profectus,
1220 617 1550 688 productioztalistuha
1565 622 1628 670 eret
1641 615 1708 681 iob,
1724 616 1805 670 unde
1828 615 1905 687 qnasi

149 714 321 767 runtlorma
343 713 480 775 humans,
508 709 557 763 scd
580 709 676 776 fulgor
688 707 836 761 mirandus
858 707 889 760 iu
904 705 998 759 verbis
1050 707 1120 762 tuba
1134 707 1274 776 insonuit,
1299 706 1567 761 dicens:Domiuus
1589 704 1676 771 dedit,
1695 707 1829 759 Dominus
1843 704 1903 759 obr-

148 802 194 855 vel
210 801 290 855 lactis
305 815 404 852 eorum
421 798 564 868 apparuit,
591 807 618 850 et
634 797 699 849 inde
717 801 794 848 mota
814 799 856 849 est
870 799 958 849 terra.
1053 796 1124 850 tulit.

186 890 270 942 Vsus.
287 892 363 942 5.-
383 888 544 941 Fluceruot.
567 885 629 955 (ln.)
646 883 704 938 Etsi
721 899 779 937 uon
802 885 889 938 modo
910 882 999 937 eredit
1087 885 1168 938 Vens.
1198 889 1224 938 7.
1255 914 1289 922 —
1319 884 1466 938 lllooeutur.
1505 883 1568 952 (lo.)
1597 883 1625 937 ld
1666 887 1719 949 est,
1746 881 1902 936 indulcetur

148 993 288 1049 paganus,
305 981 400 1030 tamen
415 975 505 1028 victus
522 978 572 1027 cst.
1052 988 1131 1027 marc
1145 972 1225 1043 legis,
1259 971 1337 1043 ligno
1364 972 1455 1026 crucis
1482 971 1513 1025 in
1528 988 1561 1025 eo
1584 971 1689 1043 posito.
1715 973 1755 1026 Et
1768 970 1901 1040 plenitudo

184 1066 262 1120 Vens.
292 1069 319 1118 7.
349 1093 384 1103 -
413 1062 633 1129 Corzsuuduutor.
664 1062 796 1131 llocjem
812 1061 917 1114 luctum
946 1063 998 1113 est.
1052 1064 1120 1132 ejus.
1154 1060 1288 1116 Universa
1318 1060 1390 1131 legis
1420 1065 1608 1124 sacramenta,
1653 1063 1723 1128 etc,
1765 1059 1901 1128 usquead

150 1153 243 1226 (line.)
269 1154 363 1208 Cessat
388 1152 465 1205 euim
487 1153 547 1221 jum
569 1150 743 1204 idololatria.
778 1151 812 1203 Et
833 1150 1001 1203 erubescant
1054 1150 1102 1205 sed
1130 1151 1253 1217 flumina,
1276 1153 1329 1202 etc.
1353 1150 1472 1203 Terram.
1516 1148 1616 1220 (Coss.)
1645 1147 1679 1203 ld
1717 1152 1774 1214 est,
1794 1163 1898 1201 omnem

150 1243 201 1315 qui
214 1242 334 1294 adorant
343 1240 461 1310 lapides,
475 1240 541 1309 qnia
558 1239 675 1292 mortui.
1053 1244 1241 1312 peccatorem.

185 1331 268 1384 Vsus.
291 1332 316 1384 8.
341 1360 376 1368 -
401 1329 532 1382 lidorum.
562 1327 633 1397 (lo.)
659 1328 755 1380 Cessat
778 1342 846 1396 ergo
873 1324 1000 1380 adoratio
1089 1329 1179 1382 Vsus.
1209 1330 1235 1381 9.
1261 1353 1296 1367 -
1336 1325 1430 1381 Orbem
1457 1330 1603 1380 terrorum.
1635 1325 1747 1380 Omnes
1772 1329 1897 1380 terrenos.

150 1419 329 1489 angelorum,
346 1416 536 1471 sedadorunt.
554 1414 695 1484 lpsimsli
720 1412 1002 1484 angelivoluntsd-
1054 1416 1220 1484 injustitia.
1238 1414 1340 1483 (Auo.)
1370 1413 1440 1478 Quia
1466 1429 1526 1467 uon
1551 1418 1725 1467 mernerunt
1754 1413 1900 1467 misericor·

151 1507 320 1573 orari,buui
345 1507 475 1571 adorant,
499 1521 550 1557 nec
564 1520 593 1557 se
618 1503 789 1573 permittunt
813 1501 937 1555 adorari.
953 1501 1001 1554 vel
1056 1503 1143 1559 diam.
1165 1503 1290 1571 Populos.
1320 1501 1419 1570 (Coss.)
1444 1501 1552 1555 Fideles
1578 1500 1612 1555 de
1643 1501 1754 1557 luderis
1778 1501 1900 1573 cigenti·

152 1596 250 1650 sellem
267 1596 320 1647 hoc
336 1595 467 1663 exemplo
478 1592 648 1646 idololatriae
664 1593 783 1644 cessent.
1017 1635 1038 1688 B
1057 1593 1119 1657 hus,
1131 1591 1182 1663 qui
1195 1593 1309 1662 cupient
1324 1606 1405 1661 aequa
1422 1589 1540 1644 meritis.

187 1681 328 1737 Atediuiet
352 1680 454 1734 tetutu.
481 1677 593 1748 (Coss.)
623 1678 750 1732 Secundo
780 1680 1001 1748 postrestaura-

152 1771 259 1825 tionem
289 1775 373 1822 terrae
394 1767 562 1820 omnimoda
586 1767 745 1832 exsultatio,
779 1771 843 1830 etc,
869 1764 1002 1832 usquead
1357 1731 1510 1787 PSM‘MUS
1526 1733 1644 1789 XCVIII·

90 1912 95 1927 ,
154 1862 185 1912 ut
198 1859 232 1911 de
248 1857 377 1910 Cornelio
400 1856 500 1908 iratres
515 1855 603 1923 gavisi
630 1861 696 1907 sunt
724 1870 810 1924 quem
839 1855 940 1906 Petrus
956 1853 1003 1905 ha·
1093 1858 1171 1910 Vens.
1197 1860 1221 1910 l.
1249 1885 1285 1896 —
1318 1857 1440 1910 Psulmus
1474 1856 1575 1911 Dauid.
1619 1856 1721 1927 (Aue.)
1771 1859 1902 1930 Propheta
1943 1861 1946 1916 l

152 1945 282 2016 puzarit.
301 1945 565 1998 Eleusutluoeruut.
584 1940 1000 2012 theubhudieruutepostoli,
1057 1945 1192 1999 describit
1234 1944 1375 1999 Christum
1415 1960 1513 2015 regem
1565 1945 1643 1999 hona
1686 1946 1819 2013 dantem,
1846 1955 1900 2010 etc,

154 2032 341 2103 quieruntin
359 2030 584 2096 Judaealrutres,
613 2029 681 2100 quia
707 2035 806 2099 gentes
835 2033 1004 2099 receperunt
1057 2049 1142 2102 suque
1169 2032 1206 2086 ud
1235 2033 1283 2088 sed
1311 2034 1440 2086 velamen
1464 2033 1590 2087 oblatum
1619 2038 1673 2101 cst,
1719 2050 1788 2088 cum
1813 2038 1902 2088 semlai

156 2122 273 2176 verbum
291 2121 351 2187 Dei,
368 2120 580 2173 etlaelutisunt
596 2124 624 2172 et
648 2119 872 2189 magnificabant
902 2120 1001 2171 licum.
1058 2121 1178 2176 deterre
1204 2126 1263 2175 orto
1275 2126 1325 2185 est,
1341 2126 1366 2175 et
1378 2121 1489 2191 justitia
1515 2121 1548 2175 de
1573 2123 1636 2176 coeto
1659 2125 1810 2193 prospexit
1831 2124 1901 2190 (Psoi.

192 2212 281 2264 t'sns.
310 2212 335 2263 9.
365 2240 398 2248 -
431 2211 546 2262 Terre...
576 2209 647 2262 deos.
681 2208 743 2277 (ln.)
772 2209 826 2261 Per
853 2215 953 2261 terrum
977 2211 1005 2260 et
1058 2213 1170 2276 nurui).
1224 2210 1357 2263 Dominus
1392 2212 1518 2277 remeauit
1548 2209 1652 2277 (Coss.)
1701 2212 1743 2265 De
1789 2213 1900 2283 potentis

155 2299 226 2364 deos,
257 2301 418 2366 peccatores
447 2301 474 2349 et
503 2296 596 2365 justos
625 2296 730 2365 accipe.
760 2293 1006 2364 t'el‚tei1·enisct
1060 2304 1087 2352 st
1103 2313 1192 2367 reguo
1208 2296 1321 2364 Christi,
1344 2301 1376 2351 ut
1403 2296 1433 2350 in
1462 2296 1578 2351 homine
1608 2298 1761 2353 adoretur.
1791 2299 1902 2354 Ostendit

128 2397 131 2401 ·
155 2386 316 2440 coelcstihus
332 2383 473 2454 siguificat
488 2400 554 2436 eum
578 2383 730 2453 imperare.
1061 2385 1206 2442 Christum
1221 2390 1398 2455 regnantem,
1412 2389 1440 2438 ct
1461 2386 1638 2457 (quicunque
1654 2393 1817 2458 repugnet)
1831 2388 1901 2442 sttun

195 2475 274 2527 Vsus.
307 2474 351 2526 l0.
386 2503 418 2511 -
450 2472 571 2527 Custodit
608 2474 745 2526 Durnium.
774 2472 867 2537 (Aeo.)
898 2470 1006 2524 Sicum
1061 2491 1263 2545 superomues‚
1278 2474 1355 2527 uude
1368 2473 1394 2526 ei
1406 2473 1505 2528 cedere
1517 2476 1804 2531 mouetlruscuutur
1816 2477 1902 2546 populi.

158 2562 276 2632 coepcris
293 2561 385 2614 odisse
400 2560 569 2628 malignum,
597 2560 810 2628 subsequuntur
833 2559 1006 2626 persecutio·
1073 2563 1163 2632 (iuss.)
1177 2561 1286 2616 lrrisio.
1309 2562 1412 2616 Securc
1427 2561 1544 2617 concedi
1566 2567 1671 2634 potest,
1701 2569 1736 2619 ut
1750 2564 1905 2628 irascantur,

159 2668 219 2720 nes,
236 2668 272 2704 ne
290 2650 400 2714 timeas,
414 2649 482 2718 quis
511 2648 637 2700 custodit
662 2647 800 2700 Dominus
817 2645 927 2698 suimus
942 2661 1008 2698 sen·
1063 2652 1132 2721 quia
1148 2666 1207 2703 non
1220 2654 1287 2703 sunt
1300 2650 1374 2702 ultra
1389 2649 1531 2703 nocituri:
1548 2650 1750 2720 permittendo
1770 2653 1849 2720 dicit,
1862 2665 1907 2705 nou

160 2746 271 2794 ctorum
283 2754 411 2801 suorum,
429 2737 584 2805 dequibus
605 2735 738 2789 tollendis
752 2739 795 2789 est
809 2733 942 2787 ultimum
958 2749 1006 2803 gc·
1063 2738 1243 2810 imperando.
1274 2737 1352 2793 Sedet
1374 2753 1456 2807 super
1470 2739 1618 2794 cherubim.
1638 2740 1708 2807 (lu.)
1735 2743 1841 2797 Contra
1855 2756 1910 2796 elin

158 2844 212 2882 nus
229 2826 446 2898 persecutionis.
1064 2828 1135 2882 nihii
1150 2830 1338 2899 potestterre,
1361 2826 1414 2880 etsi
1438 2826 1494 2897 ipsi
1517 2827 1573 2882 luit
1595 2829 1626 2883 in
1653 2833 1736 2885 terra
1760 2831 1913 2905 ubipassus

480 2912 749 2968 Psithtsxcvll.
1028 2917 1186 2972 Cestirsm
1214 2914 1322 2985 populi.
1340 2914 1491 2971 Cherubim.
1524 2919 1628 2989 (Auo.)
1659 2920 1813 2975 Plenitudo
1840 2925 1912 2976 scies

194 3000 815 3071 Psalmvsflssvl'd·lC-tSS·)T⁸sii¹¹SI·⁵⁸¹¹1¹⁰S
842 2997 1007 3068 corumqui
1062 3004 1409 3074 tieinterpretetur,quae
1430 3004 1619 3059 cstchsritas.
1651 3006 1815 3063 Plenitudo
1829 3010 1909 3064 scien·

157 3091 191 3144 dc
215 3097 337 3161 utroquo
354 3091 473 3144 odient-u
491 3095 598 3160 egunt:
620 3090 649 3142 in
670 3089 773 3159 quibus
789 3092 832 3141 est
847 3103 931 3140 cause
947 3085 1007 3156 spei
1061 3094 1107 3148 tiae
1125 3093 1205 3163 legis,
1234 3107 1298 3162 quae
1315 3097 1358 3144 est
1385 3092 1465 3146 sedes
1481 3093 1541 3158 Dei,
1557 3094 1613 3148 erit
1626 3100 1656 3148 et
1673 3095 1705 3149 in
1728 3099 1768 3164 le,
1788 3098 1910 3152 sicheri·

156 3196 209 3249 per
230 3179 454 3232 misericordium
478 3178 564 3248 primi
596 3178 741 3239 adrentus,
772 3181 800 3229 et
826 3170 937 3228 timoris
957 3189 1009 3243 per
1062 3187 1148 3236 tatem
1176 3179 1318 3242 habueris,
1346 3185 1446 3234 contre
1477 3197 1563 3252 quarn
1586 3182 1663 3237 nihil
1690 3191 1819 3254 possunt
1846 3187 1909 3240 irati.

170 3267 298 3321 udieium
314 3267 448 3320 secundi:
474 3266 544 3327 hoec,
573 3265 627 3317 etsi
649 3281 724 3334 scope
747 3264 895 3329 iterentur,
912 3266 1008 3315 tumen
1064 3270 1135 3335 Quid
1151 3270 1228 3323 enim
1245 3275 1321 3323 terra
1336 3268 1466 3323 coelum?

158 3372 273 3425 semper
302 3371 374 3408 nora
400 3371 449 3424 pro
471 3355 623 3407 verborum
653 3357 681 3405 et
709 3352 915 3406 sententiarum
931 3352 1009 3404 vario
1097 3360 1182 3413 vrrs,
1200 3360 1277 3411 2,-
1302 3359 1432 3412 Dominus
1454 3359 1483 3410 in
1505 3357 1713 3427 sion,(1„‚)si
1737 3377 1798 3414 110„
1816 3362 1910 3415 jurem.

158 3443 361 3512 descriptione.
1062 3447 1105 3518 gis
1120 3446 1187 3516 qnid
1208 3450 1344 3515 estsuper
1363 3446 1519 3509 Cherubim,
1548 3447 1602 3500 hoe
1630 3446 1706 3513 vide,
1724 3450 1798 3520 quia
1812 3452 1842 3504 iu
1856 3450 1911 3505 sm

197 3533 276 3584 Vens.
301 3534 323 3584 l.
340 3561 373 3568 —
395 3531 507 3584 orntum
525 3531 646 3583 Domino.
674 3529 779 3599 (Coss.)
803 3527 898 3581 Primo
914 3528 955 3581 ait
974 3526 1008 3580 de
1061 3550 1185 3602 mupuus.
1210 3534 1278 3588 Sion
1295 3538 1336 3587 est
1362 3533 1458 3587 enims
1482 3549 1546 3604 qure
1577 3535 1668 3588 Deum
1696 3537 1910 3607 speculatur.lr

158 3619 320 3674 ostensione
340 3618 495 3672 salvatricis
508 3619 643 3673 dexterae.
1061 3623 1129 3678 Sion
1154 3638 1279 3691 mopsus,
1306 3623 1406 3694 (Coss.)
1434 3622 1500 3686 Quis
1524 3622 1679 3694 Dominus,
1719 3629 1865 3698 exponit:
1891 3629 1912 3681 h

196 3710 329 3764 Suluooit.
356 3711 450 3772 (ileo.)
478 3708 565 3776 liujus
590 3713 633 3761 est
656 3706 733 3778 quod
761 3710 852 3760 totum
879 3704 1009 3758 orhcma
1061 3712 1128 3765 sion
1156 3712 1387 3778 natusllupnus,
1417 3727 1452 3764 ne
1480 3726 1532 3781 pro
1561 3710 1696 3782 passione
1712 3713 1844 3770 vilescat,
1871 3715 1910 3768 t'sl

159 3805 253 3851 morte
269 3803 376 3850 mtcrna
398 3796 496 3863 erexit,
513 3812 599 3866 quam
629 3797 706 3867 quod
735 3802 864 3849 mortuos
889 3795 1008 3846 suscita·
1063 3803 1160 3853 tamen
1175 3799 1314 3853 Dominus
1327 3815 1448 3869 mugnus
1460 3799 1490 3853 in
1505 3799 1572 3854 Sion
1586 3799 1774 3871 todaeorum,
1791 3807 1820 3859 et
1836 3818 1909 3876 super

160 3885 217 3938 vit:
240 3887 307 3940 Sibi.
322 3884 399 3938 llum
416 3885 561 3937 solvuntur
586 3885 782 3954 corporaliter,
809 3883 857 3936 scd
871 3882 933 3948 sibi,
950 3897 1008 3935 non
1062 3889 1185 3958 populos
1200 3888 1340 3957 gentium.

159 3974 203 4027 ei:
223 3974 272 4044 qui
289 3977 403 4042 accepte
417 3972 558 4041 corporali
571 3973 691 4026 sanitate
706 3971 866 4033 lasciviunt,
896 3969 1009 4040 sedqui
1099 3976 1182 4029 Vens.
1203 3977 1276 4029 3.-
1297 3977 1405 4042 naono.
1435 3975 1528 4044 (Auo.)
1558 3977 1683 4030 Parvum
1712 3984 1783 4034 erut
1804 3981 1908 4052 quando

159 4079 211 4133 per
226 4063 313 4115 lidcm
331 4063 407 4114 iulus
421 4068 567 4123 sanantur,
585 4062 766 4127 similantur,
784 4062 827 4113 vcl
843 4077 872 4113 se
888 4060 1006 4113 salvant.
1062 4063 1268 4128 irascebantur,
1289 4063 1317 4117 id
1341 4071 1393 4129 est,
1405 4064 1501 4134 paneis
1525 4064 1719 4132 diffamatum,
1746 4070 1801 4124 sed
1820 4069 1907 4141 jemin

196 4151 272 4203 Vsus.
296 4152 322 4202 2.
354 4180 387 4187 -
416 4150 574 4204 Sututore...
592 4151 741 4218 justitium.
771 4149 864 4217 (Aue.)
883 4146 1006 4212 Quisol-
1063 4153 1233 4206 omniterre
1253 4152 1412 4206 dilatatum.
1431 4153 1568 4206 Terribile.
1599 4153 1666 4225 llo.)
1693 4155 1907 4220 Qniaetsicrn·

159 4245 206 4291 vat
221 4243 250 4292 ct
257 4238 403 4308 justitio-at.
420 4239 566 4293 lleeetoeit.
585 4238 691 4290 Futura
705 4237 757 4290 sub
777 4236 917 4289 velamine
933 4250 1006 4303 prce·
1062 4240 1161 4294 cifirus
1185 4239 1366 4309 predicatur,
1391 4240 1478 4311 juder
1500 4245 1648 4309 venturus,
1679 4248 1708 4297 et
1737 4261 1801 4301 non
1816 4247 1907 4302 errabit

160 4328 294 4382 dixerunt
316 4326 482 4396 prophetm:
501 4327 548 4380 scd
579 4326 706 4379 velamen
734 4325 1007 4388 ablatumest‚cum
1064 4325 1093 4381 in
1101 4327 1220 4398 J'udicio.
1232 4329 1267 4381 Et
1279 4329 1365 4381 honor
1383 4330 1464 4393 mois.
1493 4327 1599 4397 (Ciss.)
1630 4330 1761 4401 Exponit
1777 4333 1905 4405 quomodo

159 4420 261 4491 veritos
278 4415 469 4468 deterreo-rto
484 4419 532 4468 cst.
1063 4415 1322 4469 debeutcoullteri.
1350 4417 1439 4470 Houor
1467 4419 1548 4484 repis,
1577 4421 1606 4470 et
1624 4418 1762 4488 gloriosa
1782 4422 1903 4494 praedicr·

196 4504 279 4557 Vens.
296 4504 324 4556 3.
344 4501 587 4556 -lllisericordiae
602 4506 627 4554 et
641 4501 777 4555 ueritatis.
810 4497 1006 4570 (huo.)llise-
1060 4502 1112 4568 tio,
1122 4504 1259 4573 judicium
1288 4502 1488 4557 discretionem
1519 4503 1623 4575 exigit;
1643 4521 1705 4561 uon
1739 4509 1798 4565 leri
1821 4511 1904 4565 volun·

157 4591 285 4645 ricordiae
300 4597 412 4660 estque
427 4589 570 4661 promisit,
588 4588 920 4659 huncscquituroeritus,
941 4586 1009 4657 quia
1061 4596 1118 4646 tate
1138 4592 1273 4646 colendus
1296 4597 1348 4658 est,
1375 4592 1425 4646 sed
1450 4591 1507 4646 lixa
1533 4592 1760 4665 deliberatione,
1786 4596 1901 4672 quodsi

159 4680 291 4734 reddidit.
307 4678 360 4732 Sed
375 4679 566 4739 cuillsrueli,
582 4677 610 4730 ld
623 4682 674 4741 est,
697 4676 747 4747 qui
759 4675 844 4729 modo
855 4691 907 4746 per
921 4675 1008 4729 iidem
1061 4680 1200 4751 ipsoest;
1219 4680 1295 4734 unde
1320 4680 1435 4734 subdit:
1467 4683 1506 4734 Tu
1534 4685 1646 4750 perusti
1675 4684 1853 4743 directiones.
1866 4685 1901 4738 iri

159 4768 234 4822 videt
248 4767 407 4830 veritatem,
422 4772 486 4835 post
500 4781 551 4836 per
566 4764 703 4835 speciem.
1061 4769 1144 4822 bonor
1158 4771 1230 4834 repis
1244 4772 1286 4823 est
1300 4767 1445 4823 damnatio
1470 4768 1645 4839 nocentium,
1663 4774 1747 4830 unde
1763 4778 1839 4849 regis
1851 4777 1899 4847 glo-

194 4857 275 4910 Vlllts.
295 4861 322 4909 l.
340 4886 374 4893 -
402 4855 506 4909 Omnes.
524 4854 742 4923 (lh.)0uian0n
758 4852 929 4923 quibusdam
944 4856 1008 4905 tall-
1061 4857 1104 4911 ria
1119 4864 1250 4927 atigetur,

159 4949 219 4998 tum
237 4943 524 5000 dulusestllhristus.
1097 4947 1275 5002 t'sns.-l.-
1305 4947 1442 5001 lnlucob.
1475 4946 1565 5016 (Ace.)
1591 4947 1654 5002 iton
1679 4951 1781 5009 solnm
1796 4952 1894 5025 petriu-

195 5033 324 5087 Vsns.5.
342 5031 515 5085 -Juiritute
546 5032 646 5102 (Coss.)
676 5029 806 5084 Secundo
834 5029 903 5083 dicit
917 5029 1008 5083 omni·
1061 5032 1122 5098 cha,
1139 5034 1187 5087 sed
1214 5034 1331 5104 populo,
1362 5051 1447 5106 quem
1476 5035 1632 5106 siguificat.
1658 5041 1704 5093 Tu
1718 5042 1890 5106 lecistiller.
1937 5027 1943 5064 ²

156 5119 210 5174 bus
233 5120 325 5175 modis
340 5120 515 5174 tundendum
530 5136 590 5173 esse
613 5124 641 5172 et
667 5117 910 5186 annuntiandum,
939 5117 1007 5188 quia
1061 5137 1124 5190 quae
1140 5122 1211 5175 alius
1232 5129 1403 5192 nonposset.
1930 5184 1933 5191 ,

159 5209 236 5262 venit
247 5207 344 5278 judex.
1096 5209 1180 5264 Vsus.
1195 5214 1220 5265 5.
1231 5239 1268 5251 -
1280 5211 1421 5267 Ecuttute.
1437 5211 1542 5283 (cisa.)
1570 5213 1706 5270 Secunda
1733 5235 1801 5290 pars
1815 5216 1889 5274 mont
1919 5199 1941 5287 ξω

194 5296 277 5350 Vnus.
298 5299 374 5349 6,-
403 5297 515 5350 intubis
543 5295 691 5350 ductilibus
720 5299 745 5350 et
773 5310 834 5348 uoce
863 5295 1005 5349 tubaecor-
1060 5297 1272 5364 adorareenm,
1289 5298 1356 5368 quia
1373 5304 1467 5370 patres
1491 5299 1553 5368 ejus
1582 5303 1710 5366 sucrum.
1729 5305 1825 5374 Quasi,
1842 5302 1888 5377 qur

156 5398 221 5438 nee.
239 5384 519 5455 (huo.)lteris‚quee
549 5383 696 5437 tundendo
711 5383 920 5454 producuntur,
939 5387 1004 5443 ete..
1061 5386 1392 5457 haeelucitnohis‚crgo
1412 5388 1550 5458 Eguttute.
1926 5380 1938 5417 ³

156 5472 296 5540 usquead
319 5477 352 5525 ut
379 5487 469 5525 cornu
495 5473 575 5526 carni
601 5473 700 5539 haerct,
725 5479 752 5526 et
786 5487 849 5526 eam
875 5478 1002 5543 superat.
1095 5473 1254 5528 scutellum.
1284 5472 1383 5545 (Aeo.)
1400 5475 1483 5529 Terra
1501 5474 1649 5534 scutellum
1661 5482 1769 5552 pedum
1793 5477 1883 5554 ejusdi·
1942 5482 1946 5498 “
