3892 6106
111 243 160 297 8ll
423 243 620 298 tt‘lttarltlul
639 244 763 299 srtlattl
783 244 881 299 roto.
904 245 986 301 ΜΘΝ.
1010 245 1085 302 ΟΡΡ.
1108 244 1195 301 raus
1215 247 1236 301 1.
1258 276 1291 284 -
1311 244 1548 303 THEOLOGICA.
1813 250 1863 305 stt

112 380 197 435 usque
212 363 250 420 od
262 380 319 436 quo
334 364 403 418 lloro
430 364 560 418 sacerdos
575 381 635 418 esse
651 365 821 432 ostenditur,
844 367 894 438 qui
910 384 961 437 pro
977 369 1000 420 Α
1055 368 1134 422 Vens.
1152 373 1178 422 7.
1195 398 1230 409 -
1248 390 1257 417 a
1276 370 1308 422 Et
1322 366 1371 438 qui
1383 383 1449 422 enm
1463 368 1605 435 viderant,
1619 366 1727 423 dicent.
1743 389 1753 417 ι
1769 369 1863 440 qtttd.)

111 453 193 508 uobis
207 454 379 526 interpellat.
1015 457 1068 522 Qui
1084 458 1161 511 huuc
1172 457 1280 511 clatum
1295 457 1428 511 viderunt
1443 456 1584 512 exstincto
1604 457 1693 524 dicet,
1723 458 1775 513 Ubi
1802 460 1864 513 est?

145 543 228 596 Vens.
245 544 336 596 ⁶27.-
355 564 364 589 a
382 541 472 605 Quem
499 538 611 594 visurus
640 557 716 608 sum,
742 547 795 597 otc.
816 565 826 591 ›
844 543 957 614 (Gara.)
1014 545 1230 616 quianequein
1247 545 1706 613 hoesaeculoubielatasluerat,
1735 552 1862 618 apparet,

25 622 27 627 ⁴
111 632 181 686 Caro
196 634 294 684 nostra
319 635 385 699 post
412 629 651 684 resurrectionem
667 631 767 686 eadem
792 636 847 686 erlt
873 638 901 687 et
915 632 959 687 di·
1013 649 1106 704 neque
1129 633 1160 688 in
1189 633 1357 688 aeternitatis
1384 634 1494 706 requie,
1532 649 1568 689 ne
1595 650 1653 706 qua
1685 650 1747 688 csse
1786 640 1864 706 pata·

110 736 199 773 versa.
226 719 330 772 Eadem
358 733 410 789 per
437 722 582 784 naturam,
608 718 719 774 diversa
746 736 799 790 per
825 721 956 792 gloriam.
1012 719 1106 774 batur.

111 807 225 878 Eritqne
240 805 386 876 spiritalis,
403 806 472 876 quia
487 806 713 877 incorruptibilis
729 812 758 862 et
787 809 957 880 palpabilis:
1047 810 1127 863 Vcas.
1144 811 1169 863 8.
1188 838 1222 849 -
1240 807 1345 862 «Velut
1370 806 1517 862 somnium
1543 807 1703 863 avolans.»
1734 808 1860 882 Vitahy·

109 895 176 966 quia
203 911 260 949 non
277 894 389 948 amittet
404 896 558 950 essentiam
582 896 689 950 veracis
717 901 838 952 naturas.
866 920 877 947 ι
900 899 957 968 Ego
1011 897 1137 968 pocritae,
1151 902 1216 965 ete,
1233 897 1366 967 usquead
1380 895 1448 968 quia
1474 895 1627 951 hominum
1656 896 1773 956 favores
1798 898 1861 954 dor·

108 984 179 1054 ipse,
197 983 310 1038 etoculi
325 983 382 1037 mei
406 984 588 1054 conspecturi
617 990 693 1053 sunt,
716 990 744 1040 et
771 1002 830 1040 non
855 986 954 1042 aliis.»
1012 985 1103 1039 miens
1114 985 1237 1039 videbat.

108 1074 244 1144 Expresso
273 1073 381 1127 indicat
426 1075 576 1127 veritatem
614 1062 847 1130 resurrectionis:
899 1092 957 1130 nou
1046 1073 1125 1125 Vltus.
1141 1074 1167 1126 9.
1192 1070 1377 1125 —t00111us
1403 1069 1453 1142 qui
1482 1086 1549 1125 eum
1582 1070 1738 1126 viderat.»
1776 1073 1861 1128 Locus

107 1161 184 1214 enim
200 1161 272 1214 alins
289 1160 412 1214 moritur
426 1163 453 1213 et
473 1160 544 1214 alius
565 1162 691 1231 resurgit
713 1161 758 1233 (ut
780 1162 831 1233 qui
858 1162 958 1217 dicunt
1010 1158 1165 1231 hypocritae
1189 1175 1237 1213 cor
1265 1158 1465 1213 adulantiam:
1491 1158 1531 1213 ibi
1558 1159 1668 1230 quippe
1698 1159 1859 1231 requiescit,

107 1248 249 1303 invisibile
264 1252 292 1303 et
306 1248 491 1318 impalpabile
511 1265 615 1321 corpus
629 1250 758 1304 tertiarum
775 1251 848 1305 sicut
867 1252 955 1322 Euty·
1011 1247 1060 1302 ubi
1086 1248 1195 1302 favores
1216 1247 1335 1301 invenit.
1366 1247 1470 1302 Oculus
1495 1263 1564 1318 ergo
1597 1247 1647 1318 qui
1670 1263 1740 1302 eum
1757 1247 1860 1302 viderat

107 1337 187 1391 chius
198 1336 280 1403 dixitl
297 1336 346 1391 sod
367 1335 444 1391 idem
457 1336 528 1408 ipse.
1011 1352 1070 1390 non
1084 1336 1201 1404 ridebit,
1218 1337 1287 1408 quia
1304 1336 1335 1390 in
1350 1340 1442 1391 morte
1457 1336 1635 1391 amatoribus
1652 1336 1713 1391 suis
1746 1337 1859 1391 abscon·

145 1424 316 1495 «Reposito
344 1428 386 1479 est
401 1426 462 1479 hmo
475 1441 539 1496 spes
555 1442 618 1480 mea
632 1426 663 1480 in
678 1426 743 1480 sinu
759 1442 862 1482 meo.»
879 1426 954 1481 Nihil
1011 1423 1088 1478 ditur
1112 1422 1162 1494 qui
1183 1438 1250 1478 eam
1284 1427 1491 1478 consueverant
1534 1421 1707 1477 admirando
1751 1422 1859 1494 conspi-

105 1529 159 1568 nos
180 1514 284 1567 certius
309 1513 415 1568 hahere
446 1514 600 1581 credimus,
634 1520 800 1585 ctc.‚asque
827 1514 955 1570 odunde
1010 1528 1086 1567 cere.

106 1602 239 1673 protinus
254 1601 368 1656 subdit:
1050 1624 1061 1651 ι
1089 1602 1186 1672 Neque
1216 1601 1292 1654 ultra
1320 1599 1489 1654 intuebitur.
1519 1621 1529 1647 ι
1554 1598 1628 1664 Quia
1657 1598 1770 1670 linguae
1793 1599 1860 1654 ado·

142 1692 222 1744 Vens.
247 1692 292 1744 28.
323 1718 354 1729 -
379 1711 388 1738 ‹
407 1689 500 1753 Quare
517 1705 586 1760 ergo
612 1707 698 1747 nunc.
716 1714 727 1740 ι
745 1692 873 1746 Perversi
888 1691 955 1762 quia
1011 1687 1133 1742 lentium
1149 1688 1225 1742 hunc
1240 1687 1425 1757 adjudicium
1441 1687 1585 1743 favoribus
1607 1703 1669 1741 non
1688 1692 1857 1759 sequuntur.

106 1779 327 1849 intinguajusti
343 1779 552 1832 accusationem
568 1780 697 1834 invenire
711 1786 860 1851 appetunt,
877 1781 955 1835 verbi
1046 1777 1125 1831 Vsus.
1147 1778 1186 1831 ll).
1208 1776 1349 1831 -‹Filii
1376 1778 1437 1847 ojtts
1473 1779 1677 1842 atterentem»
1709 1783 1765 1831 etc.
1793 1776 1859 1842 unia

106 1868 230 1922 radicem
247 1872 388 1937 quaerunt,
403 1882 435 1919 ex
447 1867 651 1937 qualoquendi
665 1869 805 1940 originem
828 1875 951 1932 sumant,
1008 1865 1038 1919 hi
1057 1865 1106 1935 qni
1131 1866 1160 1919 in
1185 1864 1329 1936 hypocrisi
1357 1882 1389 1918 ex
1415 1865 1477 1935 ejus
1507 1864 1671 1920 imitatione
1692 1872 1857 1933 nascuntur,

106 1961 134 2009 et
150 1971 243 2008 ramos
270 1954 450 2026 loquacitatis
478 1955 619 2011 dilatent:
645 1957 694 2012 sed
724 1962 820 2012 tamen
840 1962 954 2012 sauctus
1009 1954 1078 2008 dum
1101 1954 1228 2009 veritatis
1243 1953 1415 2010 soliditatem
1431 1970 1487 2009 non
1502 1957 1611 2022 tenent,
1625 1953 1657 2009 ia
1678 1955 1777 2010 cordis
1801 1970 1857 2026 ego

106 2042 150 2095 vir
160 2042 236 2096 mala
250 2059 314 2113 quor
338 2042 458 2112 lugiunt,
475 2043 626 2098 miseratus
641 2045 774 2100 ostendit.
1008 2048 1078 2097 state
1094 2043 1240 2097 deliciunt.

141 2130 226 2184 Vsus.
242 2132 287 2184 td.
307 2159 341 2169 -
359 2151 369 2178 a
387 2129 486 2200 Fugite
497 2145 576 2201 ergo.
596 2152 606 2177 ι
624 2132 721 2202 (ibid.)
739 2133 850 2188 Faciem
865 2134 954 2203 gladii
1044 2132 1124 2186 Varis.
1142 2135 1184 2185 ll.
1198 2151 1253 2178 -ι
1272 2129 1341 2185 Ossa
1355 2130 1417 2201 ejus
1431 2129 1640 2201 implebuntur.
1661 2129 1854 2187 ‹Adolescen-

104 2217 214 2287 lugere,
247 2222 290 2272 est
328 2217 583 2272 animadversionis
617 2218 752 2275 districtae
781 2222 952 2277 sententiam
1007 2219 1046 2275 tia
1060 2219 1214 2291 hypocritae
1229 2217 1374 2272 inchoatio
1390 2217 1537 2288 pravitatis
1556 2221 1608 2285 est,
1634 2223 1705 2282 etc„
1727 2218 1854 2290 usquead

104 2307 184 2378 prius
200 2321 287 2377 quam
302 2310 449 2377 appareat,
473 2306 597 2377 placare.
615 2328 625 2356 ι
644 2309 677 2362 Et
704 2308 800 2363 scitote
821 2326 881 2365 esse
904 2311 952 2382 jn·
1007 2308 1087 2363 omni
1102 2308 1244 2362 soliditate
1258 2306 1372 2361 vacuari
1388 2322 1419 2360 ac
1432 2306 1572 2378 deperire.

104 2395 223 2450 dicium.
239 2394 365 2450 »Omnis
379 2394 430 2467 qui
446 2411 578 2466 perverse
595 2396 661 2467 agit,
689 2413 722 2452 co
741 2397 804 2469 ipso
819 2415 876 2471 quo
900 2400 954 2454 hoc
1043 2397 1122 2451 Vane.
1141 2399 1183 2450 lt.
1197 2427 1232 2435 —
1248 2418 1259 2445 ι
1274 2396 1346 2451 Cum
1369 2395 1447 2450 enim
1463 2395 1545 2450 dulce
1559 2394 1685 2451 inerit.»
1706 2396 1805 2469 (reid.)
1825 2396 1851 2451 la

104 2483 235 2555 despicit,
246 2500 306 2539 esse
323 2483 374 2537 bei
386 2482 528 2554 judicium
544 2485 641 2538 nescit.
1007 2501 1056 2539 ore
1068 2486 1162 2540 cordis
1176 2484 1269 2539 suavis
1293 2488 1334 2538 est
1362 2483 1508 2555 iniquitas,
1536 2499 1625 2555 quam
1651 2486 1709 2541 snb
1736 2487 1851 2559 tegmina

603 2628 611 2641 ,
1005 2572 1118 2628 blandae
1134 2573 1287 2628 locutionis
1302 2572 1405 2644 operit.
1420 2573 1526 2627 idaiam
1546 2572 1625 2628 enim
1657 2573 1851 2647 intinguaet

442 2626 555 2681 CAPUT
569 2627 622 2681 XX·
1006 2677 1064 2716 non
1078 2662 1130 2717 sub
1145 2663 1244 2733 lingua
1258 2667 1340 2729 esset,
1362 2662 1386 2716 si
1410 2661 1529 2734 loquens
1550 2662 1705 2733 hypocrita
1719 2664 1849 2720 mahtim

142 2748 278 2805 «idcirco
300 2749 496 2820 cogitationes.
533 2749 661 2819 altiaco.
691 2753 720 2804 in
745 2751 828 2818 dola,
858 2751 951 2822 ixa)
1005 2749 1140 2820 aperiret.

104 2839 143 2892 llo
158 2838 283 2893 sidicat:
297 2838 365 2910 quia
379 2837 501 2893 extremi
512 2836 614 2908 judicii
629 2843 769 2892 terrorem
790 2840 950 2907 considero,
1043 2837 1171 2890 «Parcet
1198 2835 1240 2890 illi
1255 2840 1282 2891 et
1310 2851 1403 2890 non.»
1431 2834 1502 2890 italo
1526 2834 1606 2907 quod
1630 2835 1733 2908 diligit
1756 2837 1849 2909 parcit,

104 2926 209 2983 idcirco
226 2927 433 2997 cogitationum
460 2927 631 2981 tumultibus
653 2927 683 2980 in
703 2926 806 2983 timore
831 2929 951 2984 conlun-
970 2923 1054 2995 (tqui
1070 2939 1126 2977 non
1154 2923 1208 2977 hoc
1235 2923 1400 2994 poenitendo
1416 2925 1618 2995 persequitur:
1635 2928 1664 2979 01
1687 2941 1749 2980 ⁰01¹
1776 2926 1849 2981 dett·

106 3015 167 3070 dor.
188 3038 198 3065 ι
216 3017 250 3073 Et
262 3032 344 3070 meus
358 3016 388 3070 in
418 3016 528 3070 diversa
556 3015 677 3085 rapitur.
697 3016 842 3081 »Quando
865 3019 950 3073 modo
1005 3012 1118 3083 linquit,
1142 3012 1190 3066 sed
1204 3018 1279 3067 cetat
1294 3012 1324 3065 in
1339 3016 1462 3081 gutture,
1478 3013 1546 3085 quia
1573 3013 1613 3067 sic
1638 3019 1737 3069 serrat
1759 3014 1788 3069 in
1811 3031 1849 3070 oo·

104 3104 180 3158 mala
194 3119 257 3175 quae
274 3121 359 3176 agere
375 3105 508 3174 neglexit,
537 3104 623 3158 modo
652 3105 889 3175 reprehensibilia
920 3108 949 3160 in
1004 3101 1639 3173 gitatione,utnunquanrproferatiuroce.

103 3192 207 3261 quibas
222 3197 273 3258 est,
290 3192 374 3245 modo
398 3198 476 3246 recta
503 3207 566 3262 quae
587 3191 642 3245 sibi
658 3192 751 3246 adhuc
767 3193 865 3247 deesse
879 3210 949 3248 con·
1040 3191 1157 3261 (Bane.)
1174 3191 1202 3245 ld
1217 3197 1269 3258 est,
1285 3191 1616 3262 palpat,loretetnutrit
1631 3190 1746 3247 malum
1758 3209 1846 3256 sunm,

104 3278 197 3347 spicit,
221 3278 341 3332 sollicito
370 3294 474 3349 pavore
489 3278 652 3347 perpendit.
682 3279 729 3332 isli
758 3295 792 3333 ex
814 3281 948 3336 societate
1004 3282 1032 3333 et
1046 3279 1188 3333 delectans
1203 3296 1232 3334 sc
1243 3279 1273 3334 iu
1288 3280 1350 3350 illo,
1366 3295 1514 3352 nunquam
1530 3280 1652 3352 poenitet
1665 3281 1847 3337 utaheodis·

102 3366 154 3420 Job
171 3370 310 3419 noverunt
333 3366 448 3434 quidem
473 3366 668 3429 rectesivere,
697 3367 745 3421 sed
770 3368 879 3437 judicia
900 3372 949 3426 Dei
1003 3369 1094 3423 cedat.

103 3454 245 3507 subtiliter
267 3470 388 3523 pensare
412 3453 580 3521 nescientes,
602 3455 694 3525 justos
716 3453 762 3508 hic
781 3470 838 3510 non
866 3474 949 3527 posse
1038 3458 1119 3512 Vaas.
1138 3458 1180 3512 tt.
1197 3489 1232 3497 -
1257 3480 1267 3506 ‹
1293 3455 1376 3511 Panis
1405 3456 1467 3528 ejus
1489 3456 1520 3512 in
1534 3460 1627 3511 utero.
1649 3458 1846 3530 »Plerumque

102 3541 214 3611 percuti
237 3542 365 3596 credunt.
391 3543 425 3596 Et
444 3542 509 3596 ideo
535 3542 612 3596 hrrnc
638 3541 771 3613 suspicati
802 3549 869 3599 sunt
894 3546 948 3601 iui—
1002 3545 1150 3617 hypocrita
1164 3562 1239 3617 pane
1258 3545 1330 3600 sacri
1344 3545 1453 3617 eloquii
1471 3544 1579 3600 erudiri
1596 3546 1705 3613 studet,
1737 3563 1795 3602 non
1818 3552 1847 3601 ut

103 3645 203 3700 quum,
220 3635 249 3685 et
274 3630 311 3684 ad
336 3629 562 3702 increpationem
592 3630 778 3686 dilabuntur:
797 3633 832 3687 ad
862 3650 947 3706 quam
1002 3650 1035 3688 eo
1051 3635 1136 3701 vivat,
1151 3634 1198 3689 sed
1214 3640 1248 3690 ut
1262 3633 1360 3690 doctus
1375 3639 1534 3705 appareat;
1559 3633 1609 3690 sed
1624 3633 1697 3690 dum
1717 3636 1845 3692 omnine

103 3718 404 3790 tameusubquadam
425 3719 782 3775 reverentiadescendunt.
801 3722 947 3778 Undeiste
1001 3722 1130 3790 verbum,
1160 3723 1237 3794 qnod
1263 3724 1337 3777 malo
1358 3723 1472 3794 qumrit,
1490 3738 1576 3793 pravo
1604 3722 1752 3796 intelligit,
1771 3727 1800 3779 et
1819 3724 1845 3778 in

102 3806 207 3860 subdit.
1001 3812 1125 3866 hereses
1141 3812 1248 3866 labitur
1262 3810 1421 3881 :contingit
1435 3810 1461 3865 ei
1475 3815 1506 3865 ut
1522 3810 1595 3865 sicut
1620 3810 1655 3865 da
1685 3811 1754 3868 telle
1775 3812 1844 3883 aspi·

136 3896 220 3951 Vans.
237 3898 263 3950 3.
280 3895 667 3967 -alloctriuamqumetc
695 3896 814 3967 mitid.)
838 3897 947 3962 Quibus
1002 3900 1081 3967 dum,
1111 3900 1150 3954 sic
1176 3901 1317 3955 moriatur
1345 3900 1379 3954 de
1392 3915 1475 3972 pane.
1492 3899 1546 3955 Sed
1561 3899 1630 3970 qnia
1656 3901 1844 3973 Deieloquia,

102 3984 232 4039 moderat
256 3983 410 4055 praemissis
432 3988 484 4038 etc.
523 4000 607 4053 usque
635 3985 672 4039 ad
695 3990 723 4039 et
751 3985 806 4039 hoc
833 3986 947 4040 invenio
1002 3988 1085 4042 etiarn
1105 3987 1223 4042 sirecte
1249 3988 1401 4059 intelligat,
1431 3988 1462 4043 in
1488 4004 1574 4059 opere
1589 4004 1778 4061 nequaquam
1791 4004 1843 4044 ser·

100 4073 200 4144 quod«
220 4073 282 4127 laus
295 4072 460 4142 impiorum,
475 4077 553 4126 ete·
1002 4084 1057 4143 vat,
1070 4076 1099 4131 in
1121 4077 1256 4146 praesculi
1282 4076 1339 4131 vita
1366 4076 1469 4148 pordit,
1492 4081 1523 4132 ut
1538 4077 1647 4132 nesciat
1659 4078 1740 4148 quod
1767 4091 1844 4149 agere
1890 4142 1892 4149 Ι

118 4161 258 4215 ’νειι5.4.
275 4192 309 4201 -
337 4183 347 4209 a
377 4161 434 4214 Hoc
462 4160 520 4214 scio
549 4160 803 4232 aprincipio.aSi
820 4162 947 4218 enimab
1001 4165 1101 4218 voluit.
1890 4170 1892 4177 '

98 4248 162 4320 ipso
176 4249 294 4304 humani
309 4249 423 4319 generis
449 4253 548 4302 exortu
575 4266 666 4320 usque
692 4250 727 4304 ad
752 4250 806 4304 hoc
830 4256 980 4323 tempusp
1036 4254 1128 4308 Vsus.
1156 4255 1198 4307 ts.
1220 4282 1255 4295 -
1279 4274 1290 4301 a
1320 4252 1448 4306 divitias.
1478 4273 1489 4301 ι
1514 4252 1606 4308 Sacrae
1626 4252 1698 4325 legis
1726 4270 1790 4326 qum
1808 4253 1841 4310 lc·
1890 4290 1892 4299 ·

99 4337 203 4392 mentis
228 4338 324 4392 oculos
350 4337 490 4405 ducimus,
508 4352 593 4391 omne
623 4337 699 4408 quod
722 4337 799 4391 liniri
837 4340 942 4410 potuit,
999 4343 1093 4413 gendo
1116 4341 1270 4407 devoravit,
1292 4340 1484 4395 obliviscendo
1514 4347 1647 4397 evomet:
1677 4359 1750 4415 quas
1776 4345 1842 4398 neus
1890 4362 1892 4373 ·

98 4442 185 4497 quam
205 4425 289 4480 breve
305 4426 400 4493 luerit,
421 4425 559 4480 videmus.
995 4431 1074 4503 justo
1086 4429 1193 4501 judicio
1208 4429 1243 4484 de
1258 4430 1320 4501 ejus
1335 4428 1475 4484 memoria
1491 4429 1596 4486 evellit.
1890 4426 1892 4433 '

133 4516 214 4569 Vens.
231 4518 256 4568 5.
272 4545 307 4556 -
329 4535 338 4562 ι
357 4515 391 4568 Et
415 4515 553 4584 gaudium
582 4513 749 4585 hypocrita.
772 4537 782 4563 a
802 4516 943 4572 Gaudium
1037 4539 1047 4565 ι
1066 4517 1156 4586 Caput
1178 4515 1321 4586 aspidum.
1344 4515 1472 4586 atleta.)
1496 4517 1578 4588 Aspis
1601 4531 1710 4588 parvas
1724 4524 1768 4575 est
1790 4533 1842 4573 ser·

97 4602 254 4674 hypocritae
269 4602 298 4657 in
327 4601 547 4656 similitudinem
563 4603 662 4672 puncti
691 4608 742 4658 est.
773 4605 843 4658 Nam
871 4605 944 4659 sicut
997 4622 1078 4677 pens,
1095 4610 1160 4664 etc„
1174 4604 1305 4673 usquead
1317 4604 1395 4658 velut
1408 4604 1549 4676 erlingua
1561 4604 1661 4676 vipera
1681 4607 1794 4663 occidit.

96 4690 364 4762 stylusinpuncto,
386 4692 454 4744 diam
483 4691 609 4760 ponitur,
640 4691 762 4758 levatur,
792 4692 831 4746 sic
856 4693 960 4765 hypo¹
1032 4693 1220 4747 Vans.l7.—
1240 4713 1250 4741 ι
1269 4692 1447 4761 Nonyideat
1466 4692 1725 4766 rivulos,»(1bid.)
1754 4694 1841 4751 Rivali

96 4779 165 4833 crito
180 4778 329 4845 praesentis
343 4778 408 4832 vitm
424 4779 537 4833 laudern
559 4779 627 4832 dnm
644 4780 745 4850 tangit,
761 4781 875 4836 omittit.
996 4779 1124 4834 fluminis
1151 4783 1217 4834 sunt
1246 4779 1321 4834 doira
1346 4780 1468 4851 Spiritus
1483 4782 1664 4851 sancti,etc.,
1704 4799 1790 4855 usque
1809 4783 1841 4839 at

134 4891 144 4916 s
162 4869 201 4924 ed
217 4867 306 4922 instar
321 4868 427 4938 puncti,
446 4890 456 4916 ι
479 4868 547 4939 quia
561 4868 660 4922 laetitia
676 4870 840 4939 pertransit,
857 4886 940 4940 poena
995 4869 1163 4940 mysterium
1180 4869 1384 4924 incarnationis
1399 4869 1502 4924 Christi
1514 4869 1667 4941 significat.

95 4960 264 5028 permanet:
291 4959 410 5027 apparet
423 4956 458 5011 ad
473 4962 664 5025 momentum,
681 4957 808 5028 disparet
820 4958 850 5012 in
872 4974 941 5029 per·
1030 4958 1121 5013 Vens.
1140 4960 1181 5012 ta.
1193 4986 1229 4999 -
1244 4979 1255 5007 ‹
1273 4958 1344 5012 Luat
1358 4973 1422 5029 quae
1436 4958 1502 5013 lecit
1528 4959 1636 5014 omnia.
1656 4981 1667 5010 ι
1699 4962 1839 5018 Persolvat

95 5051 224 5116 potuum.
994 5046 1072 5100 anim
1086 5046 1116 5100 in
1125 5050 1267 5100 tormento
1288 5062 1321 5100 ea
1340 5062 1405 5117 quae
1423 5046 1471 5101 hic
1482 5046 1581 5103 illicita
1595 5050 1720 5105 serravit
1734 5050 1838 5108 deside·

131 5137 209 5189 Vens.
226 5137 251 5189 6.
277 5163 312 5174 -
340 5155 351 5183 ‹
381 5132 409 5189 Si
436 5133 604 5201 ascenderit,
622 5156 632 5182 ι
658 5133 686 5189 id
714 5139 766 5202 est,
788 5135 841 5189 etsi
857 5134 940 5189 ccele-
995 5135 1047 5204 ria,
1063 5151 1115 5190 nec
1128 5134 1158 5188 iu
1174 5139 1267 5189 morte
1284 5138 1477 5201 consumetur,
1494 5135 1543 5190 sed
1566 5140 1600 5191 ut
1626 5135 1764 5194 sinalinc
1784 5154 1838 5194 cra

93 5227 165 5277 stem
183 5222 271 5277 vitam
287 5237 316 5276 se
331 5237 415 5291 agere
430 5223 556 5286 simulat,
572 5222 625 5277 etsi
651 5223 832 5278 intellectum
855 5239 938 5278 suum
993 5224 1093 5290 cietur,
1110 5224 1203 5277 vivere
1220 5223 1281 5277 sine
1296 5223 1353 5277 tine
1372 5222 1564 5294 compellitur,
1581 5228 1616 5279 nt
1628 5226 1713 5297 cajus
1726 5228 1784 5283 rita
1798 5226 1837 5282 hic

93 5311 216 5365 similem
244 5311 317 5365 veris
337 5310 572 5381 praedicatoribus
598 5314 732 5377 ostentat,
758 5311 839 5382 quasi
869 5315 938 5365 ster·
994 5312 1172 5368 mortuafait
1187 5312 1324 5383 inculpa,
1340 5311 1400 5366 illic
1425 5311 1580 5383 ejusmors
1602 5313 1682 5370 vivat
1704 5315 1835 5389 inperia

91 5399 245 5470 quiliniuan
260 5398 399 5453 tamenin
420 5399 477 5452 fine
500 5399 644 5468 perdetur,
663 5399 732 5469 quia
760 5415 841 5453 mens
861 5398 939 5454 illius
994 5402 1072 5456 Dicat
1086 5417 1164 5472 ergo,
1183 5424 1193 5450 a
1210 5402 1270 5455 luet
1285 5416 1349 5471 quse
1364 5399 1431 5455 lecit
1445 5398 1553 5465 omnia,
1572 5422 1584 5448 ι
1602 5407 1768 5460 nectamen
1781 5419 1837 5459 con·

90 5504 143 5558 pro
159 5488 293 5541 vitiorum
306 5503 423 5541 suorum
439 5488 537 5541 loetore
553 5487 746 5542 damnabitur.
991 5492 1132 5557 sumetur,
1144 5488 1210 5560 quia
1222 5488 1364 5544 cruciatur
1393 5493 1422 5543 et
1444 5503 1503 5542 non
1526 5482 1741 5562 exstinguitur:
1758 5490 1836 5547 mori·
