3892 6106
82 272 137 326 869
661 267 789 323 (11.088Ᾱ
807 266 1008 323 ortulanum.
1031 295 1063 307 ·-
1084 267 1152 323 tiu.
1177 267 1299 323 estad.
1790 270 1845 329 sto

80 392 200 448 nuando
215 408 279 447 eum
295 390 474 462 praecedente
492 405 586 455 versu,
611 394 678 455 etc,
693 405 778 460 usque
803 390 840 445 ad
854 396 882 446 ct
896 390 934 445 si·
953 391 1067 460 Atium,
1081 396 1179 446 eontra
1196 391 1353 446 diabolum.
1381 392 1415 447 Ut
1429 407 1535 447 arcum.
1564 400 1629 462 etc,
1655 395 1843 455 similitudine

77 487 126 536 cut
140 481 225 551 coepri,
242 497 285 534 ero
300 481 501 540 immaculatus,
526 478 601 532 unde
619 477 648 531 in
671 478 766 532 luluro
782 479 934 533 retribuet.
992 480 1113 552 reiquae
1127 497 1185 534 non
1201 487 1253 546 cst,
1265 481 1293 534 id
1310 486 1362 544 est,
1380 481 1605 537 irremissibilem
1629 484 1840 544 fortitudinem.

115 571 200 625 vaae.
223 573 267 625 et.
295 599 327 608 -
349 570 469 633 Cumeo,
495 566 522 620 ei
543 567 701 621 adhaerens.
730 568 934 623 Etobseroabo‘
991 570 1117 624 Brachia.
1135 569 1239 625 Christi
1249 570 1409 640 prophetae,
1425 577 1453 624 et
1467 573 1601 641 apostoli,
1612 589 1665 644 per
1679 590 1752 645 qnos
1764 591 1838 647 ope-

77 675 115 714 ue
142 660 248 712 iterum
274 657 385 712 cadam.
416 656 457 711 ab
488 655 650 726 iniquitate,
680 671 745 726 que
787 661 830 711 est
857 672 936 711 mors
990 660 1246 730 ralurzquiarcus
1271 674 1373 725 tereus,
1402 661 1469 730 quia
1485 661 1668 730 predicando
1691 679 1749 719 nou
1772 667 1843 721 mol·

80 746 171 801 beati.
990 747 1112 816 laedunt,
1125 747 1185 816 sed,
1202 763 1317 818 semper
1331 748 1430 815 fortes,
1447 749 1534 802 verba
1551 750 1649 804 salutis
1662 751 1840 821 jaculantur.

116 836 260 891 Veneti.
287 837 370 890 -Et
393 834 532 888 retribuet.
560 832 662 901 (Cass.)
687 832 846 904 Dupliciter
862 835 937 888 Deris
1027 837 1107 891 Vens.
1137 839 1182 891 36.
1206 865 1243 878 -·
1263 838 1457 891 Protectioaem
1482 836 1595 892 salutis.
1632 839 1693 893 Non
1719 845 1750 894 ut
1768 842 1841 895 nibil

79 924 234 978 retribuit:
252 922 505 993 bicinpraesenti,
534 926 567 975 ut
586 921 682 991 justus
706 920 892 991 justificetur,
909 926 937 977 et
988 924 1090 995 patiar,
1108 923 1356 996 quodtameuest
1374 924 1409 979 ad
1432 926 1604 995 proiectum.
1628 927 1844 984 Tribulatioest

78 1011 176 1083 quiin
191 1010 323 1065 sordibus
344 1014 397 1073 est,
424 1010 568 1063 sordescat
595 1008 698 1077 adbuc,
728 1008 805 1064 unde
833 1008 936 1064 bicdi·
988 1013 1136 1079 correctio,
1153 1018 1182 1068 et
1196 1013 1335 1079 doctrina,
1351 1019 1380 1067 el
1395 1013 1534 1069 dilatatio.
1552 1020 1581 1069 et
1596 1015 1787 1072 confirmatio.

79 1102 120 1154 cit
133 1102 320 1156 :Gumsaurto
337 1104 459 1164 sanctus,
485 1103 552 1163 etc,
568 1101 596 1152 ct
622 1097 757 1152 intraturo
783 1098 935 1168 praemium
1025 1103 1106 1157 Vans.
1121 1105 1165 1157 37.
1181 1133 1216 1143 -
1240 1104 1487 1170 violantibus.)
1504 1104 1543 1158 Ne
1565 1104 1726 1174 impediant
1738 1121 1843 1160 carna·

77 1189 176 1253 bonis,
193 1192 222 1241 el
238 1203 351 1258 poenam
368 1187 461 1251 malis,
477 1186 552 1240 unde
569 1184 610 1239 ibi
625 1201 632 1239 :
647 1185 781 1252 Quoniam
803 1191 832 1240 tu
844 1201 936 1256 popu·
987 1192 1029 1246 les
1043 1191 1194 1262 augustia,
1210 1192 1278 1262 quia
1302 1191 1388 1245 latam
1405 1191 1497 1246 iecisti
1516 1193 1685 1248 charitatem
1712 1194 1843 1249 hilariter

78 1278 138 1332 lum
153 1277 290 1338 bumalem,
307 1281 372 1343 etc,
389 1274 482 1346 quasi,
498 1274 538 1328 ita
561 1274 626 1329 bic:
655 1273 724 1345 qnia
746 1274 776 1328 in
793 1274 891 1329 laturo
907 1279 937 1329 tu
988 1286 1166 1352 operantem,
1183 1280 1271 1334 etiam
1285 1281 1320 1335 de
1344 1280 1388 1334 bis
1408 1296 1473 1352 quae
1499 1287 1566 1336 sunt
1585 1281 1639 1336 sub
1664 1298 1720 1351 me,
1736 1283 1843 1338 scilicet

74 1367 213 1436 poputum
228 1365 354 1419 humilem
369 1366 475 1419 sulcum
488 1365 583 1431 lacus.
988 1369 1024 1423 de
1036 1367 1203 1422 mortalibus
1217 1369 1304 1422 rebus
1318 1373 1347 1422 et
1361 1368 1508 1423 membris.

116 1453 212 1525 (Aac.)
229 1455 260 1508 Et
275 1454 399 1507 tribuet:
412 1454 473 1522 jam
498 1468 554 1507 non
584 1453 678 1507 solum
705 1457 826 1523 propter
840 1452 933 1506 latitu-
1022 1457 1102 1510 Vnus.
1119 1458 1162 1510 38.
1184 1483 1220 1498 -
1240 1457 1398 1524 Persequar.
1424 1456 1523 1527 (Cass.)
1551 1458 1716 1529 brgnendo,
1749 1459 1845 1515 diver·

78 1543 181 1598 dinem
197 1542 265 1597 lidei
281 1558 345 1612 quae
361 1542 608 1611 perdilectionem
633 1546 780 1611 operatur,
799 1541 849 1595 sed
868 1557 934 1611 pro·
988 1543 1028 1598 sis
1042 1544 1246 1598 afflictionibus
1260 1545 1418 1616 fatigando.

77 1637 146 1704 pter
162 1631 413 1700 longanimitatem
442 1630 676 1684 retribnelmibi.
709 1630 745 1683 In
773 1634 932 1698 cmupectu:
1023 1633 1218 1692 Vanaib-
1244 1635 1280 1687 El
1306 1636 1493 1688 comminuam.
1521 1635 1615 1703 (Aac.)
1645 1636 1713 1690 Ecce
1741 1636 1842 1692 eadem

78 1721 137 1775 boc
149 1719 235 1790 justis
249 1719 392 1780 convenit.
422 1722 453 1771 ut
467 1718 539 1771 sicrrt
563 1718 604 1772 illi
629 1718 719 1773 Derim
740 1733 853 1787 semper
867 1732 935 1772 con·
990 1721 1118 1791 operatio
1132 1721 1224 1776 Patris
1242 1726 1271 1776 et
1286 1722 1358 1776 Filii.
1376 1722 1467 1793 Supra
1493 1722 1534 1777 ait
1549 1725 1777 1794 :Disperdidisti,
1792 1727 1843 1781 Pu·

78 1813 212 1874 tuentur,
229 1808 268 1859 ita
285 1809 359 1861 Deus
374 1823 421 1863 eos
432 1806 541 1877 jugiter
555 1805 698 1876 respiciat.
989 1808 1040 1874 ter,
1056 1813 1083 1864 et
1105 1810 1165 1879 jam
1194 1811 1234 1864 ait
1256 1811 1460 1874 comminuam,
1478 1811 1506 1865 id
1533 1817 1584 1877 est,
1601 1811 1729 1867 auferam
1750 1813 1844 1868 virtu·

119 1897 202 1951 Vens.
217 1898 262 1950 ta.
277 1924 312 1935 -
331 1896 396 1952 Cum
420 1887 525 1949 'sarecto
540 1893 641 1963 (Cass.)
674 1893 798 1959 Dixerat,
816 1891 935 1947 retribui
991 1903 1045 1958 tes,
1061 1904 1091 1952 ut
1107 1902 1172 1968 post
1185 1899 1286 1953 cedant
1301 1901 1380 1954 omni
1394 1905 1478 1955 vento
1494 1900 1639 1956 doctrina.

81 1985 244 2040 secundum
259 1983 412 2054 justitiam,
436 1989 606 2051 etc.,usque
629 1981 667 2036 ad
681 1981 748 2053 quia
768 1987 797 2036 tu
813 1983 933 2046 Domine,
1024 1987 1107 2041 Vsus.
1137 1988 1315 2057 iincipies.
1345 1987 1445 2059 (Cass.)
1464 1990 1502 2043 lle
1526 1989 1583 2043 illis
1607 1990 1668 2044 ira:
1698 1989 1754 2044 sat
1790 1993 1844 2046 eri·

76 2074 214 2144 populum
241 2073 368 2126 humilem
390 2072 495 2126 saluum
521 2074 616 2138 [acics.
648 2071 784 2125 Elocutus
812 2071 938 2140 superbe
987 2076 1047 2146 pies
1080 2090 1132 2141 me,
1161 2074 1307 2146 depressio
1345 2076 1520 2139 iudaeorum,
1551 2080 1580 2130 et
1608 2077 1741 2131 exaltatio
1771 2093 1843 2155 gen·

78 2179 144 2217 rum
157 2161 326 2215 humiliabis.
994 2163 1077 2218 tium.

118 2250 270 2319 (Annibal
298 2250 383 2303 etiam
414 2248 523 2302 occulta
548 2246 736 2318 profunditas,
760 2243 936 2318 quaintelli·
1025 2252 1305 2306 Venedi-Filii.
1327 2251 1418 2306 Judaei
1441 2251 1745 2322 quosenutriri,iacti
1771 2254 1842 2308 alie·

76 2341 159 2412 geris
173 2355 239 2393 carm
256 2342 352 2391 sancta
370 2343 495 2403 sanctus,
512 2336 580 2407 quia
599 2341 630 2390 tn
650 2335 819 2390 sanctificas.
990 2339 1021 2394 ni
1036 2356 1042 2394 :
1057 2342 1164 2395 blentiti
1175 2344 1239 2394 sunt
1251 2340 1326 2408 mibi,
1342 2340 1377 2394 ad
1396 2340 1536 2394 bonorem
1564 2355 1670 2395 mcum.
1697 2343 1846 2396 inveterati

116 2429 252 2495 Quonim
277 2427 467 2480 luiiiumillssi·
494 2425 572 2490 00οἆ
593 2424 751 2479 enuntiavit
779 2424 814 2479 de
840 2422 938 2478 electis
990 2433 1093 2484 suntet
1116 2428 1337 2483 claudicaverunt
1352 2445 1370 2482 a
1396 2427 1500 2484 semitis
1528 2431 1598 2498 suis,
1622 2433 1775 2500 sequentes
1788 2447 1845 2502 po-

78 2520 110 2571 et
126 2514 320 2578 sanctificatis,
336 2519 398 2567 orat
412 2529 489 2568 nllnc
504 2513 539 2567 de
554 2513 626 2567 aliis.
990 2515 1047 2572 tius
1060 2532 1125 2594 suas
1136 2509 1304 2573 traditiones
1320 2533 1406 2588 quam
1433 2518 1493 2571 Dei.

119 2607 203 2659 Vnus.
226 2607 273 2657 29.
293 2634 325 2643 -
354 2605 512 2658 Lucernam.
537 2600 629 2672 (lbid.)
653 2602 781 2656 Frrerunt
803 2599 938 2672 praedica·
1025 2607 1112 2661 Vens.
1142 2607 1186 2660 47.
1221 2636 1254 2646 -
1284 2608 1369 2662 Viuit.
1396 2605 1495 2676 (ibid.)
1511 2605 1616 2671 Quarto
1638 2607 1782 2661 exsultans
1796 2607 1846 2661 Ec·

79 2693 215 2757 tores,in
235 2692 339 2764 quibus
368 2691 426 2759 lux,
442 2691 469 2745 id
497 2695 549 2757 est,
572 2690 698 2761 cognitio
725 2689 937 2760 veritatisque
991 2694 1077 2748 clesia
1093 2694 1258 2749 summatim
1272 2710 1393 2749 munera
1407 2695 1457 2749 Dei
1478 2695 1586 2749 laudat.
1610 2696 1661 2749 Vel
1682 2696 1846 2766 uiuit,quia

82 2782 320 2837 illuminaverunt
360 2780 443 2844 alios,
470 2780 568 2834 trude:
605 2779 741 2834 Habemus
780 2779 937 2832 thesaurum
990 2782 1121 2837 viviticat.
1136 2782 1310 2850 baledictus,
1327 2783 1395 2854 quia
1423 2782 1520 2838 omnia
1536 2783 1688 2838 benedicit.
1718 2784 1845 2840 Eteocl-

85 2870 169 2922 istum
192 2869 221 2922 in
241 2870 315 2922 uasis
339 2869 478 2937 fictilibus.
508 2867 650 2922 Tenebras.
680 2866 774 2938 (anci
799 2881 858 2932 00⁸,
887 2863 937 2936 qui
991 2874 1063 2925 tetur
1077 2873 1146 2926 Deus
1158 2872 1267 2927 solutis.
1297 2870 1390 2941 (Aac.)
1416 2871 1476 2925 Non
1506 2875 1619 2926 terreno
1638 2887 1718 2926 more
1741 2872 1846 2927 debeo

83 2955 181 3010 adbuc
191 2960 257 3010 sunt
276 2956 306 3010 in
331 2955 465 3011 tenebris.
480 2957 562 3012 Meas.
584 2954 848 3011 Praedestinalione.
956 2958 1094 3018 csalutis
1109 2975 1182 3014 meae
1196 2958 1327 3026 seutiam,
1348 2975 1400 3014 nec
1423 2959 1515 3031 ipsam
1544 2961 1665 3015 salutem
1688 2964 1845 3025 terrenam,

120 3050 202 3105 Vsus.
220 3052 423 3107 iti—labeo
443 3067 508 3107 meo.
538 3051 729 3122 (cassinens
753 3050 831 3105 enim
847 3063 937 3116 meus,
994 3048 1042 3102 sed
1059 3048 1089 3102 in
1104 3048 1214 3103 excelso
1230 3048 1265 3102 de
1278 3047 1329 3102 illo
1344 3048 1474 3119 sperabo.

83 3144 127 3194 est
143 3139 198 3206 via,
214 3155 270 3210 qua
284 3139 343 3194 ilar
358 3141 392 3194 ad
408 3141 522 3207 coslum,
552 3140 713 3211 impolluta.
733 3137 856 3206 Vel,via
882 3153 940 3209 qua
1029 3134 1395 3190 icas.ls.-vtadsuas.
1422 3135 1525 3207 (Cass.)
1551 3136 1600 3191 Pia
1623 3136 1843 3203 vindicta,dum

81 3228 164 3283 renit
192 3228 222 3282 in
253 3228 394 3283 muudum
422 3233 561 3283 sanctaet
588 3227 773 3282 immaculata
796 3226 890 3296 Virgo.
907 3225 940 3280 Et
994 3223 1107 3279 rebellis
1134 3224 1274 3279 subditur.
1304 3224 1456 3280 iracundis.
1488 3225 1577 3296 llaJ'or
1605 3225 1696 3296 gloria
1726 3230 1768 3280 est
1787 3226 1844 3280 ler-

81 3316 227 3389 quidquid
251 3317 322 3371 dixit
347 3317 455 3388 Spiritu
482 3320 578 3371 sancto
605 3316 801 3371 examinatum
834 3318 888 3381 est,
910 3312 938 3369 ia
992 3312 1124 3368 ventibus
1138 3312 1223 3368 malis
1235 3312 1366 3367 liberare.

80 3410 134 3470 est,
153 3405 224 3459 utile
241 3411 270 3459 el
293 3405 463 3460 honestum:
486 3410 517 3459 ut
538 3403 663 3474 sapiens,
692 3401 833 3475 quidquid
858 3400 937 3468 dicit,
1029 3401 1108 3457 Vens.
1125 3403 1218 3456 5l.-
1246 3402 1430 3472 Muqaipcans
1453 3403 1562 3458 salutes.
1593 3403 1668 3458 Deus
1694 3402 1744 3475 qui
1762 3417 1843 3474 mag·

84 3495 167 3567 prius
192 3493 266 3564 apud
296 3510 325 3548 se
352 3493 499 3564 dijudicat.
524 3491 739 3558 transumatur.
773 3488 868 3560 (laid.)
892 3490 938 3543 tli-
994 3490 1109 3545 nificat:
1128 3490 1253 3558 Faciens,
1275 3491 1350 3546 Deus
1365 3491 1414 3564 qai
1430 3490 1507 3547 iacit.

83 3598 167 3638 ruere
184 3599 242 3636 non
257 3582 373 3653 penitus
389 3586 483 3651 polest
506 3580 606 3646 trumo,
635 3578 683 3632 sed
699 3593 754 3649 ope
770 3576 820 3632 liei
835 3577 939 3631 transit
1313 3631 1470 3688 mmm
1485 3633 1568 3688 XVIII

85 3687 202 3727 murum
218 3670 394 3725 obstaculum
416 3674 606 3740 peccatorum.
1336 3670 1343 3684 ¹
1572 3675 1578 3687 ·

120 3761 203 3815 Vens.
229 3762 277 3815 31.
308 3788 343 3799 -
365 3761 431 3813 Deus
456 3772 540 3813 meus.
570 3755 662 3824 (laid.)
687 3755 720 3809 Et
746 3753 939 3809 continuando
1030 3755 1110 3809 linas.
1129 3754 1251 3808 l.-ia
1277 3755 1367 3821 paen.
1382 3752 1483 3823 (Cass.)
1498 3752 1625 3808 l‘salmas
1639 3752 1673 3808 de
1687 3754 1782 3824 primo
1798 3754 1847 3810 ad·

83 3848 239 3920 sequitur:
266 3847 380 3915 Eripies
404 3860 445 3899 me
473 3844 507 3899 eie
535 3842 796 3898 contradictionibus
832 3842 937 3910 popelli.
993 3843 1181 3907 ceolmundo
1212 3845 1351 3912 tyrannus
1380 3840 1464 3907 cadit,
1493 3839 1581 3894 bomo
1611 3840 1781 3907 absolsilur,
1799 3843 1846 3897 bic

85 3938 197 3994 Cetera
227 3934 386 4006 interponit
409 3934 445 3988 ad
487 3931 774 3986 commendationem.
802 3930 936 3998 {Eloquia
992 3927 1846 4002 proplrotarespicitinlinem,idesthristunr,relinul·

85 4026 154 4098 igne
169 4022 390 4079 examinationis
405 4021 574 4093 probantur.
594 4019 731 4075 Omnium.
758 4016 853 4089 (leid.)
871 4016 938 4070 Nul·
993 4018 1065 4073 tima
1078 4023 1219 4087 tempora.

86 4131 121 4170 us
137 4112 293 4183 excipitur,
308 4109 362 4164 nisi
378 4110 429 4181 qui
444 4124 558 4179 sperare
571 4123 630 4162 non
645 4106 715 4160 vult.
1028 4106 1108 4162 Vens.
1126 4109 1155 4160 2.
1184 4133 1220 4146 -
1247 4104 1311 4161 coli·
1325 4108 1456 4159 enarrant
1471 4103 1564 4175 (ibid)
1594 4104 1701 4172 Primo,
1724 4105 1846 4176 loquens

122 4204 207 4256 Vens.
234 4203 278 4255 82.
296 4229 333 4240 -
363 4200 495 4263 Quoniam
531 4199 601 4266 quis.
632 4194 724 4267 (lita.)
752 4196 826 4249 Deus
851 4193 938 4248 dico:
994 4195 1030 4249 de
1052 4192 1258 4262 incarnatione,
1283 4193 1465 4248 commendat
1501 4192 1732 4265 praedicationem
1766 4209 1847 4248 novae

86 4291 158 4363 quia
172 4288 239 4361 quis
250 4293 293 4342 est
309 4286 382 4341 alius
402 4287 486 4350 Deus,
503 4285 558 4339 nisi
573 4282 624 4356 qui
652 4288 680 4337 el
695 4283 833 4337 Dominus
847 4281 877 4336 in
893 4297 940 4337 re·
993 4281 1075 4353 legis.
1093 4281 1277 4351 (duciculi,
1306 4281 1489 4352 apostoli,de
1512 4281 1605 4353 gloria
1619 4280 1723 4336 Christi
1743 4281 1773 4335 in
1790 4297 1847 4352 qna

85 4380 144 4435 bus
164 4378 231 4432 est?
251 4377 284 4431 Et
301 4374 404 4445 qniain
421 4374 520 4428 Judua
544 4377 629 4427 notus
654 4386 713 4425 non
734 4370 772 4425 dii
790 4370 940 4441 gentium
994 4370 1226 4443 Patrisaequalis.
1255 4370 1354 4442 (Cass.)
1369 4370 1418 4424 Vel
1447 4371 1521 4436 coeli,
1549 4370 1601 4442 qni
1624 4370 1736 4425 stellam
1760 4369 1846 4424 mise·

84 4459 793 4534 baeccontrapaganos,quimultossibitingunl.
993 4464 1071 4515 runt.
1099 4459 1237 4515 Gloriam.
1271 4458 1384 4531 (loidiz
1406 4459 1486 4524 Quod
1527 4458 1705 4529 llerrsgratis
1731 4463 1845 4530 peccata

121 4556 207 4609 Vens.
225 4555 401 4608 ³3.-mas
420 4555 468 4619 qui
493 4549 589 4618 (ibid.)
618 4549 717 4603 lldbuc
741 4552 941 4619 praetorcom·
993 4548 1128 4604 dimittat.
1157 4549 1245 4618 Opera
1272 4547 1367 4619 (boa.)
1397 4548 1466 4614 Quae
1493 4548 1650 4603 secundum
1678 4547 1839 4612 hominem,

84 4644 199 4705 munia,
225 4641 407 4695 commendat
433 4655 486 4710 per
511 4638 654 4709 specialia,
682 4638 750 4708 quil
769 4635 940 4690 terlioCbri·
994 4640 1158 4706 etc.,usque
1180 4635 1218 4690 ad
1240 4641 1269 4690 et
1292 4635 1347 4707 ipsi
1373 4636 1468 4707 eidem
1494 4635 1558 4690 lacti
1589 4652 1656 4699 nox,
1685 4636 1846 4691 tenebrosis

85 4729 202 4786 stusde
223 4730 369 4783 virtateet
392 4726 519 4799 potentia
544 4742 594 4780 sua
618 4725 847 4780 commendatur.
864 4726 940 4780 Prae-
994 4723 1427 4795 scientiamquoedehumanis.
1446 4723 1544 4794 (Cass.)
1573 4725 1604 4778 Et
1629 4724 1750 4779 boclam
1767 4723 1848 4778 miri·

85 4821 187 4876 cinait.
202 4817 296 4886 litia.)
322 4817 352 4872 ld
378 4820 431 4883 cst,
461 4815 644 4887 perarmavit.
655 4815 708 4869 Vel*
719 4831 737 4868 a
751 4812 940 4867 similitudine
994 4812 1056 4880 lice,
1072 4813 1148 4884 quod
1164 4812 1193 4867 in
1208 4813 1342 4867 omnibus
1357 4812 1463 4883 linguis
1479 4828 1486 4867 :
1502 4817 1531 4868 et
1554 4817 1614 4867 tam
1639 4812 1706 4881 late,
1721 4811 1799 4883 quod
1815 4812 1845 4866 in

85 4907 310 4973 erimantiuvel,
322 4905 491 4974 dignitatem
501 4908 619 4958 notatet
638 4902 848 4967 fortitudinem,
862 4901 939 4972 quod
994 4901 1074 4957 omni
1087 4906 1168 4972 parte
1182 4901 1308 4956 ambitus
1322 4905 1405 4956 terra

85 4995 275 5059 eiconvenit,
292 4993 341 5065 qni
358 4997 556 5063 potestatesua
574 4990 879 5062 judicabitpopulum,
896 4989 940 5045 rel
1030 4990 1108 5045 Vens.
1130 4992 1155 5044 3.
1173 4991 1284 5045 -Dies
1308 4989 1373 5044 diei.
1403 4988 1505 5060 (Cass.)
1532 4988 1847 5060 Demonstrativeagit.

86 5084 243 5140 mundum.
260 5084 476 5146 immaculatam,
492 5080 553 5134 siue
573 5085 699 5151 peccato.
725 5079 831 5134 Cervus
844 5078 940 5150 spinas
995 5078 1162 5150 (nonlbtes
1187 5077 1252 5131 diei.
1283 5077 1406 5147 Spiritus
1434 5075 1630 5147 spiritualibus
1656 5077 1848 5147 prolertple·

85 5181 118 5230 et
133 5174 245 5228 hiantia
259 5174 321 5227 loca
336 5172 468 5237 transilit,
485 5171 524 5225 sic
546 5170 674 5226 Christus
693 5169 789 5240 spinas
805 5173 834 5224 ot
847 5169 941 5224 loreas
995 5166 1156 5220 nitudinem
1184 5165 1342 5236 sapientiae,
1369 5169 1435 5234 ele,
1463 5164 1600 5235 usquead
1624 5164 1686 5220 haec
1715 5164 1847 5221 doctriua

86 5266 276 5337 peccatorum
290 5278 296 5315 ε
309 5267 337 5315 et
356 5260 428 5315 sicut
455 5275 555 5313 cerrus
580 5260 646 5327 alta,
661 5258 700 5312 ita
716 5257 844 5314 Christus
856 5273 942 5329 super
995 5255 1096 5312 diebus
1112 5260 1140 5310 et
1158 5254 1287 5309 noctibus
1299 5253 1484 5308 continuatur
1497 5269 1588 5325 usqne
1605 5254 1639 5308 ad
1656 5258 1793 5325 posteros.

87 5365 195 5406 omnes
208 5353 353 5403 creaturas
366 5346 541 5402 conscendit.
1031 5347 1117 5402 Vens.
1148 5346 1227 5400 4,..
1249 5345 1379 5413 boquelae.
1409 5342 1511 5414 (Cass.)
1540 5343 1664 5398 Publicae
1689 5344 1848 5400 suasiones.

125 5444 212 5496 Vens.
232 5443 323 5495 35.-
345 5440 402 5506 Qui
416 5439 509 5493 docet:
526 5438 561 5492 ab
590 5435 810 5492 imminentibus
828 5434 942 5491 insidiis
996 5435 1143 5492 Sermones.
1158 5433 1332 5488 Communes
1346 5431 1538 5486 narrationes.
1557 5431 1678 5498 Quorum
1702 5447 1765 5488 non.
1782 5434 1850 5488 Pla-

87 5529 305 5590 cautumlacio.
324 5530 431 5594 bauria,
449 5542 536 5599 opem
552 5526 594 5581 rel
610 5526 779 5582 voluntates.
810 5524 942 5596 Adpra·
996 5522 1062 5578 nina
1078 5520 1194 5587 diceret,
1211 5518 1242 5575 in
1272 5520 1378 5592 quibus
1400 5535 1459 5576 nan
1486 5518 1849 5578 audianturroccseorum
