3892 6106
56 267 103 320 2ιό
623 265 751 322 nlossn
769 263 972 322 oneratura.
993 293 1027 303 -
1047 264 1111 318 tle.
1132 262 1233 318 EXOD.
1752 261 1809 320 Did

55 386 190 456 spondit:
208 385 326 453 Audiui,
342 388 467 452 Durniue,
482 399 570 441 noenu
586 389 672 452 tuum,
685 389 711 440 ct
723 383 912 447 abscondime,
928 383 1131 456 Aquagenarii
1151 383 1201 455 qni
1223 386 1354 453 presunt
1376 381 1535 436 minoribus
1553 381 1677 453 judiciis,
1692 396 1757 453 qum
1772 383 1809 437 ad

56 477 119 543 puin
132 488 210 527 erum
226 472 317 527 nudus
334 472 414 542 (Gen.
436 472 487 544 ιιι).
514 472 581 528 Cain
605 471 693 527 exivit
720 488 738 527 a
760 472 830 527 facie
856 472 909 525 Do·
964 473 1092 542 singulos
1103 471 1251 542 pertinent
1262 470 1442 526 dirimentes.
1463 470 1555 535 Quem
1573 469 1696 541 liguram
1721 470 1809 525 etiam

56 561 135 627 nini,
153 561 226 632 quia
240 559 381 633 indiguus
395 566 457 616 erat
469 566 626 632 conspectu
641 560 766 616 Domini.
782 561 910 630 Propter·
964 559 994 614 in
1008 559 1104 614 laturo
1119 559 1222 614 saeculo
1237 560 1405 614 servandam
1420 564 1500 630 puto.
1516 558 1597 614 Unde
1616 559 1712 615 llatth.
1737 575 1783 613 xix
1800 575 1807 613 :

57 667 86 705 ea
98 649 153 720 qui
170 649 335 720 pleniorem
347 648 496 704 scientiam
512 649 563 704 Dei
585 648 738 718 accipiunt,
754 647 778 702 si
800 648 910 702 malum
965 649 1030 705 cum
1045 648 1146 703 sederit
1167 650 1240 718 ptius
1265 650 1379 703 bominis
1403 663 1484 716 super
1504 649 1629 702 thronum
1657 648 1809 717 majestatis

59 737 176 799 iaciunt,
193 752 291 792 coram
308 738 368 792 Deo
382 737 497 792 iaciunt.
525 737 604 795 Unde
628 738 699 808 psal.
717 751 747 791 1:
774 737 836 791 Tibi
859 735 911 791 soti
963 751 1028 800 sue,
1049 736 1175 791 sedebitis
1191 740 1217 791 et
1229 750 1275 791 vos
1288 751 1369 807 super
1383 735 1458 790 sedes
1472 735 1622 802 duodecim,
1649 741 1701 790 ete.
1726 735 1809 790 Vides

58 828 177 894 peccaei,
194 830 248 880 etc.
264 825 318 891 Qui
337 825 445 881 malurn
469 841 564 881 coram
589 826 646 880 Deo
673 824 748 890 iacit,
774 823 910 880 continuo
965 839 1033 895 ergo
1057 824 1207 896 quianon
1230 825 1323 879 solum
1348 824 1486 879 Dominus
1503 823 1624 894 judicat,
1650 824 1697 879 cui
1722 839 1808 879 omne

57 914 190 984 paenitet,
207 917 237 969 et
248 913 327 981 dicit,
349 916 469 970 Perenni.
499 914 553 979 Qui
573 913 694 968 discedit
717 930 733 967 a
756 915 910 984 conspeetu
961 912 1103 983 judicium
1117 912 1195 967 dedit
1208 913 1389 982 aasumensi.
1406 919 1442 975 v).
1458 912 1506 966 sed
1530 911 1678 967 constituit
1700 912 1806 983 princi-

60 1001 117 1067 Dei,
152 999 248 1056 nescit
268 1002 395 1057 converti
416 1006 444 1056 et
470 1005 619 1072 peccatum
648 1000 812 1072 poenitendo
842 1015 910 1070 pnr-
964 1017 1015 1072 pos
1030 1000 1079 1072 qui
1091 1000 1222 1070 judicent
1237 1001 1271 1056 dc
1284 999 1697 1068 minoribuscensis3verbnm
1712 1004 1808 1056 antem

59 1105 135 1160 gare.
154 1091 217 1144 lloe
233 1105 300 1162 ergo
314 1089 433 1145 interest
449 1089 646 1146 intermalum
669 1104 764 1144 eoram
787 1089 844 1142 Deo
868 1087 910 1141 la·
964 1089 1041 1162 quod
1055 1089 1170 1159 gravius
1192 1089 1288 1154 fuerit,
1315 1089 1438 1143 referant
1460 1089 1493 1142 ed
1519 1088 1624 1158 ipsum.
1648 1088 1714 1143 ldeo
1740 1087 1810 1144 dicit

61 1194 132 1245 cere,
149 1182 179 1232 et
193 1195 210 1231 a
227 1183 381 1250 conspectu
400 1179 450 1234 Dei
464 1178 618 1234 discedere.
965 1178 1102 1233 Dominus
1115 1179 1149 1233 de
1166 1178 1300 1250 quodam,
1316 1178 1414 1233 llatth.
1430 1193 1469 1231 v:
1503 1177 1573 1243 Ouio
1588 1190 1648 1231 reue
1670 1177 1723 1232 erit
1745 1191 1807 1232 oeu-

92 1265 197 1336 (Onro.)
216 1269 280 1322 Non
305 1267 411 1323 frustra
429 1267 507 1322 venit
529 1267 627 1322 Jethro
649 1266 684 1321 ed
708 1266 833 1337 lloysen,
858 1277 911 1318 nec
964 1269 1042 1334 cilii,·
1056 1267 1092 1322 de
1105 1266 1161 1322 elio
1177 1272 1284 1333 eutem,
1310 1267 1407 1322 llatth.
1431 1282 1491 1321 ιιιι
1517 1267 1586 1321 ιιοιι
1609 1267 1662 1319 erit
1683 1265 1809 1330 peberruae

62 1353 164 1409 irustra
178 1355 365 1411 manducavit
377 1372 481 1426 panem
493 1370 560 1411 eum
574 1355 734 1410 senioribus
757 1352 857 1425 populi
879 1351 911 1407 ιιι
965 1358 1047 1425 ignis.
1061 1355 1158 1411 Sedet
1173 1355 1208 1411 de
1223 1356 1303 1410 omui
1319 1359 1405 1413 verbo
1421 1357 1512 1413 otioso
1532 1354 1665 1412 dicuntur
1687 1352 1808 1407 reddere

62 1449 218 1513 0011899οω
232 1443 360 1510 ὓθίιᾱιιι
368 1444 456 1516 140)ιὶ
466 1443 618 1499 consilium
628 1441 777 1515 probabile
790 1446 818 1496 ei
828 1439 909 1507 utile,
963 1445 1116 1501 rationem.
1134 1446 1165 1498 Et
1179 1444 1243 1499 ideo
1266 1459 1325 1499 non
1347 1441 1418 1500 dixit
1440 1441 1508 1513 quia
1527 1442 1584 1496 Deo
1608 1440 1808 1513 prestabimus

62 1534 87 1584 nt
99 1530 194 1601 eligat
209 1531 297 1602 viros,
312 1535 342 1588 et
355 1531 508 1587 constituat
525 1531 670 1603 principes
693 1529 795 1602 populi
818 1529 910 1584 Deum
964 1533 1114 1600 radonem,
1134 1532 1207 1587 sicut
1232 1532 1267 1587 de
1293 1531 1429 1604 perjurio.
1455 1531 1559 1587 lteddcc
1578 1534 1668 1585 autem
1690 1529 1807 1583 Domino

61 1618 194 1686 colentes,
211 1624 344 1692 potentes
358 1625 386 1676 et
400 1620 528 1676 odientes
541 1618 719 1692 superbiam.
735 1618 816 1674 Tales
830 1616 943 1718 enimB
960 1623 1120 1691 juramenta
1142 1625 1199 1675 tua.
1228 1620 1325 1676 ldetth.
1358 1637 1419 1675 xu:
1448 1623 1552 1688 ltcpino
1578 1633 1692 1690 qnoque
1720 1619 1810 1671 austri

62 1712 169 1778 oportet
195 1723 258 1763 esse
282 1707 333 1780 qui
361 1707 476 1780 superbi
499 1724 557 1764 non
582 1707 650 1776 sint,
669 1712 705 1785 *et
741 1705 907 1776 snperbiam
963 1712 1056 1777 surget
1069 1707 1214 1778 injudicio
1233 1724 1293 1764 cum
1305 1711 1374 1765 uiris
1394 1711 1575 1778 pmerutc'ouie
1589 1708 1680 1776 liujus,
1697 1709 1722 1760 et
1743 1719 1808 1759 ccu-

62 1794 190 1863 oderint;
206 1795 235 1850 id
251 1801 303 1862 est,
318 1799 423 1851 utnon
438 1797 530 1851 solnm
544 1795 601 1867 ipsi
621 1795 729 1867 absque
748 1794 817 1849 sitio
840 1792 908 1859 sint,
963 1796 1101 1851 damnabit
1113 1812 1182 1851 eom.
1199 1796 1269 1851 Ecce
1284 1797 1358 1852 eliud
1375 1813 1466 1869 genus
1483 1797 1592 1869 judicii,
1615 1795 1713 1851 blattis.
1735 1807 1807 1846 xur:

62 1883 149 1938 sedin
168 1884 256 1939 malis
273 1883 388 1939 oderint
406 1883 499 1940 vitia:
526 1901 583 1939 non
604 1883 736 1938 homiues
759 1882 834 1948 dico,
859 1879 909 1936 sed
964 1887 1016 1952 Qui
1031 1883 1112 1941 tebet
1125 1899 1204 1940 eures
1224 1885 1365 1953 audiendi,
1389 1886 1508 1941 audiet:
1533 1886 1595 1940 haec
1614 1884 1693 1940 enim
1710 1880 1810 1937 omnia

63 1972 137 2039 ιιιιο,
962 1969 1065 2025 umbra
1084 1975 1151 2026 sunt
1165 1971 1322 2027 celestium
1338 1976 1366 2027 et
1378 1973 1473 2044 imago
1484 1972 1657 2027 futurorum.

91 2061 191 2116 Corum
207 2060 276 2128 Deo,
292 2066 346 2116 ete.
362 2060 456 2131 (dnn,
481 2065 575 2130 quest.
601 2060 659 2130 66.)
681 2057 826 2126 Quaritur
848 2056 908 2124 ubi,
996 2058 1097 2129 (loru.)
1113 2059 1191 2114 Sicut
1212 2059 1350 2131 seriptum
1375 2065 1417 2116 est
1439 2061 1527 2116 Eccle.
1554 2076 1586 2115 ιι
1609 2062 1669 2117 Νοιι
1690 2058 1807 2115 satiabi-

63 2148 299 2220 quandoqnidem
338 2165 391 2204 nec
427 2149 644 2205 tabernaculum
671 2147 738 2216 init,
765 2162 818 2202 nec
844 2161 910 2202 arca
962 2152 1008 2203 tur
1021 2148 1195 2215 ocutusuisu,
1210 2163 1257 2204 uec
1272 2151 1348 2204 cums
1363 2150 1472 2218 auditu,
1490 2163 1542 2204 nec
1560 2165 1612 2203 nos
1626 2148 1723 2203 satiari
1742 2163 1809 2218 pos·

63 2236 236 2307 testamenti,
253 2253 319 2310 qum
339 2242 438 2310 postea
465 2241 533 2292 suut
558 2237 713 2292 instituta?
740 2250 834 2305 neque
854 2235 910 2290 hoc
962 2251 1060 2290 sumus
1083 2235 1291 2291 considerando
1314 2253 1379 2308 quer
1401 2236 1507 2308 scripta
1529 2240 1605 2303 sunt,
1631 2235 1736 2307 quibus
1758 2249 1810 2289 nos

64 2325 92 2380 de
107 2325 210 2382 loturo
234 2326 343 2382 dictum
366 2327 493 2398 accipere
516 2341 679 2398 possumus,
704 2324 778 2379 sicut
801 2324 911 2379 dietum
963 2323 1093 2392 aedificet,
1109 2325 1222 2396 quentis
1237 2341 1290 2380 nos
1305 2326 1398 2380 modis
1412 2325 1544 2381 instruat.
1567 2326 1638 2381 Cum
1652 2324 1730 2379 enim
1741 2338 1809 2377 con·

64 2420 100 2470 est
113 2415 150 2470 de
165 2431 286 2482 manna,
302 2416 378 2487 qnod
391 2416 518 2488 positum
533 2420 575 2471 est
586 2415 617 2469 ιιι
635 2429 710 2480 vase,
727 2413 835 2469 scilicet
859 2429 911 2468 an·
963 2413 1051 2484 spicio
1065 2413 1142 2486 quod
1160 2414 1267 2484 lloyses
1291 2415 1432 2485 propheta
1455 2416 1512 2468 Deo
1536 2413 1648 2483 plenus,
1669 2411 1716 2467 cui
1736 2412 1810 2465 Deus

63 2520 114 2558 reo.
133 2505 211 2575 Ergo
227 2503 258 2558 id
273 2508 343 2559 ente
362 2505 452 2560 Deum
477 2504 615 2559 debemus
639 2503 767 2574 accipere
790 2501 909 2568 iactum,
963 2501 1034 2556 lucie
1049 2502 1084 2556 ad
1099 2502 1201 2557 taciem
1215 2502 1388 2573 loquebatur
1402 2502 1503 2574 (Erod.
1526 2504 1634 2570 xxxur),
1658 2498 1810 2555 consilium

63 2591 134 2662 quod
148 2592 179 2645 in
194 2591 337 2646 honorem
353 2591 468 2647 Domini
481 2590 587 2646 lectum
602 2595 657 2646 est.
963 2590 1099 2660 accepite
1124 2589 1221 2644 Jethro
1250 2605 1346 2645 socero
1368 2590 1513 2646 sacerdote
1538 2589 1661 2656 bladien,
1685 2586 1811 2641 admira·

93 2679 176 2733 Vens.
211 2680 304 2734 seua.
337 2708 368 2719 -
408 2677 553 2735 Ostendam
582 2681 730 2748 praecepto,
768 2679 821 2730 ete.
848 2676 909 2745 llo,
963 2678 1041 2733 tione
1068 2677 1159 2732 nimia
1182 2680 1362 2749 obstupesco.
1387 2678 1504 2733 Audiuit
1529 2677 1606 2733 euim
1629 2676 1736 2747 iloyses
1765 2689 1811 2729 ro·

63 2771 153 2836 quest.
170 2770 231 2835 67.)
246 2765 342 2830 Quaeri
357 2770 452 2837 potest
463 2766 614 2837 quomodo,
627 2765 675 2820 hic
698 2765 805 2835 Moyses
828 2762 908 2831 dixit,
964 2782 1026 2821 cem
1038 2766 1128 2821 soceri
1143 2766 1198 2833 sui,
1209 2767 1311 2822 etfecit
1323 2781 1502 2838 quaecunque
1512 2765 1583 2821 dixit
1595 2765 1632 2819 ei.
1649 2765 1712 2820 Non
1724 2762 1808 2831 dixit,

63 2860 123 2921 ete..
141 2871 228 2924 usque
241 2855 280 2908 ud
290 2855 368 2926 juste
380 2853 510 2926 judicare
524 2869 583 2909 non
598 2858 704 2924 posset.
963 2854 1035 2920 Quia
1049 2856 1122 2910 Deus
1138 2854 1209 2909 mihi
1232 2855 1361 2926 loquitur
1383 2855 1454 2926 quid
1472 2870 1556 2926 agere
1578 2852 1707 2917 debeam,
1735 2866 1810 2922 qno-

95 2944 175 2998 vens.
195 2944 239 3009 ts,
256 2944 304 2998 20.
323 2970 359 2983 -
389 2941 442 2997 Sed
465 2940 533 2997 audi
559 2941 643 2997 uerbo
667 2957 738 3009 mea,
765 2947 817 2997 etc.
847 2942 907 3010 (ln,
927 2940 1230 2998 Cmodoebhomine
1242 2943 1395 2998 consilium
1410 2943 1557 3014 accipiam,
1579 2948 1608 2997 et
1629 2940 1665 2996 ab
1689 2939 1809 2995 homine

64 3043 154 3099 quest.
170 3030 228 3100 68.)
258 3029 355 3085 Prima
380 3029 499 3101 questio
522 3034 565 3084 est
591 3045 643 3084 cur
667 3030 743 3084 Deus
769 3029 909 3085 [amulum
963 3031 1073 3102 gentili,
1090 3032 1184 3086 alieno
1200 3048 1216 3085 a
1230 3032 1336 3102 populo
1352 3032 1424 3086 Dei?
1438 3035 1465 3086 et
1489 3047 1547 3085 nou
1567 3028 1738 3103 quisdicat,
1759 3027 1809 3082 sed

64 3134 153 3184 sunm,
167 3123 236 3185 etc,
253 3133 337 3187 usque
349 3116 387 3171 ud
399 3132 456 3188 quo
471 3116 504 3171 lit
516 3120 595 3172 tanto
608 3116 732 3188 'plenior
752 3123 859 3188 quanto
878 3116 910 3172 in
930 3173 932 3177 ,
963 3119 1032 3191 quid
1047 3119 1157 3174 dicetur
1182 3121 1331 3175 auscultat.
1357 3122 1412 3174 Nos
1436 3135 1505 3190 ergo
1526 3118 1550 3174 si
1572 3117 1733 3173 invenimus
1755 3117 1809 3170 ali·

65 3222 183 3278 superna
197 3210 227 3261 et
239 3211 347 3261 esterna
363 3205 477 3259 liberius
494 3205 668 3262 extenditur.
963 3208 1033 3279 quid
1048 3208 1190 3278 sapienter
1204 3225 1221 3264 a
1236 3208 1391 3279 gentilibus
1406 3208 1525 3274 dictum,
1543 3221 1602 3262 non
1624 3221 1690 3262 cum
1709 3210 1809 3260 aucto·

96 3298 158 3351 erro
181 3299 213 3350 tu
228 3295 341 3365 populo,
365 3299 419 3347 etc.
443 3294 506 3364 (ln,
534 3297 628 3362 guast.
654 3291 710 3364 69.)
734 3292 814 3357 Quod
840 3307 908 3347 vero
963 3295 1001 3350 ris
1029 3296 1146 3351 nominc
1170 3311 1339 3366 spernemus
1368 3300 1398 3350 et
1429 3296 1517 3363 dicta;
1543 3311 1596 3350 nec
1621 3293 1689 3365 qnia
1716 3294 1809 3364 legem

64 3383 201 3456 adjungit,
217 3387 283 3449 etc,
305 3382 439 3453 usquead
454 3381 502 3437 sed
525 3381 602 3436 unde
626 3381 681 3437 hoc
702 3378 818 3453 probari
839 3396 909 3453 pos-
963 3383 1014 3439 Dei
1039 3389 1180 3449 tenemus,
1213 3383 1345 3439 convenit
1375 3383 1456 3439 nobis
1482 3388 1594 3438 tumere
1623 3381 1757 3453 superbie
1781 3385 1810 3436 et

63 3472 96 3526 sit
109 3473 225 3544 ignoro.
963 3486 1098 3543 spernere
1110 3472 1297 3544 prudentium
1320 3473 1424 3538 verba;
1449 3472 1497 3527 sed
1523 3471 1620 3526 omnia
1645 3469 1807 3542 probantes,

95 3561 175 3616 vrrs.
193 3560 291 3614 ‘il-23.
307 3586 342 3600 -
356 3556 470 3613 Provide
484 3562 583 3626 autem,
609 3561 663 3612 etc.
686 3557 727 3614 nd
751 3556 908 3611 custodiam
963 3561 1039 3632 quod
1055 3561 1163 3616 bonum
1178 3565 1221 3615 est
1233 3564 1391 3615 teneamus.
1407 3560 1462 3625 Qui
1478 3564 1574 3614 autem
1593 3558 1679 3614 hodie
1693 3557 1808 3628 populis

62 3647 229 3704 humilitatis
243 3646 279 3701 ab
299 3646 460 3716 alienigena
475 3645 635 3710 instruitur,
649 3661 696 3710 ne,
720 3644 771 3717 qui
794 3650 838 3700 tot
859 3659 907 3698 ar·
961 3653 1098 3720 praesunt,
1115 3664 1174 3703 non
1188 3648 1251 3703 dico
1267 3649 1364 3718 sijum
1378 3647 1419 3702 eis
1444 3648 1543 3718 aliqua
1566 3663 1583 3700 a
1603 3648 1660 3701 Deo
1683 3646 1809 3701 revelata

62 3753 127 3791 cene
140 3736 189 3792 Dei
203 3735 239 3790 ab
254 3735 317 3804 ipso
344 3736 402 3789 Deo
428 3734 562 3800 discebat,
586 3734 779 3801 extolleretur,
803 3737 831 3788 et
853 3749 907 3804 pu·
961 3740 1047 3790 sunt:
1065 3734 1115 3789 sed
1144 3735 1168 3788 si
1186 3733 1347 3789 inscientia
1364 3734 1434 3803 legis
1448 3733 1556 3805 aliquid
1572 3733 1669 3787 meriti
1688 3732 1807 3799 habent,

63 3823 522 3880 teretsebumanoconsilionon
546 3838 640 3892 egere.
668 3821 908 3892 Praeilgnrabatur
961 3823 1113 3878 consilium
1132 3822 1324 3889 dedignantur
1350 3821 1502 3886 inferioris,
1529 3820 1614 3874 etiarn
1638 3820 1804 3887 sacerdotis,

64 3913 143 3967 etiam
157 3913 237 3984 quod
258 3911 386 3966 doctrina
412 3911 543 3982 gentium
566 3910 732 3966 iudaeorum
756 3909 907 3965 scientiam
962 3912 1068 3966 nedum
1085 3910 1158 3976 laici,
1175 3910 1280 3963 nedum
1302 3908 1438 3978 gentilis:
1463 3908 1512 3962 sed
1532 3908 1648 3976 Moyses,
1671 3907 1722 3978 qui
1746 3911 1809 3962 crat

64 4000 265 4074 etsnperbiem
281 4005 443 4071 superaret,
462 4003 490 4054 et
508 4014 572 4071 quse
586 3999 617 4053 in
639 3999 701 4069 lego
720 3998 848 4063 deerant,
873 3999 906 4054 ti-
961 4004 1126 4055 mansuetus
1142 4013 1228 4068 super
1248 4012 1348 4050 omnes
1374 3996 1504 4050 homines
1526 3997 1618 4064 (Num.
1642 3993 1700 4063 ιιι),
1725 4010 1807 4048 acce-

63 4090 134 4145 deles
151 4106 189 4145 ex
212 4087 350 4161 gentibus
369 4086 539 4157 complenda
556 4090 751 4158 suggererent,
775 4091 803 4141 et
822 4085 906 4157 spiri·
960 4088 1003 4159 pti
1032 4085 1184 4142 consilium
1208 4084 1361 4150 interioris,
1387 4089 1418 4138 ut
1442 4082 1621 4154 principibus
1646 4082 1726 4136 daret
1747 4082 1806 4136 ior·

63 4178 163 4233 tuelem
178 4176 359 4231 intellectum
378 4175 412 4230 ad
436 4177 530 4246 legem
555 4175 606 4230 Dei
630 4175 774 4230 efferrent.
796 4174 941 4269 SciebatD
962 4189 1038 4229 mam
1053 4171 1232 4237 humilitatis,
1248 4176 1276 4226 et
1289 4170 1416 4241 signaret
1430 4169 1585 4241 imaginem
1604 4168 1695 4224 futuri
1717 4183 1807 4222 sacra·

61 4282 171 4337 quoqm
187 4266 299 4336 lloyses
313 4263 382 4335 quia
395 4263 472 4318 hunc
493 4264 633 4335 populum
660 4264 705 4318 lex
731 4263 853 4331 audiret,
878 4265 907 4316 et
961 4263 1060 4317 menti.
1077 4260 1188 4316 Sciebat
1211 4259 1384 4331 quandoque
1406 4258 1536 4313 futurum
1556 4261 1589 4310 ut
1611 4255 1732 4327 gentiles
1753 4254 1806 4309 bc·

61 4356 159 4409 [ιοοιοι
177 4368 360 4425 quecunque
383 4351 500 4421 diceret,
520 4351 592 4423 legis
616 4367 731 4423 quoquc
752 4350 905 4405 diminutio
962 4364 1032 4404 num
1046 4348 1199 4403 consilium
1214 4346 1381 4417 proterrent,
1408 4345 1486 4416 apud
1510 4346 1623 4415 lloyseu
1649 4342 1757 4397 bouum
1779 4343 1808 4396 et

10 4450 13 4485 ι
62 4446 230 4514 arggerente
241 4440 395 4511 Evangelio
407 4440 499 4495 fleret.
960 4437 1137 4508 spiritualem
1153 4435 1329 4489 intellectum
1346 4434 1494 4489 afferentes
1509 4433 1543 4489 ad
1559 4434 1663 4502 tegern,
1679 4436 1708 4485 et
1726 4430 1807 4484 audi·

91 4531 284 4593 Btmmtitue,
301 4527 474 4596 statoria,
499 4530 569 4582 bom.
590 4530 646 4595 lt.)
672 4526 834 4594 ordinabis,
858 4525 905 4579 ιιι-
960 4532 1004 4581 ret
1017 4541 1065 4580 eos
1080 4525 1122 4578 lex
1139 4524 1246 4579 iaciens
1267 4524 1363 4577 omnia
1377 4523 1452 4594 [qum
1476 4521 1612 4576 dicerent.
1639 4520 1702 4574 Non
1728 4516 1806 4572 enim

15 4644 18 4649 ·
61 4621 126 4689 quit,
141 4617 341 4674 eostribunos
356 4621 385 4671 et
397 4619 589 4683 centuriones,
610 4618 639 4670 et
660 4615 827 4669 indicabunt
850 4629 906 4683 po·
959 4616 1055 4685 potest
1075 4612 1225 4666 facere-lex
1247 4611 1320 4666 sicut
1345 4609 1562 4676 Judaeidicunt,
1587 4607 1654 4680 quia
1674 4606 1807 4661 infirma-

62 4709 152 4777 putum
167 4703 253 4761 omni
267 4705 349 4773 hora,
363 4709 569 4770 verumtamen,
587 4703 663 4774 quod
686 4703 800 4773 gravius
820 4701 907 4757 fucrit
960 4707 1007 4756 tur
1021 4703 1066 4756 lex
1080 4701 1112 4756 in
1126 4716 1221 4766 carne,
1239 4700 1267 4754 id
1284 4704 1327 4754 est
1341 4698 1371 4753 iu
1386 4699 1489 4762 littera,
1507 4700 1535 4751 et
1554 4696 1625 4751 nihil
1640 4700 1734 4765 potest
1759 4709 1806 4748 se-

62 4796 179 4851 reierent
193 4794 231 4849 ad
248 4797 285 4848 te.
301 4792 426 4848 Audierit
445 4791 591 4863 principes
613 4790 714 4863 populi
737 4795 765 4845 et
786 4790 904 4860 presby·
960 4790 1085 4845 cundum
1100 4789 1236 4843 litteram.
1254 4788 1329 4843 Nihil
1344 4787 1422 4841 euim
1443 4785 1479 4841 ad
1504 4784 1662 4855 perlectum
1686 4780 1807 4836 adduxit

62 4885 106 4939 teri
118 4883 227 4956 plebis,
244 4881 295 4952 qui
309 4880 414 4935 debent
427 4879 508 4934 omni
522 4881 595 4934 hora
608 4879 749 4950 populum
766 4877 906 4949 judicare,
959 4879 1003 4933 lex
1017 4877 1110 4948 (ιιοιι.
1130 4879 1189 4949 ιιι).
1211 4877 1373 4933 Secundum
1388 4875 1441 4930 hoc
1455 4877 1550 4928 autern
1564 4871 1716 4926 eonsilium
1731 4871 1808 4942 quod

12 5004 14 5013 ·
64 4988 166 5045 semper
180 4974 211 5027 et
224 4970 288 5023 sinc
301 4968 512 5024 intermissione
532 4968 631 5022 sedere
646 4967 676 5020 in
694 4965 815 5038 judicio,
833 4964 905 5020 diri·
959 4983 1011 5021 nos
1025 4965 1170 5021 afferimus
1185 4967 1221 5020 ad
1236 4964 1339 5036 legem.
1356 4966 1476 5035 possunt
1496 4959 1594 5014 omnia
1618 4959 1808 5030 spiritualiter

12 4998 25 5135 i
65 5075 129 5116 nere
155 5060 236 5126 lites,
262 5064 292 5112 et
319 5056 501 5111 reconciliare
525 5055 702 5121 dissidentes,
729 5053 906 5124 ingratiam
959 5055 1032 5123 lieri,
1047 5058 1075 5110 et
1089 5053 1226 5109 sacrificia
1244 5050 1350 5115 offerri,
1375 5065 1440 5121 qum
1462 5047 1546 5103 modo
1569 5045 1723 5101 carnaliter
1747 5062 1807 5101 non

66 5163 187 5204 revocare
210 5145 370 5203 discordes.
396 5145 489 5199 Discat
514 5143 711 5216 unusquisque
730 5158 763 5196 ex
785 5141 908 5212 Scriptu-
961 5148 1096 5216 possunt,
1114 5145 1207 5213 potest
1219 5141 1264 5195 lex
1281 5139 1369 5208 leprae
1384 5135 1570 5209 spiritualiter
1589 5135 1706 5189 servari.
1731 5135 1809 5191 Sicut

17 5244 28 5279 ι
66 5237 94 5289 ris
105 5237 213 5293 sanctis
230 5234 358 5290 officinm
374 5248 469 5288 suum.
486 5234 605 5304 lloyses,
632 5231 737 5302 iuquit,
761 5234 792 5284 nt
816 5229 854 5285 sit
876 5231 908 5285 in
960 5247 1028 5300 ergo
1044 5228 1240 5300 intelligimus,
1257 5227 1397 5281 sentimus
1413 5229 1441 5278 et
1454 5223 1606 5278 consilium
1619 5223 1732 5290 damus,
1748 5238 1807 5277 om·

66 5324 178 5400 bisque
191 5324 230 5379 ad
249 5324 340 5379 ιιοιιιιι
355 5325 433 5385 suut,
448 5327 477 5376 et
490 5322 609 5376 verbum
630 5320 679 5375 Dei
698 5319 837 5374 edisserat
855 5334 906 5389 po·
960 5319 1009 5375 nie
1023 5319 1090 5374 lacit
1110 5318 1175 5372 len:
1201 5312 1359 5370 secundum
1378 5313 1504 5368 litteram
1528 5328 1593 5368 vero
1616 5327 1674 5366 non
1699 5312 1806 5377 omnia,

18 5438 22 5463 ι
66 5415 137 5480 pulis.
154 5413 261 5470 Gceteri
277 5427 345 5465 sero
363 5410 516 5482 principes,
542 5426 615 5480 qnos
638 5406 793 5479 appellavit
814 5407 907 5462 tribu·
962 5407 1011 5462 scd
1026 5421 1127 5476 pauca.

27 5496 31 5521 ²
67 5516 113 5569 nos,
129 5503 202 5575 quia
218 5500 309 5556 tribui
326 5500 521 5570 presentant
540 5495 731 5563 centuriones,
757 5494 800 5550 vel
820 5495 908 5566 quin·
997 5495 1078 5549 Vsus.
1100 5492 1144 5546 ut.
1163 5520 1196 5530 -
1218 5491 1320 5559 ldoysca
1341 5490 1407 5556 fecit
1430 5491 1522 5544 omnia
1545 5502 1605 5557 que
1627 5487 1673 5543 itte
1695 5501 1804 5554 sugges·
