3892 6106
90 226 144 284 “l
428 269 431 273 ,
667 222 796 283 atussa
812 224 1013 283 nitalstete.
1031 251 1068 266 -
1086 224 1154 282 tle.
1176 223 1258 283 nult.
1793 222 1852 283 ω

91 363 156 404 esse
175 347 273 416 otiosi,
297 348 347 404 sed
370 346 453 405 obliti
483 348 696 420 preteritorum
720 347 752 404 in
773 349 871 406 intera
895 351 984 408 nosb
1001 347 1033 404 in
1065 348 1236 406 ietebatha:
1263 349 1414 405 ietebatha
1439 348 1648 422 interpretatur
1688 347 1779 417 bona;
1811 349 1848 406 ad

92 439 297 494 extendamus.
410 440 412 445 '
1001 439 1110 494 bonurn
1126 454 1195 511 ergo
1217 455 1275 495 non
1291 438 1347 494 nisi
1361 441 1427 510 post
1446 437 1640 494 tentationem
1654 437 1850 510 experimenta

130 527 326 599 (Ouio.)1nde
350 526 387 582 ad
407 526 513 582 Semeu
527 525 651 593 venitur,
669 526 746 599 quod
760 543 803 593 os,
828 528 871 582 rel
884 542 948 582 ossa
1001 527 1126 583 aeuitur.
1869 578 1872 583 ⁴

95 615 262 687 significare
285 613 401 680 dicitur,
421 614 452 670 in
476 630 534 687 qno
555 614 644 669 virtus
658 619 685 669 et
700 615 788 671 robor
802 615 948 688 patientiae
1035 616 1194 672 ietebutlsoe.
1219 616 1357 684 (Hieron.)
1385 615 1510 683 Bonitas,
1534 630 1600 687 guse
1627 619 1670 670 est
1694 614 1847 670 Christus:

93 702 268 759 declaratur.
1001 709 1035 760 ut
1047 720 1113 760 cum
1128 704 1292 760 venerimus
1306 704 1342 759 ad
1352 704 1509 776 perlectum
1524 706 1629 770 sirum,
1644 703 1849 759 sacerdotalem

130 793 214 846 Vens.
241 793 286 848 ³0.
309 821 343 833 -
375 791 525 846 Moserotlr.
565 789 704 862 (Hieron.)
740 791 869 859 Vincula,
903 791 948 847 vel
1001 793 1135 865 gradum,
1150 798 1303 848 etetatem
1318 791 1505 864 plenitudinis
1519 793 1633 858 Christi,
1649 791 1681 848 in
1704 808 1762 863 qna
1781 793 1848 847 llae-

99 879 262 952 diseiplina.
280 881 318 936 Ut
330 879 536 952 magistrorum
548 883 676 935 teramus
695 879 812 948 limina;
827 885 855 936 et
872 896 948 951 prer-
1001 882 1075 937 obisl
1091 882 1242 953 eretjuxte
1255 882 1374 937 llurium
1390 882 1503 939 Chobar
1522 883 1632 952 (Ezecb
1653 882 1685 951 ι),
1706 880 1850 953 possimus

99 975 182 1040 cepta
205 970 357 1037 virtutum,
378 984 412 1023 ac
436 968 573 1040 mysteria
593 968 815 1039 Scripturerum,
835 969 949 1024 vincula
1001 985 1067 1024 eum
1085 969 1170 1025 llavid
1183 971 1214 1024 in
1230 972 1341 1042 psalmo
1355 986 1458 1026 canere
1474 987 1481 1025 :
1498 971 1624 1036 Domine,
1649 973 1680 1026 in
1698 974 1724 1023 te
1740 971 1851 1039 sperem

99 1064 236 1129 putemus
262 1074 322 1112 esse
349 1062 458 1114 aeterna
480 1061 578 1113 contra
600 1057 708 1113 diaboli
729 1062 898 1130 potestatem
921 1064 949 1114 et
1001 1060 1263 1128 nonoonlnndorin
1280 1067 1408 1115 etesium
1430 1060 1522 1129 (Psnl.
1547 1061 1623 1127 xxxl.
1647 1060 1744 1115 Pastor
1765 1061 1847 1120 erim,

100 1147 236 1202 vincula:
264 1147 369 1218 quibus
394 1145 519 1218 diruptis
544 1145 613 1201 ricit
638 1147 734 1203 bostes
762 1147 891 1203 Samson.
910 1147 950 1202 lle
1003 1148 1087 1204 donus
1098 1151 1177 1218 ponit
1190 1152 1311 1204 animum
1328 1163 1407 1203 sunm
1424 1163 1475 1219 pro
1498 1149 1592 1203 onibus
1614 1149 1682 1202 suis.
1699 1145 1793 1215 (doen.
1808 1146 1848 1215 x.)

102 1235 206 1308 quibus
231 1234 361 1291 dicitur:
392 1235 535 1305 unagein·
568 1237 678 1291 uincula
697 1250 758 1290 meu
778 1235 853 1308 (Psoi
874 1239 946 1306 cxv).
1040 1238 1123 1292 vaes.
1140 1239 1184 1293 il.
1198 1266 1232 1280 -
1246 1237 1382 1293 liebronu.
1398 1237 1465 1307 (lo.)
1478 1237 1635 1303 Transitns,
1660 1235 1691 1290 id
1707 1240 1750 1289 est
1765 1249 1849 1288 mun·

102 1324 153 1389 Qui
175 1323 290 1380 vinculo
312 1324 415 1380 Christi
440 1323 528 1381 luerit
555 1323 671 1396 ligatus,
704 1323 798 1380 dicet:
829 1325 950 1380 &nitro
996 1326 1065 1387 dus.
1079 1328 1202 1382 Praeterit
1215 1329 1286 1381 esaim
1309 1325 1401 1398 figure
1416 1326 1498 1396 iuius
1522 1326 1628 1391 mundi,
1643 1323 1674 1378 in
1694 1337 1780 1395 quem
1799 1337 1849 1375 ve·

103 1413 157 1482 ejas
170 1413 222 1468 sud
250 1415 340 1483 cupite
361 1428 417 1468 ineo
438 1420 464 1467 et
486 1412 600 1468 dentes
614 1414 671 1484 gns
689 1412 950 1483 nmplenubt'turme
1003 1414 1114 1469 aientes
1136 1414 1226 1469 uncti
1251 1414 1421 1486 cupiuntad
1436 1414 1556 1469 meliora
1570 1413 1702 1469 uansire.
1718 1411 1761 1466 ed
1775 1410 1849 1466 banc

104 1501 216 1570 (dente.
230 1502 274 1571 ιι).
1004 1501 1184 1556 mensionem
1211 1503 1290 1557 renit
1315 1518 1401 1557 verus
1425 1502 1571 1569 Hebraeus,
1597 1501 1627 1557 id
1645 1507 1688 1555 est
1702 1499 1848 1568 transitor,

135 1589 238 1661 (Oaxo.)
255 1588 325 1646 inde
344 1588 381 1644 ad
401 1589 552 1655 ldoserotb,
580 1590 657 1662 quod
672 1594 716 1645 est
738 1590 901 1653 excludens,
917 1596 949 1646 ut
1003 1591 1054 1664 qni
1074 1590 1168 1646 dicere
1183 1595 1299 1661 potest:
1324 1593 1482 1659 Transiene,
1509 1590 1605 1645 uidebo
1624 1592 1756 1645 visiones»
1780 1589 1849 1643 tom

101 1677 156 1748 jam
166 1677 302 1733 excludat
317 1677 514 1750 suggestiones
535 1679 672 1733 contrarii
689 1678 808 1750 spiritus
819 1680 855 1734 de
868 1679 947 1750 cogi·
967 1644 1129 1748 ¹³rnognom
1145 1678 1244 1751 (Eruci.
1261 1678 1320 1751 nil:
1339 1681 1415 1734 unde
1431 1695 1438 1734 :
1458 1682 1494 1735 lit
1508 1695 1563 1735 non
1574 1679 1705 1734 diseunt
1719 1679 1848 1749 guimar-

104 1765 257 1821 titionibus
271 1767 349 1833 snis;
366 1766 441 1821 unde
457 1782 464 1820 :
480 1767 511 1824 Si
532 1768 648 1838 spiritns
663 1773 825 1839 potetatem
839 1769 950 1824 debenti
1002 1769 1131 1834 teridunt,
1151 1768 1306 1824 Benedictio
1321 1771 1427 1823 Domini
1444 1783 1526 1838 super
1539 1783 1595 1823 uos.
1612 1768 1695 1838 (Paul.
1722 1764 1848 1833 cxxviii.)

104 1855 251 1910 usuum
264 1869 348 1925 super
362 1861 397 1922 te,
412 1855 498 1911 bruni
509 1861 585 1912 tunm
597 1872 631 1912 ne
648 1856 774 1913 dimittes
789 1855 887 1928 (dccli.
901 1857 944 1924 x).
1036 1855 1139 1928 (Oete.)
1163 1856 1233 1911 lude
1256 1856 1458 1927 applicuerunt
1481 1855 1510 1911 in
1537 1856 1679 1922 llebrona,
1703 1853 1782 1926 quod
1807 1857 1851 1908 est

104 1941 252 1998 leuandus
270 1946 315 1998 est
340 1959 409 2015 ergo
437 1944 527 2010 locus,
553 1949 582 2000 st
606 1945 800 2001 excludendus
816 1945 948 2001 adversa
1002 1945 1138 2000 transitus
1158 1960 1166 2012 ;
1181 1945 1357 2000 transeunda
1369 1944 1448 2000 enim
1463 1952 1531 2000 sunt
1547 1944 1654 2013 omnia,
1670 1943 1746 2015 quod
1761 1940 1849 1997 etiam

103 2031 168 2098 rius,
195 2047 233 2088 ne
259 2031 388 2088 inveniet
419 2030 514 2087 locuni
538 2031 568 2087 in
594 2033 679 2090 eorde
712 2039 821 2102 nostro,
849 2034 947 2091 ende:
1002 2031 1081 2087 eiad
1100 2032 1177 2087 bone
1200 2032 1308 2098 venias,
1329 2037 1443 2104 oportet
1465 2037 1494 2088 te
1514 2031 1550 2087 ad
1573 2031 1693 2089 meliora
1716 2028 1848 2095 transire,

104 2122 185 2179 inne
199 2122 288 2177 boum
301 2120 368 2177 dore
381 2121 489 2178 diabolo
502 2122 608 2192 ld'plses.
626 2128 676 2195 rr).
892 2191 900 2197 ·
1002 2135 1154 2192 usquequo
1172 2120 1210 2176 ad
1224 2120 1295 2176 illud
1308 2120 1417 2176 bouem
1432 2119 1540 2188 venies,
1555 2119 1586 2175 in
1601 2135 1659 2192 qno
1670 2132 1784 2190 semper
1799 2117 1849 2173 de·

136 2211 218 2266 Vens.
234 2212 279 2266 ³2.
305 2239 340 2252 -
364 2211 536 2280 benejaacan
559 2216 698 2279 venerunt,
728 2215 781 2267 etc.
808 2211 950 2284 (iliraors.)
1002 2208 1070 2263 beas
1088 2224 1267 2280 permanere.

106 2298 163 2354 lilii
177 2297 359 2354 necessitatis
379 2300 424 2354 sel
447 2299 580 2355 stridoris
597 2299 733 2355 vicesima
749 2305 848 2356 oetam
866 2316 950 2357 man·
1038 2298 1119 2354 Vens.
1143 2300 1190 2354 ³5.
1222 2299 1313 2354 -ln
1336 2297 1519 2367 Ationguder.
1543 2297 1646 2368 (Hira.)
1674 2295 1850 2365 esiongaber

105 2386 152 2443 no.
168 2388 246 2443 Nola
257 2403 422 2456 nurnerum,
438 2387 545 2458 quiesi
559 2388 594 2444 ab
610 2404 669 2443 uuo
684 2388 814 2460 incipias,
839 2392 868 2444 et
882 2405 952 2461 pan·
1002 2387 1083 2457 ligna
1095 2387 1157 2443 viri.
1174 2388 1246 2453 Quia
1260 2387 1367 2445 scilicet
1376 2388 1500 2443 saltuum
1518 2391 1547 2443 et
1565 2387 1696 2443 omnium
1712 2387 1849 2441 arborem

104 2476 181 2532 latim
194 2476 305 2532 addens
330 2476 366 2531 ad
396 2476 550 2548 septimum
579 2492 670 2549 nsque
695 2477 857 2549 pervenies,
880 2477 951 2532 rice·
1004 2482 1244 2548 generepossunt
1257 2477 1473 2532 multitudinem
1488 2475 1763 2548 geutinmligurare.
1781 2476 1850 2531 liue

104 2564 189 2620 nnius
204 2571 321 2620 octavos
340 2564 470 2620 allicitur.
1005 2579 1095 2635 usque
1128 2564 1252 2620 solitudo
1285 2566 1398 2621 Pberau
1434 2564 1560 2620 decimes
1584 2568 1696 2618 octavas
1723 2561 1851 2618 eontimt

134 2654 194 2723 (lu.)
236 2653 412 2724 beneiaacan
444 2652 651 2725 interpretetur
686 2652 739 2708 lilii
774 2651 952 2709 necessitatis
1004 2652 1264 2725 mansionesque
1289 2653 1440 2725 descriptae
1460 2653 1491 2709 in
1514 2652 1646 2725 catalogo
1661 2653 1691 2706 in
1706 2649 1849 2722 superiori

104 2743 142 2798 sel
166 2741 310 2798 stridoris.
338 2743 379 2797 [le
399 2740 444 2797 bis
467 2741 535 2796 liliis
559 2741 682 2797 dicitur:
711 2740 815 2811 Afferte
839 2743 951 2797 bonine
1004 2741 1107 2798 itinere
1121 2758 1179 2796 non
1193 2747 1352 2813 ponuntur.
1740 2751 1743 2754 ’

106 2829 168 2896 μω*
182 2831 303 2884 “mmm
318 2827 403 2898 (Μ’
421 2830 529 2899 ¹⁸⁸0·
544 2828 615 2885 ⁰⁰⁰¹
638 2833 736 2883 “mm
750 2827 855 2884 divum
877 2827 951 2884 scri·
1041 2848 1146 2919 (Oarol
1162 2850 1229 2904 Post
1246 2849 1308 2904 hese
1321 2847 1436 2904 venitur
1451 2847 1487 2904 ad
1511 2847 1698 2921 esiongaber,
1711 2844 1788 2919 qnod
1803 2844 1849 2900 in·

107 2918 190 2988 ptum
204 2916 294 2972 Μ’
306 2915 448 2982 ‘'ruditu''
463 2921 493 2970 ⁰²
511 2916 589 2987 ¹⁸⁸⁰⁸
615 2930 715 2971 “mm
736 2919 766 2971 et
786 2914 950 2972 ¹⁰³¹i¹¹¹⁰¹¹i⁸
968 2939 1178 3010 Cterpretatur
1198 2937 1318 2994 consilis
1340 2937 1402 2993 riri.
1436 2938 1466 2993 Si
1493 2937 1557 3010 quis
1578 2938 1662 2994 desiit
1689 2951 1762 3009 puer
1787 2949 1851 2990 esse

107 3005 198 3060 ”im
224 3021 286 3060 ⁸⁵⁵⁰
319 3004 432 3059 ’Μὴ
453 3004 607 3069 charmi*
632 3009 661 3059 εἰ
684 3005 860 3060 ⁰⁰¹¹t⁰¹¹de¹¹³
884 3020 950 3060 ⁰⁰⁰¹
1003 3026 1144 3094 sensibus,
1172 3026 1352 3098 pervenitad
1377 3026 1576 3094 consiliasiri,
1591 3026 1727 3082 sicutille
1741 3023 1851 3097 quidl-

107 3092 270 3149 adrersariis
294 3092 397 3164 ligabis
421 3107 480 3160 eos,
510 3097 538 3148 et
564 3092 654 3147 victos
681 3093 768 3149 duces
788 3093 818 3148 in
832 3093 949 3165 captivi·
1002 3115 1103 3171 gebat,
1118 3115 1851 3186 manmsacmmmffiwmvngm,

107 3187 199 3245 ΝΜ
226 3188 258 3237 ⁰²
281 3181 316 3237 ⁶⁰
344 3180 473 3237 h⁰³¹ib¹¹⁵
501 3185 531 3237 οἳ
558 3181 675 3253 ωΡῑῘώ
704 3181 808 3237 ⁰ffi⁰i⁰³
843 3183 950 3238 ¹ib⁴³f⁰⁸
1000 3205 1114 3275 paruuli
1141 3204 1241 3274 (icor.
1267 3203 1337 3276 riu).
1354 3203 1427 3260 Sunt
1440 3219 1508 3276 ergo
1522 3218 1629 3275 magne
1642 3202 1762 3258 consilia
1776 3200 1850 3271 sirl3

109 3271 167 3339 llei;
189 3274 219 3326 et
243 3269 295 3325 lilii
320 3269 452 3325 stridoris
465 3269 569 3326 timore
584 3270 729 3342 supplicii,
743 3270 795 3326 ubi
809 3275 852 3325 est
866 3271 951 3327 lletns
1003 3291 1080 3347 und„
1094 3307 1102 3347 :
1117 3291 1200 3362 ΑΜ
1213 3293 1271 3348 ap„
1284 3294 1427 3349 gom-gum
1449 3295 1480 3349 g„
1502 3292 1580 3348 gorg,
1604 3294 1658 3348 „gg
1678 3292 1776 3361 (prov,
1793 3288 1850 3358 ng

107 3364 130 3413 et
142 3359 250 3416 stridor
263 3358 405 3425 dentium,
421 3357 585 3416 deserentes
599 3359 714 3415 vincula
735 3358 852 3430 diaboli,
868 3358 951 3416 Chri·
1038 3380 1120 3435 γης,
1135 3382 1180 3436 gg,
1195 3410 1230 3422 ...
1251 3381 1285 3437 p„
1310 3380 1454 3449 gpmggm,
1481 3387 1549 3448 gg„
1575 3380 1728 3451 (mog),
1744 3376 1850 3445 gumi.

107 3448 418 3504 docollotubmillflssl·
1003 3473 1061 3533 tar,
1078 3473 1144 3534 etc,
1157 3483 1243 3540 usgue
1256 3469 1294 3524 nd
1318 3469 1354 3525 de
1380 3470 1434 3525 bec
1460 3470 1609 3525 mansione
1623 3468 1748 3525 dicitnr:
1778 3468 1853 3526 Gesn-

135 3535 241 3608 lonc.)
260 3537 326 3592 Post
349 3537 410 3593 hsec
430 3536 542 3593 venitur
562 3536 597 3592 ad
614 3536 801 3610 Benejeacen,
815 3537 894 3610 quod
912 3537 950 3593 si·
1002 3558 1118 3613 megi,
1131 3561 1260 3614 „mim
1276 3557 1409 3614 demtum
1422 3558 1519 3615 cm·

106 3625 218 3696 gnificat
241 3625 335 3682 iontes
357 3626 403 3682 sel
424 3625 626 3694 excolationes,
644 3626 694 3681 ubi
718 3625 949 3682 scilicetdivino·

107 3730 166 3771 rum
185 3714 341 3771 verborum
355 3715 448 3772 iontm
472 3714 578 3783 haurit,
604 3731 753 3789 usquequo
772 3715 879 3771 excolet
901 3732 951 3771 eos

1038 3664 1146 3735 (Onia.)
1172 3663 1243 3719 ilino
1263 3663 1368 3719 iterum
1387 3664 1448 3731 Sin,
1465 3664 1494 3720 id
1517 3665 1702 3726 esttentntio,
1717 3662 1785 3737 quie
1800 3679 1853 3718 nec

1003 3752 1087 3808 aliter
1101 3752 1215 3824 expedit
1229 3752 1284 3807 hoc
1296 3752 1352 3808 iter
1377 3767 1473 3823 agere.
1497 3753 1614 3808 ludier
1639 3753 1717 3809 enim
1743 3769 1790 3807 vas
1804 3768 1853 3808 ne·

1003 3841 1156 3898 asserium
1185 3841 1278 3896 lacere
1304 3841 1403 3897 rolens
1430 3841 1595 3914 frequenter
1621 3842 1754 3897 admovet
1780 3840 1851 3913 igni,

1004 3929 1100 3986 subdit
1128 3928 1249 3996 melleis,
1273 3929 1388 3985 rasoriis
1421 3929 1599 4001 perstringit,
1636 3933 1667 3984 ut
1700 3928 1852 4000 purgatius

136 4069 265 4125 lenem·
282 4066 424 4138 (disson.)
452 4067 568 4140 Gadgad
594 4068 636 4123 vel
662 4067 791 4139 Galssflth,
812 4066 951 4140 interme
1003 4018 1064 4162 ξιῗὶ
1081 4021 1111 4073 ⁶²
1124 4017 1160 4073 ad
1174 4018 1309 4090 ’ΜΨ
1339 4033 1428 4090 ‘¹⁰⁸³'
1457 4016 1594 4090 ¹³¹⁸⁰⁸Pi⁰i²
1619 4016 1730 4086 misus
1751 4033 1851 4090 ΡΜ·

108 4160 181 4212 tatnr
192 4156 321 4224 nuntius,
338 4157 381 4212 vel
395 4156 480 4220 aetio,
492 4157 537 4211 sel
550 4155 684 4212 concisio.
701 4156 763 4212 Non
782 4155 860 4212 enim
880 4172 951 4227 pos·

108 4259 205 4299 sumus
230 4238 336 4300 lacere
354 4243 430 4300 lilios
457 4234 652 4312 necessitatis,
683 4243 738 4299 nisi
762 4221 994 4316 preceptorssn
1206 4299 1212 4310 ,
1313 4299 1319 4312 ,
1378 4301 1384 4312 ,
1570 4301 1575 4312 ,
1724 4301 1729 4312 ,
1810 4300 1815 4311 ,

109 4346 205 4388 eorum
241 4330 480 4401 interfecerimus,
509 4347 561 4387 nec
592 4334 692 4402 pam,
723 4347 827 4387 mnu,
855 4337 954 4386 nom
1005 4317 1091 4375 argue
1116 4301 1154 4358 od
1168 4301 1250 4357 Alius
1273 4316 1352 4357 anun
1376 4318 1407 4357 in
1430 4302 1512 4370 ralla,
1539 4301 1613 4357 alim
1637 4316 1756 4374 campis,
1780 4302 1853 4357 elius

108 4437 218 4477 armum
242 4425 292 4475 ant
314 4426 474 4476 extremum
502 4419 637 4476 auricula
665 4421 815 4476 extrahere
842 4420 878 4477 de
902 4434 951 4476 ore
1006 4396 1130 4447 ”mmm
1142 4406 1174 4446 ¹¹¹
1190 4395 1299 4459 ¹¹¹⁰¹¹²⁰2
1315 4391 1388 4446 “¹¹⁰⁸
1402 4407 1433 4447 ¹¹¹
1444 4397 1542 4447 ἠοω
1556 4394 1673 4446 ¹¹¹⁰¹¹²¹⁸¹

109 4507 206 4579 leonis,
222 4512 252 4563 et
264 4507 493 4565 nuntiaverimus
508 4508 626 4580 premia
639 4508 746 4576 lutura,
768 4513 798 4564 et
812 4508 953 4564 accinctos
1042 4496 1105 4570 (lb)
1129 4496 1197 4554 1⁰(st
1220 4497 1380 4570 aPPlicitur
1402 4496 1433 4554 1¹¹
1462 4503 1559 4555 ¹1¹⁰ssst
1581 4499 1649 4566 HM»
1669 4498 1746 4571 (Ιοοἅ
1767 4498 1853 4554 ῑῦῑθῐ·

110 4611 167 4652 ω,
192 4596 224 4653 in
248 4597 417 4653 rebellando
445 4597 642 4664 docuerim„
667 4597 764 4653 unde:
791 4597 952 4654 nngaggi,
1006 4591 1139 4659 pretatur
1163 4591 1327 4643 montanos.
1350 4587 1432 4643 Venit
1447 4586 1720 4643 euimadmontem
1745 4586 1807 4654 liei,
1821 4590 1855 4641 ut

110 4686 154 4756 gad
175 4686 247 4753 tecit
273 4700 341 4756 opas
364 4688 414 4742 llei
433 4687 601 4756 negligenter
621 4691 647 4742 et
668 4687 797 4757 probibet
828 4686 953 4756 gladium
1007 4675 1058 4733 fiat
1087 4690 1170 4736 mons
1193 4675 1275 4743 uber,
1301 4691 1383 4731 mons
1408 4676 1586 4748 coagulatus.
1610 4674 1660 4731 Vel
1674 4675 1711 4765 ab
1724 4691 1759 4731 eo
1774 4673 1853 4747 quod

110 4790 182 4830 ,gum
196 4792 214 4831 a
229 4778 362 4845 ,anguine
386 4776 500 4847 (germ,
525 4777 627 4848 mm)¹
647 4777 679 4832 gr
695 4775 781 4832 pavig
798 4792 805 4831 :
822 4777 952 4832 [Μαίη.
1006 4779 1120 4836 semper
1133 4762 1161 4817 in
1178 4768 1276 4817 monte
1287 4761 1335 4817 [lei
1350 4761 1470 4831 habitet,
1481 4761 1592 4816 dicatur
1607 4766 1771 4816 montanus.

111 4867 161 4920 tino
184 4865 380 4935 intenciebom
395 4881 483 4921 onnes
494 4871 647 4937 peewtorer
662 4869 741 4920 terra
754 4866 840 4934 (Psoi.
860 4866 898 4936 e).
1041 4872 1123 4926 vias.
1140 4872 1185 4926 38.
1200 4898 1235 4911 -
1250 4869 1346 4924 Aaron
1369 4867 1495 4925 samm
1508 4870 1549 4934 s'n,
1574 4872 1627 4923 ete.
1643 4866 1731 4939 (lein.)
1748 4865 1854 4922 llodem

141 4953 244 5024 (Oete.)
271 4954 418 5010 Posthac
440 4953 563 5009 venitin
580 4954 705 5025 Gadgad,
721 4953 797 5027 quod
812 4953 952 5026 interpre·
1006 4975 1082 5015 anno
1097 4964 1229 5014 mortuus
1256 4961 1299 5012 est
1324 4958 1430 5025 Aaron,
1453 4971 1511 5030 quo
1527 4971 1619 5011 nom
1642 4955 1767 5027 populun
1794 4959 1853 5011 sgr.

111 5042 180 5097 lstnr
192 5046 414 5109 tentamentum,
436 5043 480 5097 vel
498 5043 679 5115 constipatio.
704 5042 851 5098 Fortitudo
872 5057 952 5115 quia·
1006 5063 1068 5104 ram
1083 5045 1285 5119 promissionis
1306 5045 1463 5101 intraturus
1490 5048 1565 5101 erat.
1589 5046 1623 5100 lit
1639 5059 1807 5118 quanquam
1821 5045 1853 5102 iu

112 5129 216 5188 damin
239 5132 298 5187 Deo
312 5136 342 5187 et
363 5130 523 5201 munimen,
544 5135 589 5187 est
611 5130 716 5187 enimse
730 5134 951 5188 tentamentum.
1007 5140 1117 5202 monte,
1144 5133 1276 5192 Eleazaro
1309 5133 1501 5189 sacerdotium
1527 5131 1726 5206 dereliguerit,
1752 5138 1782 5189 et
1808 5134 1854 5190 lex

113 5216 149 5273 lte
166 5221 245 5276 enim
260 5219 415 5276 virtutibus
440 5219 623 5286 admiscetur,
640 5223 673 5276 ut
696 5219 848 5275 rideantur
861 5235 953 5292 usqne
1005 5221 1128 5295 eosqui
1158 5237 1223 5277 eam
1246 5219 1431 5291 impleverint
1458 5220 1596 5292 perducet
1619 5220 1654 5275 ad
1685 5235 1850 5289 seminum

112 5322 140 5362 eo
161 5325 216 5365 nec
236 5310 347 5365 decorae
362 5324 422 5364 esse
447 5325 499 5366 nec
525 5309 628 5381 plenae,
644 5313 673 5364 et
695 5308 757 5365 ideo
773 5309 953 5381 proticiscen-
1005 5315 1104 5366 umen
1115 5309 1178 5382 ipsa
1193 5307 1355 5364 sublimitas
1366 5323 1425 5363 non
1440 5314 1483 5364 est
1496 5309 1696 5366 transfluenta
1708 5309 1851 5379 iordanis,

109 5396 179 5454 u'bus
202 5398 240 5455 ed
254 5398 392 5458 virtutem
412 5399 500 5454 varies
514 5403 544 5454 et
564 5397 729 5470 trequentes
743 5397 908 5457 mensiones
921 5397 953 5455 in
1006 5398 1096 5455 sedin
1110 5395 1246 5454 extremis
1259 5401 1443 5454 terrenorum
1458 5414 1580 5471 operam
1594 5397 1709 5456 linibus.
1731 5398 1765 5454 lit
1775 5401 1854 5469 plan·

109 5486 311 5544 baubonibes
333 5487 418 5544 liant
443 5487 519 5554 Ques
533 5503 600 5544 cum
621 5486 783 5557 uenenis,
796 5487 953 5561 applicabis
1005 5489 1049 5561 git
1071 5502 1138 5544 eum
1159 5487 1286 5559 populus
1298 5486 1419 5558 triginta
1432 5487 1553 5545 neum:
1574 5492 1681 5554 buon,
1695 5487 1853 5561 plangitur,

107 3801 237 3871 bibendo,
262 3806 294 3857 nt
309 3818 361 3857 nec
385 3802 539 3858 minimum
553 3801 672 3874 quidem
693 3802 858 3858 mandatnm
875 3818 950 3874 prse-

107 3895 200 3958 tereat,
217 3891 278 3946 imo
294 3906 346 3946 nec
361 3906 451 3946 unuin
474 3890 543 3958 iota,
560 3896 610 3946 aut
625 3905 700 3945 enus
719 3906 792 3961 apex
810 3890 847 3947 de
865 3891 950 3947 serbo

109 3978 152 4034 liei
167 3979 197 4034 in
210 3978 358 4034 intellectu
368 3979 431 4050 ejus
445 3978 586 4035 habeatur
599 3978 717 4035 otiosus.

1044 4213 1108 4286 (lo.)
1127 4214 1194 4269 Post
1211 4211 1273 4268 liaeo
1295 4215 1435 4268 venerunt
1462 4214 1498 4271 ed
1521 4212 1633 4270 Pharan
1662 4211 1757 4278 Cadss,
1785 4217 1851 4280 ete,
