3892 6106
556 277 685 335 GLOSSA
698 275 902 333 onblulltla.
923 305 956 317 -
976 275 1041 331 tllt.
1061 273 1133 331 toll.
1666 278 1719 333 rat

74 400 244 466 satteritur,
261 403 287 454 el
309 404 440 455 umens
466 399 528 471 spei
547 399 720 456 rectitudine
750 400 844 454 nonA
863 399 896 464 it,
924 399 1000 471 qood
1033 399 1184 455 scribimus
1213 405 1319 455 manet.
1359 401 1433 455 licias
1467 416 1525 456 non
1552 401 1642 474 loqui,
1669 405 1719 458 sed

74 505 106 544 rr.
865 486 988 542 scribere
1013 487 1218 543 amaritudines
1242 487 1356 555 dicitur,
1374 505 1439 544 cum
1474 490 1523 544 diu
1552 506 1641 561 super
1666 506 1719 547 nos

74 576 302 633 nrmtamenvias
318 592 407 632 meas.
429 576 501 631 ›Sic
524 577 686 632 enimtunc
710 576 810 632 llomi·
864 576 926 645 ejus
938 576 1052 648 flagella
1065 576 1230 648 perdurent.
1259 577 1353 633 Semel
1382 578 1460 633 enim
1484 579 1520 634 de
1546 579 1719 635 mortalitate

74 670 160 720 ‚rator
175 666 329 731 invenitur,
349 665 372 719 si
398 681 474 720 nunc
497 681 549 734 pro
577 665 680 720 timore
697 665 810 720 Domini
864 663 1142 719 caruissentcntiam
1158 664 1310 737 linitque
1332 680 1424 737 usque
1439 667 1474 722 ad
1504 667 1639 722 ultimum
1655 684 1718 723 mu·

74 771 109 810 rm
122 758 249 810 vestrum
264 771 280 808 a
295 754 374 808 vobis
388 754 458 825 ipsis
479 754 671 825 redarguitur.
865 750 919 805 tori
931 766 992 807 non
1006 751 1120 808 valebit.

74 888 75 895 ,
94 844 136 897 lo.
151 864 213 891 -ι
234 842 295 896 Νοη
310 840 387 894 enim
412 839 507 895 veniel
522 841 552 896 in
579 847 732 914 conspectu
749 842 810 913 ejus
902 862 913 889 ‹
930 840 963 895 lii
977 855 1154 896 consumere.
1171 863 1182 890 ι
1200 842 1281 897 Patet
1305 841 1404 913 gravia
1418 858 1479 897 esse
1505 847 1622 913 peccata
1634 843 1718 914 juve·

74 929 225 1002 :ypocrita
245 951 256 977 s
278 931 356 984 Nunc
370 929 591 1000 venietquidem
606 936 671 985 ante
681 931 811 987 tribunat
864 943 934 982 nom
949 932 978 984 et
994 944 1105 993 meum,
1129 927 1152 982 si
1180 929 1250 986 illud
1272 930 1344 1001 justi
1358 930 1398 985 sio
1423 935 1565 998 metuunt,
1590 932 1716 1004 quadiu

86 1022 153 1085 etc,
168 1033 253 1088 usque
279 1017 316 1071 nd
345 1017 376 1072 in
402 1021 557 1088 conspectu
584 1018 698 1072 Domini
712 1018 810 1074 venire
864 1015 1070 1073 infirmoaetate
1085 1018 1277 1090 deliquerunt.

74 1145 81 1158 .
108 1177 112 1182 ι
900 1106 1258 1163 Versu-«Posuisti
1281 1108 1311 1163 in
1340 1124 1427 1164 nervo
1442 1109 1544 1179 pedem
1574 1124 1712 1164 meum·

74 1235 76 1247 .
93 1197 136 1249 l7.
153 1223 187 1235 -
205 1217 215 1242 ι
235 1193 335 1248 audite
351 1208 512 1247 sermonem
534 1208 641 1247 meum.
661 1214 671 1240 ι
689 1194 743 1248 Per
757 1193 811 1248 boc
864 1194 894 1249 ln
904 1196 1099 1265 nereopedera
1109 1198 1195 1251 llearm
1205 1198 1301 1267 posuit
1311 1198 1446 1264 hominis,
1462 1199 1530 1269 qnia
1545 1199 1715 1269 pravitatem

74 1283 218 1351 enigmata
241 1283 381 1350 nominat,
406 1282 542 1353 figuratas
558 1298 587 1337 se
612 1280 717 1337 habere
731 1281 810 1337 lacn·
864 1281 940 1337 illios
954 1283 1023 1338 lorti
1035 1284 1222 1340 districtionis
1236 1301 1295 1340 suae
1310 1286 1452 1341 sententia
1470 1287 1577 1356 ligavit.

74 1372 257 1440 demonstrat,
283 1372 360 1427 unde
376 1388 444 1426 voce
457 1370 550 1425 tidelis
576 1370 676 1442 populi
688 1369 808 1426 subdit:
902 1392 913 1419 ι
931 1372 965 1426 Et
974 1370 1132 1428 observasti
1146 1389 1248 1429 omnes
1260 1375 1376 1429 semitas
1389 1390 1481 1432 meas.
1502 1397 1512 1424 ι
1538 1375 1644 1431 Semitc
1664 1392 1714 1432 aa·

74 1465 136 1518 le.
159 1485 223 1509 -ι
249 1461 278 1516 Si
302 1461 383 1515 luero
405 1461 559 1532 judicatas,
586 1459 644 1514 scio
668 1460 810 1532 quodju-
864 1458 1033 1528 gustiorest
1061 1461 1230 1532 quamue:
1262 1462 1331 1533 quia
1355 1468 1452 1518 autem
1481 1462 1550 1529 rias,
1576 1463 1713 1531 actiones,

73 1550 150 1623 quod
162 1565 213 1604 nec
228 1551 263 1604 ab
274 1551 336 1620 ejus
351 1565 474 1620 persona
488 1549 637 1620 discrepat,
654 1554 811 1618 etc.‚usque
865 1547 967 1603 merito
995 1548 1112 1603 semitas
1125 1549 1271 1604 actionum
1286 1551 1476 1622 cogitationes
1500 1552 1665 1624 accipimus.

74 1654 119 1693 um
139 1654 168 1692 se
183 1638 288 1693 lectam
305 1653 361 1691 noo
378 1637 490 1709 ignorat
505 1653 537 1691 ex
549 1652 678 1692 munere.
902 1658 913 1686 ι
934 1637 970 1692 Et
986 1637 1104 1709 vestigia
1117 1637 1221 1708 pedum
1235 1654 1366 1693 meorum
1377 1638 1575 1694 considerasti.
1594 1641 1715 1695 »laten-

102 1731 145 1784 la.
165 1750 229 1776 -ι
254 1726 323 1792 Quis
346 1733 389 1781 est
411 1726 462 1799 qai
486 1726 632 1798 judicetur
653 1741 805 1781 mecum.»
864 1725 1090 1798 tionesoperum
1103 1727 1222 1798 vestigia
1243 1727 1330 1795 dixit;
1348 1729 1392 1782 vel
1417 1744 1506 1798 prava
1525 1745 1623 1800 opera,
1652 1744 1717 1801 quae

74 1815 277 1871 ,exterioribus
291 1815 400 1870 actibus
415 1816 491 1871 unde
511 1815 736 1886 reprebendatur
751 1831 809 1870 oon
865 1815 933 1871 dum
959 1815 1081 1887 agimus,
1109 1816 1288 1872 intuentibus
1310 1817 1364 1871 hoc
1391 1816 1525 1872 iratribus
1551 1818 1715 1888 exemplum

74 1904 163 1961 libere
182 1910 376 1959 accusatorem
399 1904 511 1975 qaaerit.
536 1903 609 1969 Quia
635 1919 702 1957 vero
722 1903 808 1958 eliam
864 1905 972 1960 malina
986 1904 1157 1975 praebemus,
1174 1908 1202 1959 et
1222 1903 1305 1975 quasi
1320 1904 1426 1959 inflexo
1441 1908 1520 1959 extra
1544 1904 1619 1959 riam
1644 1903 1716 1974 pede

74 2008 102 2048 m
115 1993 199 2048 corda
213 1993 248 2048 de
260 1994 346 2047 stulta
360 1993 531 2064 cogitatione
544 2008 573 2047 se
585 1991 807 2064 reprehendunt,
864 1991 1051 2065 sequentibus
1060 1992 1181 2048 distorta
1194 1992 1315 2064 vestigia
1333 1992 1535 2065 relinquimus.

74 2096 113 2137 r:
900 2082 1070 2137 ileos.28.·
1095 2079 1247 2152 Quiquasi
1271 2081 1432 2151 putredo.»
1462 2079 1715 2137 Sicutrestimen·

74 2186 114 2225 are
140 2175 237 2226 tarem
263 2172 468 2225 consonari»
499 2173 536 2226 lc
565 2170 700 2226 sidicat:
730 2169 810 2226 Sicut
863 2169 1019 2225 tumdcsc
1035 2174 1132 2224 exorta
1146 2169 1407 2232 tiaeacomeditur.
1425 2167 1716 2238 itabomoinseipso

83 2264 279 2315 accusatorem
303 2259 426 2314 exterius
455 2260 567 2315 nnllam
594 2260 737 2327 timerem,
752 2258 808 2314 uti·
863 2258 951 2316 habet
964 2257 1148 2330 putredinem
1160 2258 1237 2313 node
1250 2263 1445 2313 consumatur.
1473 2258 1521 2312 Vel
1538 2273 1570 2312 er
1594 2272 1715 2328 corrup·

74 2347 229 2405 evixissem
245 2348 365 2403 utintra
381 2364 427 2403 me
443 2349 642 2404 accusatricem
659 2347 809 2403 conscien-
864 2346 943 2402 tione
958 2361 1018 2401 sure
1032 2344 1125 2400 carnis
1140 2350 1277 2410 tentatur,
1299 2344 1373 2399 sicut
1396 2343 1481 2398 restis
1510 2347 1608 2398 exone
1636 2343 1716 2399 tinea

74 2454 103 2493 ru
135 2437 277 2493 timerem.
308 2439 415 2492 Taccus
434 2437 512 2493 enim
540 2437 729 2503 consumitur,
759 2436 809 2508 qui
862 2433 1051 2491 consumitur.

74 2542 83 2582 ι
96 2543 127 2582 se
141 2526 252 2583 invonit
263 2527 340 2582 unde
355 2532 466 2582 uratur.
901 2524 1050 2589 conantes
1064 2522 1156 2578 babeo
1171 2522 1346 2595 iniquitates.
1365 2545 1376 2572 ι
1404 2522 1432 2592 (1
1436 2521 1507 2593 tto.)
1523 2519 1610 2587 Quasi
1629 2519 1716 2575 homo

74 2617 141 2673 ‚2st
161 2639 222 2664 --ι
255 2619 316 2671 lino
345 2620 458 2670 tantam
486 2631 522 2669 ne
554 2614 649 2669 facias.
668 2637 679 2663 ι
698 2616 732 2670 ltt
759 2614 810 2669 liei
862 2629 916 2686 pro
932 2613 1058 2669 caecitate
1073 2610 1167 2667 exsilii
1178 2628 1207 2667 se
1219 2627 1279 2667 non
1292 2611 1380 2677 norit,
1398 2627 1462 2682 quae
1475 2608 1628 2682 contingit,
1645 2608 1714 2681 quia

95 2704 143 2761 bic
169 2704 448 2760 animadversionem
482 2703 568 2759 dicit:
595 2703 625 2758 in
654 2720 711 2775 qua
739 2704 809 2758 dum
864 2702 964 2757 alacie
982 2700 1033 2757 liei
1046 2717 1076 2756 se
1090 2700 1247 2768 abscondit,
1264 2699 1342 2772 quod
1352 2700 1413 2771 jam
1433 2715 1519 2770 poena
1532 2699 1595 2767 ipsa
1621 2697 1715 2753 moni-

86 2791 197 2865 aspicit,
211 2793 305 2863 punit,
322 2808 339 2846 a
365 2809 423 2864 qua
438 2808 524 2847 nemo
544 2791 739 2862 absconditur,
753 2792 809 2847 nisi
863 2795 910 2846 tus
923 2790 1011 2847 dolet.
1030 2811 1041 2840 ι
1058 2790 1163 2846 Contra
1173 2789 1285 2845 lolium.
1303 2811 1314 2837 ι
1327 2789 1419 2843 Homo
1428 2787 1514 2843 arbor
1526 2786 1583 2842 tuit
1597 2787 1629 2841 in
1644 2801 1714 2842 cao-

74 2896 96 2937 η
123 2881 250 2952 postulat
275 2881 509 2946 amoveantur,de
531 2880 636 2951 quibus
664 2881 806 2953 sequitur:
864 2879 984 2946 ditione,
1001 2878 1049 2934 sed
1066 2878 1207 2934 arelactns
1230 2878 1261 2933 iu
1287 2876 1445 2933 tentatione
1468 2876 1581 2945 folium,
1609 2875 1716 2947 stipula

74 2971 138 3023 ,Ἀ
154 2997 189 3009 -
207 2991 217 3017 ι
237 2969 349 3022 Maniam
364 2973 442 3022 luem
458 2967 542 3037 longe
569 2966 612 3021 fac
627 2984 708 3022 arne.
728 2990 738 3017 s
755 2970 811 3025 Per
826 2973 850 3032 c
865 2969 894 3023 in
910 2967 1078 3040 dejectione.

74 3071 190 3128 ,quam
213 3056 297 3128 longe
325 3056 388 3111 lieri
414 3055 550 3127 postulat,
581 3061 647 3123 etc,
672 3059 808 3127 resquead
900 3058 1100 3113 «consumere
1114 3054 1716 3127 mevis,»qoiainjoventatesepeccassa

87 3144 274 3200 formidinem
287 3143 383 3198 servit.
861 3145 980 3214 invenit,
994 3149 1060 3212 etc,
1076 3160 1160 3215 usque
1170 3145 1208 3200 od
1233 3144 1316 3216 quasi
1329 3149 1399 3199 tunc
1425 3142 1572 3199 indiscreti
1598 3141 1714 3197 luerint.

90 3235 135 3288 22.
150 3263 185 3275 -
202 3257 212 3281 ι
232 3234 313 3288 Voce.
332 3255 343 3282 ι
374 3234 484 3305 (Cano.)
500 3233 686 3289 Praesentiam
701 3235 808 3290 Christi

87 3328 120 3378 ut
131 3338 184 3393 per
197 3323 272 3378 banc
281 3328 309 3377 et
320 3322 417 3378 audiat
430 3322 507 3395 quod
523 3322 648 3393 ignorat,
666 3329 696 3379 et
710 3324 806 3379 audia-
1181 3287 1294 3344 CAPUT
1330 3285 1397 3340 xw'

73 3410 106 3467 ris
121 3427 186 3483 quae
200 3411 288 3466 novit.
318 3412 376 3476 Vel,
401 3416 481 3466 vocat
494 3412 570 3466 Deus
596 3411 739 3484 eligendo,
761 3428 807 3468 re·
897 3414 1013 3469 vocal.
1025 3441 1060 3456 -
1078 3412 1194 3468 «Homo
1209 3416 1294 3467 natus
1314 3411 1350 3467 de
1363 3410 1500 3466 muliere.
1521 3408 1650 3481 »(Gsso.)
1667 3408 1717 3464 llic

74 3498 171 3555 thorno
183 3498 356 3565 obediendo;
369 3498 496 3569 loquitur
513 3498 806 3569 homodesideraado‚
861 3502 992 3558 mulieris
1005 3502 1123 3557 nomine
1138 3500 1476 3571 infirmitasdesignatur,
1492 3504 1521 3554 et
1534 3504 1577 3553 est
1594 3514 1712 3554 sensus:

74 3587 111 3643 let
120 3588 194 3642 Deos
208 3586 383 3658 apparendo.
395 3587 449 3642 Sed
460 3586 500 3641 sic
512 3588 663 3656 anhelans,
674 3589 807 3647 subtilius
860 3589 1323 3657 Quidinsehobetlortiludiais,
1353 3589 1404 3661 qni
1433 3587 1559 3643 nascitur
1574 3604 1608 3642 ex
1636 3587 1715 3642 intir-

74 3675 126 3732 tiit·
860 3680 972 3749 mitete,
988 3678 1039 3750 qui
1051 3684 1081 3733 et
1092 3679 1272 3749 angustiatur
1295 3677 1444 3744 advitam,
1461 3681 1491 3731 et
1515 3676 1652 3732 dilatatur
1678 3675 1713 3730 ad

74 3780 154 3821 ame
169 3769 198 3821 et
225 3780 278 3837 ego
308 3763 487 3834 respondebo
515 3762 604 3819 tibi.»
636 3764 740 3819 Vocare
755 3765 806 3820 nei
860 3767 1018 3825 miseriam.

83 3853 206 3908 amando
234 3860 263 3907 et
281 3852 413 3924 eligendo
440 3851 590 3922 respicere.
623 3853 806 3924 Respondete
897 3858 977 3912 Vsus.
1005 3858 1032 3912 2.
1060 3876 1119 3904 -ι
1156 3852 1210 3920 Oui
1244 3853 1326 3926 quasi
1353 3854 1406 3908 llos
1430 3853 1611 3924 egreditur.»
1643 3853 1714 3919 Quia

74 3946 152 3997 aest
190 3941 282 3996 amori
312 3940 390 3996 iliius
416 3940 500 3996 bonis
527 3941 660 4012 oporibus
694 3957 804 4012 parere.
861 3944 1100 4002 nitetincerne:
1183 3928 1186 3935 ’
1491 3994 1496 4006 ,

74 4044 80 4086 t
104 4035 180 4086 certe
203 4030 314 4102 loquar.
333 4052 344 4078 ι
364 4029 522 4102 Loquimur
544 4047 610 4102 cnm
624 4030 711 4086 iacies
744 4031 807 4102 ejus
899 4030 1096 4100 «conteritur,
1113 4029 1213 4102 »2qoie
1229 4028 1370 4100 redigitur
1390 4028 1421 4082 in
1447 4029 1594 4100 pulverem
1618 4033 1647 4084 et
1659 4045 1714 4100 pu-

74 4118 194 4175 idcrium
214 4121 412 4191 postulamus:
443 4118 597 4189 respondet
623 4119 807 4191 loquentibus
861 4122 1016 4179 tredinem.

74 4209 122 4265 »bis
136 4224 166 4264 se
180 4208 342 4264 amentibus
357 4211 484 4280 apparet.
891 4234 902 4261 «
921 4211 954 4266 Et
967 4208 1041 4282 tagit
1056 4208 1145 4278 {velut
1170 4206 1311 4262 umbra.»
1334 4207 1396 4261 Non
1422 4206 1477 4262 soli
1503 4205 1634 4277 fugienti,
1664 4206 1713 4262 sed

89 4301 162 4354 lb«
186 4298 312 4363 erantas
339 4296 430 4353 habeo
454 4295 629 4368 iniquitates,
650 4319 660 4345 ι
688 4301 741 4353 etc.
757 4299 805 4354 Ju·
821 4324 845 4381 p
864 4301 967 4357 umbra
978 4296 1126 4354 bominem
1137 4294 1324 4368 comparavit.
1340 4295 1395 4361 Qui
1410 4295 1489 4350 enim
1503 4295 1535 4350 in
1549 4310 1647 4350 amore
1663 4295 1713 4351 [lei

82 4387 163 4442 labar
176 4393 229 4455 est,
247 4391 278 4440 ut
293 4386 460 4456 semetipsos
473 4384 631 4454 inveniant,
655 4385 805 4441 invenicn·
860 4390 986 4448 calorem
999 4387 1092 4442 cordis
1110 4401 1170 4440 non
1196 4386 1292 4451 habet,
1318 4401 1371 4441 nec
1397 4389 1494 4441 tamen
1510 4384 1599 4439 vitam
1625 4401 1712 4457 quam

73 4474 109 4531 do
132 4480 219 4547 atque
241 4475 410 4544 corrigendo
434 4474 467 4528 ad
491 4474 610 4528 meliora
635 4475 804 4545 perducant.
860 4478 955 4549 diligit
966 4480 1054 4544 tenet,
1070 4476 1148 4530 velut
1163 4474 1265 4530 umbra
1280 4474 1364 4547 fugit.

101 4562 213 4619 videtur
245 4563 382 4635 iniquitas
409 4578 496 4634 quam
533 4568 690 4634 peccatum,
715 4566 806 4620 scelus
896 4563 1281 4637 ‹litnunquamineodem
1300 4566 1483 4631 stato,»etc.
1513 4562 1612 4634 (ibid.)
1641 4563 1712 4617 Nem

74 4653 201 4708 elictum.
860 4657 927 4713 inde
943 4670 1057 4726 semper
1081 4652 1187 4722 delicit,
1216 4652 1293 4708 unde
1307 4668 1337 4708 se
1362 4650 1503 4724 prolicere
1529 4651 1561 4706 in
1588 4650 1712 4721 spatium

86 4741 132 4795 at.
142 4770 168 4785 ·
190 4762 201 4789 ‹
219 4740 275 4796 Cur
289 4739 390 4794 faciem
402 4743 481 4793 tuam
492 4739 640 4795 abscondit
653 4740 667 4795 ‘l
685 4763 696 4789 ι
712 4740 806 4813 (leid.)
859 4745 924 4800 ritae
939 4742 1038 4800 credit.

74 4828 333 4899 ontempletionem
363 4827 413 4882 liei
428 4827 528 4882 hebuit
556 4828 586 4883 in
602 4829 745 4900 paradiso,
756 4829 806 4886 sed
895 4833 979 4889 Vens.
996 4834 1068 4889 ³.-
1085 4852 1096 4882 ι
1112 4833 1145 4886 Et
1155 4830 1276 4903 diguam
1290 4828 1467 4901 docissuper
1476 4820 1709 4899 hujuscemodi,

74 4932 132 4972 sam
145 4917 265 4971 incurrit
279 4915 442 4986 caliginem.
459 4917 491 4971 lit
512 4916 650 4972 excitatus
665 4934 699 4973 ex
720 4934 807 4989 poena
859 4927 912 4978 etc.
929 4923 1021 4976 ileum
1034 4914 1159 4991 'aperire
1187 4920 1295 4986 oculos,
1327 4923 1368 4973 est
1393 4916 1502 4990 judicia
1530 4932 1670 4982 exercere,
1685 4922 1715 4971 et

74 5005 232 5071 tamarem,
249 5020 280 5058 aa
300 5004 370 5058 dicit
385 5021 392 5058 :
861 5027 950 5083 quem
963 5009 1049 5065 {edat
1063 5008 1169 5064 videre.

74 5092 227 5148 arbitraris.
243 5116 253 5142 ι
270 5091 343 5157 Ouia
356 5092 381 5147 si
395 5097 427 5147 ul
439 5093 563 5148 amicum
578 5094 734 5166 respiceres
746 5112 803 5165 me,
891 5101 971 5154 Vsus.
988 5099 1016 5154 i.
1033 5128 1067 5140 -
1087 5119 1097 5146 ι
1114 5096 1184 5162 Quis
1198 5099 1293 5167 potest
1307 5096 1435 5159 lacere»
1452 5098 1505 5149 etc.
1515 5095 1541 5148 ls
1555 5093 1645 5160 enim,
1662 5093 1712 5164 qui

74 5183 141 5239 ionis
155 5182 333 5238 iuminenon
346 5181 484 5253 privares·
857 5204 910 5261 per
925 5205 955 5244 se
971 5189 1049 5243 solas
1063 5185 1189 5241 mundns
1204 5189 1256 5252 est,
1273 5189 1336 5250 etc,
1354 5199 1439 5253 usque
1461 5184 1499 5238 od
1526 5183 1619 5238 solum
1631 5182 1710 5239 Chri·

87 5275 133 5330 25.
148 5302 184 5312 -
201 5293 212 5320 ‹
230 5272 335 5328 Contra
350 5271 464 5336 lolium,
481 5292 491 5320 ι
514 5273 567 5327 etc.
585 5271 676 5328 Homo
704 5273 805 5328 lolium
858 5280 934 5332 stum
947 5275 1018 5332 dicit
1039 5290 1099 5330 noa
1115 5273 1150 5329 dc
1165 5272 1314 5328 immundo
1327 5272 1437 5328 semine
1462 5277 1585 5327 natum.

85 5366 151 5430 etc,
181 5376 266 5432 usque
293 5360 331 5415 od
359 5375 446 5432 quem
477 5359 517 5414 sic
558 5376 619 5415 esse
655 5361 804 5418 infirmum
894 5366 977 5420 Vane.
992 5367 1019 5420 b.
1038 5392 1072 5405 -
1093 5384 1104 5414 ι
1124 5363 1224 5417 Breres
1247 5360 1309 5416 dies
1336 5361 1503 5431 hominia»
1532 5366 1585 5415 etc.
1615 5359 1710 5431 (rua.)

74 5452 106 5506 s?
858 5452 927 5525 quie
941 5451 1017 5524 apud
1031 5453 1123 5507 licum
1150 5450 1237 5506 etiem
1263 5449 1389 5506 labentia
1416 5453 1509 5506 stant:
1539 5449 1616 5520 apud
1645 5464 1712 5504 eum

81 5541 174 5596 aa-
189 5537 328 5595 «Scribis.
347 5537 803 5613 »Quiaquodloquimnr,trans·
858 5557 921 5600 esse
949 5556 1103 5607 nnmerum
1129 5538 1271 5595 mensium
1300 5537 1443 5612 perbibet.
1469 5537 1571 5607 Vel,in
1598 5537 1711 5604 diebus,
