3892 6106
88 251 142 305 979
420 245 616 302 wnmrnlnl
637 245 761 302 stultu
780 246 883 302 FULD.
905 247 988 304 uon.
1008 246 1085 303 OPP.
1106 243 1196 301 PARS
1214 244 1236 300 l.
1255 271 1292 283 -
1310 240 1540 297 Tnnououtca.
1798 244 1847 297 sto

90 373 176 428 lsrael
197 373 289 427 ιιιιιι
315 369 501 441 ιιιιιι,(ιιιιι.
519 369 581 440 ιιι.)
609 369 698 439 Super
725 367 985 440 filium.(tlass.)1t
1038 369 1122 423 Vnus.
1148 369 1174 422 8.
1191 396 1224 407 -
1257 366 1294 420 ln
1319 363 1505 430 tribulatione,
1525 365 1581 418 etc.
1608 360 1853 434 (Camlsicl’ro-

90 461 186 532 Super
206 463 234 515 et
255 459 416 527 fundatam,
442 462 509 528 etc,
522 472 608 527 usque
628 457 666 512 ool
698 457 734 512 de
758 456 825 529 igne
850 460 945 510 autem
1001 455 1099 526 pheta:
1122 453 1241 511 Dives-tit
1256 453 1395 509 Dominus
1410 452 1517 518 dicens,
1540 450 1577 507 ln
1596 451 1786 517 tribulatione,
1803 452 1853 506 im·

92 549 161 604 boni
178 548 284 603 amoris
306 548 425 603 dicitnr:
441 548 533 614 lunam
562 549 624 600 oeni
647 548 754 601 mittere
780 548 810 600 in
833 550 945 611 uncum,
999 549 1137 616 putantur
1147 543 1189 597 eis
1202 541 1343 597 beneficia
1365 540 1427 606 Dei,
1453 540 1612 612 utgraeior
1631 539 1797 595 aestimetur
1810 540 1852 595 ul-

92 638 281 706 etquiduoto,
300 635 608 704 nisiuturdeottttuc.
633 633 697 704 ιιι.)
998 633 1089 688 seusa.
1106 632 1246 686 Euoudtct
1271 637 1295 686 te
1324 633 1354 685 in
1380 629 1547 685 abscondito.
1576 628 1677 700 (Aoo.)
1707 629 1744 684 Ut
1771 629 1854 703 cogde

127 727 210 781 Vens.
242 727 285 780 l8.
305 754 340 764 -
363 726 425 779 Fiat
448 738 555 779 monus.
587 723 689 797 (Cass.)
719 722 829 779 Grande
856 736 947 776 sacra·
1000 721 1098 776 credas
1113 720 1148 774 ad
1174 719 1326 791 justitiam.
1355 718 1479 784 Probuui,
1503 723 1536 771 ut
1561 732 1613 772 ora
1643 715 1697 771 flat
1711 717 1852 772 contessio

93 818 234 880 mentum,
250 816 394 868 etmunus
409 814 478 880 Deo,
494 812 766 885 quietandiusalns
791 810 946 866 lsraetdu-
1001 810 1035 864 ad
1063 810 1194 863 salutem.
1212 808 1398 876 Tempestatis,
1433 809 1486 860 etc.
1530 806 1593 860 Non
1621 806 1653 860 ιιι
1683 809 1854 877 tempestate

92 902 177 958 bituri
198 902 303 974 potuit,
329 903 421 957 donec
449 901 577 957 Christus
599 901 690 955 venit:
715 900 765 955 aad
786 904 854 956 tunc
868 915 947 955 com·
999 898 1097 964 maris,
1113 898 1162 952 sed
1188 895 1299 951 cordis:
1315 895 1366 949 ubi
1389 894 1541 949 exauditus
1564 893 1652 950 debet
1664 894 1798 965 probari,
1825 894 1855 949 in

92 991 170 1060 plata
196 995 239 1044 est
251 989 416 1060 promissio,
428 988 567 1043 necultra
592 988 711 1043 discedit
724 988 759 1042 ab
775 1004 808 1043 eo
825 986 948 1042 Ecclesia
998 1002 1074 1058 aqua
1101 982 1349 1041 contradictionis:
1374 983 1436 1053 jam
1452 983 1529 1038 enim
1541 983 1679 1053 gradiens
1696 983 1777 1037 viam
1794 983 1852 1050 Dei,

93 1094 199 1149 sponso
223 1080 384 1151 conjuncta.
405 1077 479 1132 Dicit
498 1093 581 1147 ergo:
601 1079 664 1132 Fiat
679 1091 787 1146 munus,
803 1074 947 1148 operatio·
999 1074 1087 1130 habet
1099 1073 1197 1128 multis
1220 1072 1313 1127 modis
1341 1072 1519 1128 obsistentes.
1541 1072 1605 1126 llaec
1631 1079 1675 1127 est
1690 1088 1770 1143 aqua
1790 1087 1854 1126 eon·

92 1182 162 1222 uem
177 1172 282 1222 sanciae
298 1166 503 1222 incarnationis
519 1169 663 1237 precatur.
999 1162 1190 1233 tradictionis,
1219 1178 1305 1234 qnam
1320 1165 1473 1216 senserunt
1486 1159 1607 1232 antiqui,
1629 1160 1680 1215 sed
1704 1159 1770 1231 jam
1785 1159 1855 1214 benc

130 1257 214 1309 Vens.
248 1259 288 1310 lo.
306 1257 413 1312 -lton
436 1255 611 1310 discedimus.
641 1252 740 1323 (Coss.)
771 1253 858 1318 Ultra,
882 1266 947 1306 cnm
999 1252 1103 1307 siccata
1118 1256 1177 1307 est:
1198 1255 1268 1306 tunc
1293 1250 1370 1305 enim
1399 1265 1484 1321 aquae
1507 1248 1684 1321 populorum
1700 1248 1855 1305 turbaban-

93 1342 188 1398 filium
203 1344 330 1398 hominis
344 1344 511 1411 vivificabis:
527 1344 590 1398 ιιι
604 1345 646 1397 ιιι
663 1341 769 1395 utilitas
779 1341 814 1395 ab
828 1356 873 1394 eo.
1003 1346 1059 1407 tur,
1075 1345 1103 1395 et
1115 1340 1219 1395 acriter
1232 1338 1414 1394 resistebant.
1428 1339 1507 1392 Tunc
1535 1337 1670 1393 Samsoni
1695 1337 1771 1393 torti
1785 1337 1851 1405 viro,

134 1432 212 1487 Vsus.
240 1433 285 1487 ιθ.
308 1463 343 1472 -
361 1433 475 1487 Domine
490 1435 559 1487 Deus
582 1433 725 1498 uirtutum,
749 1435 943 1492 convertentes,
1000 1430 1088 1485 idest
1105 1429 1226 1496 Christo,
1249 1428 1352 1483 ducere
1376 1427 1457 1482 eunti
1475 1442 1594 1482 uxorem
1618 1427 1656 1482 de
1670 1426 1851 1498 alienigenis,

94 1519 203 1575 ostende
230 1519 328 1586 faciem
353 1524 438 1586 tuom,
462 1524 488 1575 et
512 1520 583 1574 sulm
596 1522 706 1574 erimus.
723 1518 821 1590 (ὒιιι.)
845 1518 948 1587 tdagnu
1000 1518 1029 1574 id
1044 1522 1086 1572 est
1106 1516 1260 1572 Ecclesiam
1275 1516 1310 1571 de
1336 1516 1481 1588 gentibus,
1506 1515 1632 1571 occurrit
1647 1516 1694 1571 leo
1718 1515 1854 1582 tremens,

96 1607 221 1662 suavitas
235 1607 321 1678 hujus
338 1607 478 1673 versiculi,
496 1606 525 1660 in
542 1623 599 1677 quo
614 1606 742 1676 regulam
766 1605 855 1660 totins
877 1604 947 1658 reli·
962 1652 982 1705 Β
1000 1606 1086 1662 idest
1108 1606 1233 1677 populus
1247 1604 1387 1677 gentium,
1417 1603 1468 1660 sed
1487 1603 1636 1674 dissiparit
1649 1620 1733 1669 eum,
1751 1610 1784 1660 nt
1802 1605 1855 1660 ha·

96 1695 193 1767 gionis
206 1694 332 1767 exponit.
357 1694 454 1749 Primo
483 1693 560 1748 enim
583 1696 658 1750 Deus
686 1709 739 1748 noa
755 1696 894 1759 conuertit,
919 1698 947 1747 et
1001 1695 1070 1750 dum
1084 1709 1249 1765 caprarum:
1266 1698 1294 1748 et
1322 1692 1526 1764 quiapopulus
1549 1692 1602 1746 iste
1632 1691 1766 1748 fremens
1787 1692 1855 1748 nihil

98 1789 167 1840 tunc
183 1801 234 1839 uos
245 1789 308 1839 onte
321 1784 424 1850 (cuiun
446 1783 583 1851 ostendit,
597 1782 625 1838 id
640 1787 695 1844 est,
709 1782 818 1837 lumine
832 1781 947 1854 pietatis
1000 1788 1072 1853 erat,
1088 1782 1144 1837 nisi
1159 1781 1313 1853 languidus
1325 1787 1466 1852 peccator.
1482 1780 1580 1837 Occisa
1590 1785 1693 1837 autem
1710 1781 1744 1841 in
1759 1797 1793 1837 eo
1811 1782 1855 1836 illu

32 1865 35 1873 ’
97 1889 150 1928 ιιι
178 1872 308 1944 inspicit:
337 1875 403 1943 post
430 1872 506 1942 quod
534 1887 587 1926 nos
606 1872 722 1926 tandem
746 1873 843 1927 sulvat.
867 1872 947 1926 Hunc
1002 1871 1124 1940 feritate,
1135 1870 1197 1941 jam
1208 1887 1267 1925 non
1281 1870 1322 1925 sio
1335 1870 1442 1937 fremit,
1460 1870 1519 1925 imo
1529 1870 1591 1942 J'am
1620 1870 1731 1942 inipso
1752 1870 1855 1926 inveni·

97 1976 166 2032 ergo
181 1961 323 2031 propheta
337 1960 431 2027 iterat,
457 1959 526 2032 qnia
539 1976 592 2031 per
605 1960 700 2032 ipsum
715 1960 837 2032 quisque
854 1959 946 2015 brevi·
1001 1977 1066 2016 mus
1088 1961 1165 2031 leges
1195 1975 1247 2031 pro
1268 1959 1399 2022 Ecclesia,
1417 1959 1500 2032 quasi
1517 1959 1616 2014 lasum
1641 1959 1674 2014 in
1688 1976 1743 2015 ore
1758 1960 1851 2016 leonis.

98 2053 143 2104 ter
157 2049 234 2121 qnod
249 2048 375 2120 expedit,
389 2048 537 2120 implorat.
1000 2052 1083 2119 Aqua
1096 2049 1329 2104 contradictionis.
1360 2048 1487 2103 Christus
1510 2048 1566 2103 luit
1588 2047 1680 2103 etiam
1706 2049 1739 2103 in
1754 2049 1851 2120 seipso,

1584 2143 1853 2282 :emm

133 2314 213 2368 Vnus.
242 2316 267 2369 t.
298 2342 334 2354 -
361 2316 412 2369 Pro
439 2315 629 2370 torcularibus.
660 2316 755 2386 (Anu.)
785 2316 818 2371 ln
843 2317 948 2388 quibus
1001 2314 1077 2385 (Luc.
1093 2314 1133 2383 ιι),
1150 2312 1629 2369 uttudaeicontradixernnttitulo
1646 2313 1754 2369 crucis.

96 2400 162 2470 tria,
178 2404 242 2467 ete,
269 2417 354 2471 usque
376 2401 414 2456 od
437 2408 570 2457 cantatur
583 2405 712 2475 psalmus
734 2405 840 2476 nsapn,
853 2405 946 2472 idest,
1038 2403 1124 2458 Vnus.
1142 2405 1168 2458 o.
1179 2432 1213 2442 -
1225 2403 1301 2459 Audi
1318 2403 1434 2472 populus
1449 2416 1533 2456 meus.
1554 2400 1658 2473 (Cass.)
1680 2401 1848 2474 Diapsalma

99 2490 256 2546 [lominica
274 2492 499 2564 congregationi.
526 2493 634 2563 Asopis,
670 2497 722 2548 etc.
749 2493 846 2564 (Cass.)
876 2494 949 2559 Quia
1003 2490 1191 2545 llactennsde
1207 2491 1271 2544 oleo
1290 2489 1487 2554 torcularium,
1504 2488 1565 2559 jam
1581 2489 1617 2542 de
1634 2504 1767 2554 amurca,
1784 2489 1853 2561 quod

96 2580 256 2634 secundum
280 2579 430 2635 historiam
443 2580 559 2650 ludaeis,
574 2581 759 2653 spiritualiter
780 2581 948 2638 Christianis
1002 2578 1106 2634 dicitur
1120 2580 1155 2634 ad
1176 2578 1346 2645 carendum,
1375 2577 1421 2632 bic
1449 2580 1612 2648 arguuntur
1636 2577 1770 2650 reprobi.
1792 2578 1855 2635 Gon·

96 2668 234 2739 loquitur.
252 2669 347 2739 (Αιι.)
370 2669 466 2725 Primo
489 2669 560 2725 dicit
586 2669 654 2743 quid
679 2670 823 2741 agendum
839 2672 945 2741 electis,
1003 2667 1166 2723 testaborte.
1185 2668 1248 2737 lpse
1275 2665 1416 2720 Dominus
1428 2664 1528 2735 judicii
1543 2668 1648 2720 testem
1675 2681 1709 2721 se
1732 2665 1856 2721 facitne-

96 2754 145 2827 ιιι
156 2760 232 2822 ιιιι,
243 2757 349 2825 oleum,
361 2756 471 2823 vinnm,
488 2773 562 2812 uvas.
1001 2755 1105 2822 ritulis,
1122 2760 1181 2810 tam
1205 2755 1252 2808 hic
1268 2769 1356 2826 quam
1371 2753 1402 2808 in
1426 2753 1533 2821 futuro,
1561 2758 1593 2807 ut
1607 2752 1711 2809 nullus
1737 2754 1855 2811 dubitet.

131 2845 212 2899 Vnus.
238 2847 264 2898 ι.
292 2874 324 2885 -
354 2847 484 2901 Eusultut
512 2849 574 2901 Deo.
602 2846 707 2917 Asaph,
722 2847 871 2918 proposita
893 2848 948 2903 sibi
1004 2843 1111 2898 Deinde
1123 2844 1194 2914 quid
1216 2843 1286 2898 velit
1300 2859 1367 2898 enm
1394 2842 1564 2913 intelligere,
1593 2842 1708 2899 subdit:
1736 2844 1858 2900 lsraelsi

95 2930 222 3002 imagine
235 2932 384 3003 cujusdam
399 2934 597 3004 solemnitatis,
627 2936 731 2990 eleetos
745 2936 781 2990 ad
794 2935 943 2992 celebrite-
961 2933 982 2990 C
1001 2947 1047 2987 me
1075 2932 1209 2999 audieris,
1232 2931 1359 2987 vocando
1388 2947 1454 2986 anm
1482 2931 1577 2996 lsrael,
1608 2930 1787 2988 familiarem
1804 2933 1854 2988 sibi

95 3020 154 3072 tem
168 3017 280 3075 incitat.
999 3019 1150 3091 signifieat,
1166 3025 1195 3075 et
1221 3020 1259 3074 ad
1280 3021 1361 3090 jussa
1377 3019 1488 3075 invitat.
1511 3021 1548 3074 In
1575 3023 1612 3087 te,
1638 3021 1671 3075 in
1701 3021 1859 3077 cordetuo

131 3107 214 3162 Vens.
234 3110 260 3162 3.
284 3137 318 3149 -
345 3108 449 3164 Sumite
473 3110 620 3179 psalmum.
649 3108 742 3182 (Anu.)
765 3111 857 3166 Verba
882 3112 944 3180 Dei,
1000 3110 1050 3164 ubi
1064 3110 1179 3178 veritas,
1194 3125 1253 3164 uon
1281 3107 1389 3164 falsitas
1413 3108 1499 3163 debet
1523 3123 1594 3164 esse.
1618 3111 1722 3166 uenus
1741 3126 1779 3165 ne
1795 3126 1859 3166 ver-

96 3198 128 3248 nt
145 3194 265 3250 hnmani
290 3200 369 3251 actus
392 3196 563 3251 conveniant
591 3197 622 3251 iu
648 3213 737 3252 unam
763 3198 944 3254 societatem:
999 3199 1067 3254 hum
1097 3197 1187 3252 Patris
1210 3201 1327 3269 putetur
1360 3197 1412 3252 snb
1442 3200 1581 3268 tempora.
1611 3200 1699 3253 Deum
1727 3199 1858 3267 ulienrcm,

96 3281 247 3339 hacenim
263 3289 305 3340 est
320 3300 374 3356 pax
398 3286 567 3352 Jerusalem,
591 3286 653 3340 haec
680 3291 722 3340 est
743 3287 816 3342 ratio
845 3287 905 3343 dati
920 3291 948 3342 ιι
1000 3287 1051 3359 qni
1067 3287 1195 3353 nomine,
1220 3301 1278 3341 non
1305 3284 1438 3340 essentia.
1467 3285 1611 3341 Alienum:
1636 3286 1716 3343 Ριιιι
1739 3304 1796 3360 par
1817 3291 1859 3344 est

97 3372 224 3442 accepti:
248 3372 326 3426 nuda
339 3373 506 3442 Apostolus:
538 3375 569 3429 Si
579 3376 743 3443 spiritualia
756 3378 947 3431 seminavimus
1001 3375 1093 3430 scelus
1106 3379 1251 3430 recentem
1263 3375 1352 3429 Deum
1367 3378 1479 3444 putare,
1493 3374 1750 3431 etidolisservire.

96 3456 172 3511 uobis
202 3472 331 3526 magnum
364 3462 403 3512 est
431 3460 457 3512 si
490 3460 614 3514 cornutio
647 3464 738 3515 oestro
765 3466 895 3517 metamus
924 3462 949 3533 (l
1038 3465 1117 3519 Vens.
1144 3466 1185 3520 ιθ.
1209 3494 1241 3505 -
1268 3466 1326 3521 Nou
1338 3466 1428 3518 uitio
1442 3467 1467 3518 te
1481 3466 1651 3518 Dncsrccens
1675 3480 1775 3534 nequa
1804 3469 1856 3521 etc.

97 3545 158 3603 Gor.
175 3544 225 3617 ιιι).
1001 3551 1093 3623 (Aoo.)
1105 3550 1160 3606 Alii
1174 3551 1283 3606 faciunt
1311 3550 1366 3605 sibi
1391 3554 1518 3605 recentes
1533 3551 1613 3621 deos,
1641 3552 1689 3608 vel
1712 3553 1801 3616 idola,
1816 3551 1859 3609 val

132 3633 213 3688 Vens.
229 3634 256 3689 4.
282 3662 317 3674 -
331 3636 485 3690 Buccinote.
511 3634 607 3706 (bna.)
632 3637 783 3708 llucnsque
809 3637 843 3692 ad
858 3637 948 3708 parti·
1003 3640 1146 3696 Christum
1161 3639 1302 3710 imparem
1321 3637 1410 3707 Patri,
1425 3642 1454 3693 et
1480 3637 1536 3693 alia
1550 3638 1720 3710 hujusmodi
1745 3640 1858 3714 lingunt

98 3720 217 3788 tionem,
234 3722 278 3776 vel
293 3721 329 3776 ad
343 3722 479 3791 litteram,
502 3723 669 3795 simpliciter
691 3726 726 3780 de
751 3725 857 3782 Jndaeis
876 3727 948 3780 acci·
1002 3728 1032 3782 in
1043 3727 1143 3783 corde:
1160 3728 1237 3783 etita
1251 3731 1318 3782 sunt
1335 3725 1441 3796 templa
1464 3725 1688 3784 simulacrorum
1714 3728 1747 3785 ιιι
1762 3729 1858 3786 omui·

97 3809 203 3881 pianda
217 3814 294 3876 sunt,
325 3813 368 3866 vel
397 3813 548 3882 allegorice
578 3813 612 3868 de
641 3813 817 3870 Christianis.
847 3815 947 3888 (ltus.)
1002 3815 1055 3870 bus
1069 3821 1184 3870 terrena
1212 3815 1365 3887 cogitatio:
1388 3812 1486 3884 opinio
1509 3813 1631 3881 (ιιιιιιι,
1652 3816 1770 3872 vanitas
1792 3833 1855 3872 ιιιιι.

96 3901 250 3970 Buociuute,
264 3904 293 3954 et
312 3901 492 3967 annuntiate,
511 3908 576 3967 etc,
592 3918 676 3972 usque
688 3903 726 3958 ud
750 3904 828 3959 unde
848 3905 947 3961 isaias:
1002 3903 1069 3959 Ideo
1088 3903 1208 3959 Samson
1223 3903 1326 3959 caudas
1342 3901 1470 3973 vulpium
1485 3902 1637 3974 colligavit,
1664 3909 1698 3959 ut
1720 3904 1858 3961 incende·

97 3989 197 4043 Clamo
220 4003 253 4044 no
277 4004 371 4058 cesses,
391 3994 422 4044 ut
439 3990 504 4045 tuba
525 3993 618 4047 enolto
636 4007 724 4047 uocem
740 3997 825 4057 tuum,
848 3997 901 4049 etc.
914 3994 949 4050 In
1001 3997 1047 4046 ret
1079 4007 1185 4046 messes
1217 3991 1461 4047 Philisthaeorum.
1490 3991 1611 4047 Samson
1648 3991 1858 4064 iuterpretatur

96 4078 236 4132 neomenia
264 4077 339 4132 tubo.
373 4078 469 4148 (Cass.)
498 4079 531 4134 ln
554 4078 635 4135 initio
663 4080 771 4135 mensis
794 4081 950 4150 jussisunt
1002 4081 1042 4136 sot
1056 4096 1168 4150 eorum,
1183 4080 1296 4146 scilicet,
1324 4079 1512 4152 quibusipse
1537 4080 1623 4147 lucet,
1638 4083 1855 4138 nonomninm:

97 4159 189 4215 Judaei
212 4161 281 4216 tuba
308 4177 421 4232 cauere,
446 4162 475 4217 id
504 4167 555 4231 est,
593 4164 624 4219 in
648 4164 732 4220 initio
755 4181 837 4221 nova
859 4167 983 4275 lunio,D
1002 4168 1037 4222 de
1049 4183 1106 4240 qno
1118 4167 1187 4223 mali
1208 4167 1312 4223 dicturi
1334 4174 1415 4224 sunt:
1443 4169 1638 4226 Erruuimusu
1660 4171 1855 4236 ιιιυιιιιιιιι,

97 4248 175 4320 qnod
189 4252 217 4303 et
239 4249 344 4305 testum
367 4251 501 4305 tubarum
522 4251 637 4320 dicitur,
664 4253 742 4325 quod
765 4255 947 4313 celebrabant
1001 4260 1027 4311 et
1040 4256 1208 4325 sotiustitiu
1221 4271 1274 4310 non
1287 4257 1382 4313 ittunit
1404 4259 1481 4314 nobis
1494 4257 1624 4328 (Suum).
1651 4257 1689 4313 Et
1712 4258 1800 4315 alibi:
1816 4259 1855 4315 Sol

96 4336 125 4391 in
155 4338 325 4393 memoriam
354 4337 437 4393 istius
468 4339 519 4407 ιιι,
551 4340 630 4411 quod
657 4341 796 4397 Dominus
823 4346 949 4401 ostendit
997 4343 1175 4413 justitient,
1191 4346 1331 4399 etsunitus
1346 4346 1374 4398 in
1386 4346 1557 4415 pennuejus
1582 4344 1695 4416 (ltuluc.
1712 4347 1764 4418 ιν).
1791 4347 1853 4402 Vul-

96 4425 218 4480 Abrahoe
241 4425 360 4481 arietem
385 4426 462 4482 iuter
490 4444 591 4500 vepres
605 4429 772 4498 laurentem,
788 4446 874 4503 quem
894 4447 947 4503 pro
1001 4435 1129 4503 pessunt
1143 4432 1283 4500 insidiosi,
1299 4432 1424 4489 maxime
1438 4433 1576 4501 haretici,
1591 4433 1717 4489 latentes
1750 4435 1784 4490 ιιι
1805 4441 1855 4490 ιιι·

98 4513 175 4568 Ιιιιι
189 4513 359 4570 immolavit.
1000 4521 1089 4575 tuosis
1116 4522 1255 4590 cavernis,
1285 4521 1472 4593 decipientes,
1497 4522 1583 4577 odore
1624 4527 1783 4593 putentes:
1811 4522 1854 4596 gui

131 4602 212 4657 Vnae.
228 4606 255 4658 5.
270 4634 305 4644 -
325 4604 396 4670 Quia
414 4609 580 4675 preceptum
603 4609 633 4660 in
657 4607 744 4663 lsrael
768 4610 823 4675 est;
847 4611 872 4664 et
896 4609 946 4679 iu·
1001 4609 1055 4664 etsi
1068 4609 1220 4665 dissentire
1235 4609 1269 4665 ab
1283 4609 1406 4666 invicem
1421 4611 1562 4677 videntur,
1580 4610 1735 4667 iumulum
1751 4617 1853 4690 tamen,

97 4688 210 4757 dicium,
223 4695 276 4746 ιιι.
299 4693 359 4761 (Ιι.)
375 4692 440 4747 ldeo
462 4693 531 4748 tuba
552 4696 723 4762 canendum,
745 4695 947 4768 qnialaxdutu
1001 4695 1031 4750 id
1044 4702 1098 4766 est,
1122 4697 1153 4751 in
1178 4697 1385 4768 posterioribus
1408 4697 1602 4764 consentiunt,
1627 4697 1720 4754 simili
1733 4701 1854 4756 vanitate

96 4782 139 4833 est
153 4778 259 4835 ludaeis
269 4796 322 4852 per
336 4781 461 4851 ltoysen,
475 4786 502 4837 et
517 4783 585 4854 quia
597 4784 686 4855 judex
700 4785 812 4840 iuturus
827 4790 879 4842 ιιι.
1000 4788 1144 4853 tenentur,
1161 4790 1189 4840 ιι
1211 4785 1368 4841 incendunt
1390 4802 1496 4841 messos
1510 4801 1569 4841 non
1595 4790 1778 4854 nostrornm,
1794 4788 1856 4863 quir

132 4868 213 4924 Vnus.
231 4871 257 4924 6.
278 4898 312 4909 -
334 4871 485 4941 lutosept.
511 4871 603 4944 (Aoo.)
630 4874 734 4929 Gentes
749 4878 816 4930 sunt
825 4875 942 4948 ioseph,
1001 4873 1082 4928 novit
1097 4874 1172 4929 Deus
1201 4874 1335 4945 quisunt
1362 4875 1437 4946 ejus3
1452 4874 1499 4930 sed
1526 4874 1854 4951 alienigenarumque

44 5001 45 5005 ,
96 4959 162 5023 etc,
176 4972 261 5026 usque
274 4957 312 5012 od
327 4957 376 5012 nbi
386 4957 509 5014 debebat
520 4959 626 5016 habere
639 4977 697 5016 cor.
1003 4967 1070 5018 sunt
1082 4978 1149 5018 nasa
1161 4964 1354 5019 contumeliae.

131 5044 302 5099 Vaas.'t.-
317 5046 362 5100 Ab
382 5047 516 5102 oneribus.
545 5047 639 5119 (Αιι.)
668 5049 776 5114 Quibus
799 5051 944 5122 oneribus,
1038 5053 1120 5109 Vnus.
1138 5056 1180 5108 lt.
1196 5082 1231 5094 -
1247 5053 1401 5119 Quieoluui
1415 5057 1449 5108 ιι.
1484 5052 1577 5109 Factis
1599 5053 1731 5126 propriis
1756 5054 1854 5111 iudica·

95 5147 192 5188 munus
206 5135 236 5188 in
250 5133 373 5204 oopbino,
395 5133 424 5190 id
439 5138 491 5202 ιιι,
506 5137 601 5191 servili
616 5153 714 5208 opera.
744 5141 862 5195 Peccata
886 5157 944 5196 ser·
1001 5143 1050 5194 tur
1064 5141 1149 5196 Deus.

93 5222 162 5276 vilia
185 5239 273 5295 opera
297 5229 372 5290 sunt,
397 5225 479 5296 juxta
508 5226 593 5281 illud:
619 5228 674 5294 Qui
698 5231 767 5296 fucit
795 5235 944 5298 peccatum,
1034 5229 1114 5283 vans.
1133 5230 1175 5283 lt.
1196 5257 1231 5268 -
1246 5229 1282 5283 Et
1296 5227 1413 5284 dimisit.
1428 5229 1461 5284 Et
1484 5228 1508 5284 si
1530 5226 1650 5300 impleri
1666 5246 1719 5286 ora
1732 5230 1852 5304 Prophe·

94 5325 188 5366 seruus
213 5316 251 5367 est
277 5315 384 5382 peccati
405 5313 494 5384 (loun.
510 5315 579 5384 vni).
605 5316 641 5370 ln
655 5319 768 5386 copbino
782 5321 942 5376 emeremni.
999 5320 1105 5386 tarum,
1122 5332 1181 5371 nou
1195 5321 1292 5371 tamen
1305 5316 1340 5371 ab
1352 5331 1468 5371 amurca
1476 5316 1570 5371 auditi
1588 5319 1758 5386 contunde
1770 5319 1850 5391 digua

96 5395 163 5467 (Ιι.)
192 5397 223 5451 lu
237 5397 429 5456 immunditiis
454 5406 646 5471 peccatorum,
662 5402 693 5457 in
717 5403 838 5459 terranis
853 5403 945 5474 operi·
998 5405 1088 5459 ultio:
1103 5405 1171 5477 quia
1184 5409 1209 5459 et
1221 5405 1325 5473 dimisi,
1342 5408 1395 5460 etc.

95 5483 150 5539 bus
163 5488 193 5540 ct
205 5485 314 5541 lutosis.
581 5562 583 5567 ι
1034 5494 1114 5548 Vens.
1143 5493 1197 5548 15..
1214 5521 1249 5533 -
1274 5494 1328 5550 Pro
1347 5494 1436 5549 nitito
1451 5495 1582 5561 {ommun-
1611 5494 1712 5568 (Cass.)
1741 5495 1772 5558 sl
1798 5498 1845 5553 nu
