3892 6106
147 278 200 350 tbi
456 295 654 352 walamunt
673 296 797 352 stultu
816 296 915 354 FULll.
935 297 1025 356 11011.
1046 295 1123 353 ΟΡΡ.
1145 296 1233 352 PARS
1252 295 1274 351 1.
1293 323 1329 335 -
1347 293 1578 351 rubetoclca.
1856 294 1907 350 aba

184 415 265 470 Vens.
295 417 339 471 33.
360 447 394 455 -
418 416 528 473 chusai.
556 415 586 470 Id
613 419 665 485 est,
695 415 823 489 Ethiops
852 423 881 473 et
911 417 1035 474 IlavidA
1054 416 1122 473 Mosi
1135 416 1164 472 iu
1179 420 1278 472 moute
1292 416 1442 472 monstrati
1456 415 1491 471 ad
1505 417 1602 475 lesum
1612 413 1792 488 pervenisse,
1802 413 1900 470 deiude

149 502 254 570 tidelis,
271 520 322 576 per
338 502 434 559 omnia
450 503 570 575 gentiles
582 502 687 574 signat,
703 504 738 560 de
755 505 861 577 quihus
871 505 997 563 dicitur:
1051 505 1087 562 ad
1101 505 1208 576 judices
1223 505 1299 560 etad
1314 505 1379 560 Ileli
1402 509 1429 560 et
1445 504 1479 560 ad
1495 504 1609 561 Samuel
1626 507 1656 560 et
1670 503 1708 560 ad
1723 503 1825 572 David,
1838 508 1897 559 tau-

148 592 268 662 Pepulus
286 607 364 663 quem
378 608 432 647 non
450 595 562 660 capanei
579 595 680 648 sunici
702 595 772 648 mibi
792 597 821 649 in
834 596 933 651 auditu
947 613 998 651 au·
1052 593 1118 650 dem
1134 593 1169 649 ad
1191 592 1384 649 Salomonem.
1410 594 1460 648 Vel
1473 609 1588 648 manus
1614 590 1744 659 Domini,
1760 590 1837 647 filins
1851 597 1898 661 est,

149 682 189 735 rie
202 679 319 735 obedivit
331 681 401 735 milii
416 681 588 752 (Psotxm).
1052 697 1104 754 per
1123 682 1204 753 cujus
1227 681 1345 737 domum
1362 682 1451 737 David
1476 686 1504 737 et
1531 681 1580 736 alii
1605 681 1700 736 sancti
1715 686 1896 753 perceperunt

185 769 266 822 Vsus.
292 768 334 823 34.
358 798 393 810 -
415 771 478 825 Post
497 769 660 841 Acbitopbel
682 772 741 839 suti
760 772 868 828 loiado.
884 774 999 829 Praeva-
1052 770 1173 843 quiquid
1192 770 1229 825 de
1254 777 1358 825 sanctur
1385 771 1404 824 1:
1421 770 1515 825 clasiae
1543 774 1690 826 structura
1713 771 1892 842 protulerunt.

150 855 342 912 ricentolude
355 872 413 912 non
428 859 566 915 remansit
580 876 684 915 vacuus
698 860 885 917 duodchmus
899 863 997 917 locus:

150 943 200 998 sed
230 945 362 1000 successit
377 961 551 1018 cognoscens
576 948 698 1019 gratiam
720 949 771 1003 Ilei
795 949 925 1005 Matthias
944 950 998 1006 hu.
1367 912 1481 968 CAPUT
1500 911 1590 969 xm·

151 1031 230 1087 milis
256 1038 284 1088 et
298 1032 392 1089 tidelis
407 1051 414 1090 :
431 1034 480 1107 qui
496 1036 618 1108 gratiam
640 1053 727 1108 quam
742 1037 816 1093 douo
834 1039 885 1093 llei
900 1054 999 1111 perce·
1088 1039 1172 1093 Vsus.
1198 1040 1225 1092 a.
1250 1068 1285 1079 -
1308 1038 1428 1094 Polliciti
1449 1043 1513 1093 suut
1535 1038 1639 1109 itaque,
1663 1039 1719 1092 etc.
1745 1037 1888 1108 (Raeloui

151 1120 206 1192 pit,
232 1120 380 1176 humliiter
409 1124 539 1180 serravit.
570 1126 777 1196 Interpretatur
802 1126 880 1181 enirn
903 1126 1001 1183 loiada
1054 1126 1108 1182 sihi
1131 1132 1160 1182 et
1179 1127 1243 1181 aliis
1267 1126 1339 1182 bene
1360 1125 1515 1199 prIueipari
1530 1125 1672 1193 didicerit,
1688 1129 1757 1196 etc,
1771 1127 1887 1197 nequod

152 1209 244 1265 sciens
271 1211 316 1266 vel
347 1227 539 1284 coguoscens;
566 1213 668 1269 hanlas
692 1214 848 1270 aedificator
874 1215 1000 1272 Domini.
1054 1214 1297 1287 lignum,Ienum,
1309 1214 1444 1288 stipulam
1469 1213 1887 1287 superaedificat,detrimentnn

153 1299 244 1364 Quem
264 1298 342 1354 enlm
368 1300 458 1369 gratia
472 1301 524 1356 Dei
540 1301 570 1357 in
592 1303 754 1373 apostolum
774 1304 871 1374 elegIt,
893 1302 1001 1375 agnitio
1055 1305 1187 1376 patietur.

153 1403 230 1442 eante
253 1387 320 1443 fidei
342 1387 372 1442 in
396 1388 459 1461 ipsa
473 1389 613 1461 dignitate
629 1391 766 1446 solidavit.
789 1391 936 1464 abiathar,
951 1389 1002 1465 qui
1092 1395 1174 1448 Vnus.
1193 1395 1235 1448 10.
1251 1394 1333 1447 -Et
1360 1391 1497 1447 benedicit
1520 1393 1643 1461 Domino,
1667 1395 1722 1446 etc.
1747 1390 1818 1456 Ouia
1834 1406 1888 1446 ceu·

155 1476 190 1530 ad
213 1480 327 1547 tempus
341 1480 385 1531 eet
403 1477 479 1532 inter
493 1477 670 1533 consiliarios
688 1479 786 1545 David,
813 1480 861 1535 sed
886 1480 915 1535 iu
941 1481 1002 1536 ele·
1056 1481 1184 1554 gregatIo
1207 1480 1336 1536 bdelium
1356 1478 1467 1551 scrIptis
1480 1480 1688 1552 prophetaram
1704 1479 1854 1544 admonita,
1867 1485 1890 1535 et

155 1563 279 1619 ctiouea
304 1565 425 1620 Domino
453 1582 518 1620 cum
544 1567 613 1621 ioab
639 1571 738 1622 contra
752 1567 933 1624 Salomonem
956 1569 1003 1625 de·
1055 1574 1219 1625 sanctornm
1247 1571 1361 1624 Petrum
1402 1568 1485 1623 dictis
1511 1572 1540 1622 et
1572 1558 1715 1639 exemplis¹
1743 1572 1890 1640 proseuta,

155 1653 251 1717 viavit,
279 1654 418 1724 significat
450 1672 498 1711 eos
530 1657 580 1727 qui
607 1656 755 1728 dignitatis
783 1675 842 1713 suae
868 1659 1037 1733 gradum,g
1056 1659 1154 1714 laudes
1166 1662 1194 1712 et
1208 1658 1331 1729 hymnos
1355 1658 1412 1711 ileo
1426 1655 1559 1712 decantet
1571 1655 1753 1713 Immolando
1768 1656 1823 1728 piae
1835 1672 1890 1711 con·

158 1758 245 1813 quem
273 1759 290 1797 a
316 1744 436 1798 DomIno
464 1748 665 1817 perceperuut,
695 1745 849 1817 cupiditate
878 1745 1003 1817 corrupti
1055 1746 1187 1803 fessionis
1224 1745 1330 1801 hostias
1367 1751 1396 1800 et
1431 1749 1535 1799 sanctae
1565 1743 1792 1799 conversationis
1818 1760 1893 1816 operi

158 1846 215 1885 non
238 1831 411 1886 custodiunt.
429 1832 464 1887 lli
478 1832 555 1887 enlm
570 1848 586 1887 a
607 1849 675 1888 vero
689 1833 840 1890 Salomone
859 1835 882 1889 si
897 1835 927 1890 in
941 1850 1003 1889 car·

158 1933 223 1973 cere
245 1919 423 1990 poeuitenIIae
443 1920 526 1992 juxta
541 1921 673 1976 timorem
697 1922 867 1995 achitophel
889 1939 1003 1995 perma-

160 2022 228 2062 nere
240 2008 396 2077 noluerint,
409 2008 439 2064 iu
453 2014 625 2081 perpetuom
639 2010 779 2082 puniendi
793 2015 870 2067 sunt.

194 2095 277 2151 Joct.
295 2096 335 2150 In.
351 2101 404 2166 est,
419 2097 562 2165 immicus,
582 2099 676 2170 sIgnat
689 2115 738 2154 eos
750 2116 783 2154 ex
798 2115 922 2171 quorum
937 2114 1004 2170 per·

159 2200 229 2239 sona
254 2184 379 2240 dicitur:
406 2187 453 2241 Ad
474 2190 565 2242 omnio
581 2187 713 2242 mandatu
730 2193 777 2243 tun
792 2188 934 2257 diripebor
945 2204 1003 2244 om·

158 2288 218 2327 men
237 2275 311 2328 viam
325 2274 481 2344 iniquitatis
497 2276 559 2331 odio
574 2276 658 2330 bebai
673 2276 761 2346 (Psoi.
778 2276 1005 2349 cxvu1),quihus

1057 1835 1213 1891 fructuosa.

1092 1925 1174 1977 Vsus.
1189 1926 1234 1978 22.
1250 1953 1285 1962 —
1299 1924 1335 1978 Et
1357 1922 1525 1978 comederunt
1547 1924 1573 1976 et
1587 1921 1713 1977 biberunt
1730 1936 1831 1982 coram
1850 1924 1893 1975 etc

1058 2012 1148 2082 (Rea.)
1179 2011 1240 2065 Hoc
1261 2015 1303 2065 est
1316 2010 1454 2082 gaudIum
1474 2014 1637 2064 sanctorum
1665 2015 1695 2064 et
1714 2008 1836 2064 intentio
1855 2024 1895 2063 eo

1057 2117 1133 2167 rum,
1154 2105 1216 2154 uta
1243 2099 1319 2154 ieme
1344 2098 1450 2166 futura,
1470 2098 1609 2153 victutum
1631 2097 1773 2167 operibus
1790 2097 1896 2152 sibico·

1057 2194 1152 2256 ceant,
1169 2191 1198 2244 et
1221 2188 1382 2259 epulentur,
1399 2193 1428 2241 et
1449 2187 1590 2241 exsultent
1615 2184 1645 2240 in
1662 2190 1817 2257 conspectu
1843 2184 1896 2241 Ilei.

1095 2281 1236 2334 Uesuuii
1260 2275 1375 2332 secundo
1410 2276 1578 2332 salomonen
1609 2276 1708 2344 bitum,
1745 2280 1799 2329 etc.
1838 2272 1899 2339 Quia

159 2360 227 2416 alibi
242 2362 346 2418 dicitur
362 2379 368 2420 :
384 2366 475 2420 Estote
493 2367 610 2434 perfecti
624 2367 696 2420 sicut
718 2365 805 2420 Pater
827 2370 914 2421 vester
929 2367 1003 2421 culc-

157 2452 209 2591 a‘tiis
224 2454 363 2521 perfectas
386 2457 425 2509 est
440 2454 550 2521 (Metti.
567 2453 604 2525 v).
620 2454 827 2526 Interpretatur
841 2454 919 2509 enlm
933 2455 1004 2511 Joab

156 2535 168 2591 i
188 2553 233 2593 em
248 2541 338 2609 pater.

1059 2366 1187 2423 Christus
1201 2366 1281 2437 regia
1294 2364 1381 2418 simul
1395 2368 1425 2418 et
1443 2360 1600 2434 pontificali
1614 2361 1756 2433 dignitate
1767 2361 1804 2416 ah
1819 2360 1900 2416 omni·

1057 2455 1112 2511 bus
1134 2453 1268 2510 tidelibus
1295 2469 1365 2508 sana
1380 2451 1448 2518 ilde,
1470 2450 1518 2521 pia
1542 2449 1720 2505 confessione
1740 2450 1900 2506 celebratur.

1058 2543 1193 2599 Salomon
1214 2541 1359 2613 pacilicus,
1384 2539 1474 2595 Sadoc
1485 2539 1579 2610 justus
1593 2539 1812 2610 interpretatur.
1830 2539 1901 2596 Chri·

1059 2637 1120 2687 stus
1143 2645 1212 2685 varo
1239 2634 1282 2684 est
1307 2644 1363 2700 pax
1378 2632 1486 2695 nostre,
1503 2627 1553 2699 qui
1580 2626 1648 2682 tecit
1668 2633 1791 2699 utraque
1807 2642 1901 2692 unum,

112 2776 113 2780 ,
1058 2719 1121 2789 ipse
1140 2722 1183 2773 est
1193 2718 1287 2789 justus
1313 2717 1450 2773 Dominus
1468 2721 1497 2771 et
1514 2715 1657 2787 justitiam
1678 2715 1775 2788 diligit
1790 2731 1798 2771 ε
1813 2716 1902 2771 Judee

158 2810 165 2825 ’
194 2808 276 2864 Vsus.
308 2810 334 2862 l.
357 2808 428 2863 Cum
452 2809 581 2862 eunuchis
601 2814 626 2862 et
643 2811 766 2877 potentes
788 2811 814 2862 et
846 2805 1004 2862 robustissi—
1057 2810 1218 2863 nicorumet
1239 2811 1405 2862 mertuorum
1421 2805 1532 2877 (prea.
1557 2804 1694 2874 11),hunc
1715 2803 1904 2876 primoungit

158 2912 214 2952 mes
238 2911 357 2966 quosque
375 2899 405 2951 ia
425 2899 546 2951 exercitu
558 2897 722 2951 Jerusalem.
752 2895 845 2966 (Rau.)
868 2896 922 2950 Lex
938 2911 1004 2967 pro·
1059 2896 1153 2952 omnis
1182 2894 1274 2951 tidelis
1301 2896 1332 2949 In
1345 2909 1444 2966 regem
1466 2896 1495 2948 ct
1508 2892 1696 2957 sacerdotem,
1714 2909 1781 2949 cum
1796 2893 1828 2949 iu
1841 2909 1903 2966 pro-

156 2985 238 3041 hibet
265 2984 408 3041 israelitas
428 2985 565 3052 abscindi,
595 2990 623 3040 et
644 2983 813 3056 alienigenae
842 3000 899 3039 non
914 2961 1041 3039 solentC
1058 2985 1181 3041 sessione
1205 2982 1352 3056 baptismi,
1367 2997 1468 3037 verum
1491 2997 1588 3052 regem
1603 2985 1632 3036 et
1650 2982 1829 3037 sacerdotem
1843 2997 1902 3036 con·

157 3072 193 3129 ad
210 3078 318 3128 secreta
339 3072 450 3128 consilii
476 3073 599 3128 admitti.
624 3073 678 3128 Sed
696 3072 814 3127 tradunt
828 3072 859 3126 iu
873 3071 1002 3127 hocloco
1058 3074 1169 3129 fitetur.
1194 3072 1282 3145 Ungit
1303 3077 1332 3127 et
1355 3070 1480 3126 secundo
1494 3085 1559 3125 cum
1573 3069 1703 3125 docendo
1719 3075 1748 3126 et
1762 3069 1900 3142 operando

157 3161 304 3215 eunuchos
326 3160 431 3228 vocari,
446 3158 497 3232 qui
519 3160 647 3214 asceculi
661 3159 820 3214 actionibus
833 3158 931 3228 alieni,
944 3175 1004 3214 ora·
1058 3163 1136 3218 idem
1159 3160 1222 3217 aliis
1244 3161 1391 3230 praedicat,
1416 3160 1493 3214 uude
1518 3175 1526 3214 ε
1548 3160 1641 3216 Oleum
1671 3158 1790 3229 effusum
1816 3174 1901 3215 actaea

158 3247 229 3304 tioni
253 3251 282 3302 et
296 3247 409 3302 lectioni
424 3247 562 3303 vacabant
579 3264 585 3302 :
602 3252 631 3302 et
645 3262 749 3301 uxores
762 3263 822 3302 non
836 3262 922 3302 causa
935 3246 1002 3302 libi-
1057 3253 1134 3305 tuum
1148 3249 1236 3320 (Cant.
1254 3247 1284 3320 1).

159 3335 246 3401 dInis,
272 3335 321 3389 sed
347 3335 534 3407 suscipiendae
557 3336 645 3407 prolis
663 3334 806 3390 habebant
820 3352 827 3390 :
843 3350 914 3407 quos
927 3336 1002 3390 lose.
1093 3338 1173 3391 Vsus.
1197 3338 1242 3391 28.
1265 3364 1300 3376 -
1315 3337 1349 3391 Et
1376 3338 1497 3389 mortuus
1521 3337 1561 3388 eet
1585 3335 1614 3388 in
1637 3338 1772 3390 senectute
1792 3334 1900 3400 bonae

157 3423 234 3495 plius
247 3425 368 3478 Essenos
381 3428 473 3479 vocat.
1054 3423 1153 3496 pletas
1165 3424 1271 3478 dieram
1292 3426 1317 3478 et
1331 3420 1437 3476 diuitiis
1451 3425 1477 3475 et
1488 3422 1586 3490 pterim
1601 3424 1656 3476 etc.
1683 3421 1833 3492 Significat
1844 3436 1898 3476 cun

193 3513 274 3567 Vens.
295 3515 335 3567 ll.
353 3541 383 3553 -·
398 3511 479 3569 Dedit
504 3516 593 3568 autem
609 3511 712 3567 David.
740 3511 828 3568 David
842 3510 1001 3580 Psalmista,
1057 3512 1140 3584 copia
1162 3511 1300 3566 virtutum
1315 3509 1493 3580 etoperihus
1516 3507 1587 3564 lucis
1601 3508 1689 3564 vitam
1716 3509 1816 3565 finisse
1833 3525 1897 3581 prce

159 3604 188 3656 et
207 3599 302 3655 caeteri
325 3601 422 3655 Patres
444 3601 553 3656 Veteris
575 3598 748 3655 Testamenti
770 3598 870 3670 liguris
889 3603 918 3654 et
932 3598 1002 3654 aeui·
1057 3603 1177 3667 sentem,
1200 3599 1321 3670 dignum
1346 3598 1441 3669 quiete
1456 3597 1552 3652 lutura
1570 3600 1599 3652 et
1613 3598 1736 3652 coeleetis
1750 3598 1833 3670 regni
1846 3598 1898 3670 glo

159 3688 303 3761 gmatibue
327 3688 514 3760 designabant
536 3688 668 3743 universa
690 3704 755 3760 quea
771 3703 855 3742 verus
869 3687 1004 3759 pacificus
1057 3688 1109 3744 ria.
1136 3688 1280 3744 Abraham
1310 3687 1441 3742 similiter
1469 3693 1599 3742 mortuus
1629 3693 1674 3742 est
1701 3687 1733 3743 iu
1760 3691 1896 3743 senectute

159 3777 189 3833 in
212 3775 335 3833 Ecclesia
358 3777 483 3832 facturus
496 3781 558 3831 erat
574 3792 580 3831 :
599 3776 742 3848 quomodo
759 3790 858 3830 omnes
873 3774 1003 3830 nationes
1057 3776 1134 3832 bona
1171 3776 1362 3848 perfectaeque
1389 3773 1480 3829 aetatis
1494 3778 1523 3829 et
1549 3773 1651 3845 plenus
1683 3774 1808 3830 dierum.
1825 3776 1890 3830 isaac

159 3865 318 3938 perfidem
341 3865 477 3937 baptismi
503 3865 653 3919 iutroitum
677 3865 708 3920 iu
723 3864 875 3920 Ecclesiam
898 3863 1004 3918 habue-
1058 3865 1206 3937 appositus
1238 3869 1281 3919 est
1305 3864 1414 3935 populo
1441 3879 1493 3917 suo
1520 3862 1624 3934 plenus
1652 3861 1777 3918 dierum.
1804 3863 1894 3933 loseph

159 3959 236 4018 runt,
266 3953 358 4026 qualis
387 3952 516 4009 Ecclesiae
546 3958 636 4009 status
667 3957 740 4007 csset
756 3952 879 4020 iuturus,
911 3950 1003 4023 qualis
1059 3959 1189 4009 mortuus
1227 3957 1269 4007 est
1305 3952 1337 4007 in
1375 3955 1520 4006 senectute
1546 3950 1623 4006 bona
1645 3950 1766 4024 expletis
1794 3957 1894 4008 cenum

160 4047 322 4097 sanctorum
339 4041 474 4113 perfectio
494 4046 523 4094 et
536 4040 567 4095 iu
586 4055 675 4111 reguo
687 4039 795 4095 coelesti
809 4029 1004 4094 remuneratio
1059 4041 1158 4098 decem
1186 4041 1251 4097 vltae
1284 4056 1344 4096 sue
1376 4040 1469 4108 annis,
1500 4045 1529 4095 et
1561 4039 1695 4096 conditus
1722 4040 1891 4095 aromatibus.

458 2665 569 2721 CAPU'I
587 2665 700 2721 XXVIII.

76 4159 82 4169 ,
159 4131 296 4203 cujusque
323 4147 376 4202 pro
403 4131 514 4186 meritis
535 4130 679 4186 reddenda
699 4146 751 4201 per
774 4129 900 4185 divemas
919 4129 1005 4184 cellas
1060 4132 1167 4203 Moyses
1200 4133 1317 4185 centum
1342 4133 1371 4184 et
1394 4128 1496 4198 vigiuti
1524 4143 1668 4184 annorum
1696 4133 1826 4184 mortuus
1851 4130 1890 4191 est,

160 4223 188 4275 et
202 4221 329 4284 exedras,
346 4219 415 4292 quia
428 4220 458 4274 iu
468 4235 557 4289 regno
568 4218 619 4274 Dei
635 4219 796 4274 mansiones
809 4218 907 4273 multae
926 4222 1040 4301 sunt„
1059 4221 1141 4291 cnjus
1164 4235 1222 4274 non
1236 4217 1368 4289 caligavit
1382 4218 1491 4282 oculus,
1520 4233 1573 4272 uec
1597 4217 1698 4271 dentes
1732 4216 1805 4271 moli
1829 4218 1888 4271 eunt.

195 4311 387 4365 1εκε.17.-
406 4311 441 4364 Iit
465 4307 608 4363 bananica.
633 4308 727 4378 (lisa.)
750 4307 847 4379 Neque
866 4307 896 4362 in
911 4305 1005 4361 Exodo
1063 4309 1125 4366 Viri
1150 4311 1239 4363 aarum
1263 4309 1426 4375 sanguinum
1462 4311 1488 4360 et
1522 4305 1610 4361 dolosi
1635 4320 1689 4360 aee
1726 4304 1890 4361 &nimian

158 4400 190 4456 tn
217 4398 426 4455 constructione
451 4396 638 4464 tabernacuII,
667 4400 733 4464 etc,
763 4411 847 4464 usque
875 4395 912 4450 ud
938 4411 1007 4466 per·
1061 4397 1120 4453 dies
1141 4411 1203 4452 suos
1227 4396 1316 4465 (Psoi.
1331 4397 1398 4465 aiv).
1426 4393 1479 4460 Qui
1501 4394 1556 4448 eibi
1577 4393 1707 4448 videntur
1727 4396 1758 4448 in
1774 4390 1888 4449 bordain

159 4489 335 4547 strinximm.
1061 4501 1119 4542 cere
1144 4485 1202 4539 dice
1224 4499 1297 4552 suos,
1323 4487 1349 4539 et
1374 4486 1404 4537 in
1431 4488 1530 4553 puncto
1554 4483 1591 4538 cd
1614 4485 1728 4552 iesous
1746 4479 1887 4539 baccam

195 4580 260 4652 llo.)
278 4578 407 4636 Tradunt
427 4575 538 4634 llehraei
553 4575 700 4647 exemplar
714 4575 815 4647 templi
831 4579 860 4630 et
873 4587 1007 4629 rasorum
1062 4574 1121 4645 (iob
1139 4573 1209 4645 ur).

771 4778 945 4866 LIBER
985 4777 1299 4866 SECUNDUS.

1059 4999 1135 5070 polis
1159 5001 1337 5065 llevoeorum,
1365 4997 1523 5069 ceciditque
1547 4997 1578 5053 in
1607 5001 1717 5054 sortem
1749 4990 1879 5069 benjamin.

196 5090 275 5144 vaus.
306 5092 331 5143 l.
357 5116 392 5129 -
422 5088 597 5154 Consulatus
629 5092 753 5155 euterpe
783 5086 920 5149 Scbmem
951 5091 1004 5141 etc.
1060 5093 1089 5143 et
1103 5088 1157 5143 init
1171 5093 1301 5161 separata
1330 5086 1443 5142 IecItis.
1472 5086 1573 5142 Mirum
1589 5101 1659 5157 ergo
1681 5085 1879 5160 estquodioc

161 5177 255 5249 (Itan.)
277 5177 395 5243 Quando
419 5176 449 5230 iu
472 5181 564 5232 morte
592 5175 780 5248 triumpharit
798 5190 866 5230 eum
891 5175 941 5246 qui
956 5174 1005 5230 ha·
1058 5177 1133 5249 phus
1147 5176 1227 5245 dicit,
1242 5176 1310 5249 quia
1336 5175 1515 5231 Solomonia
1531 5165 1879 5230 Hebronvenitutsaedll·

159 5265 244 5322 bebat
264 5266 365 5321 mortis
379 5265 544 5337 imperium,
566 5270 595 5320 et
609 5264 664 5320 sibi
677 5280 800 5337 regnum
816 5262 947 5320 omnium
962 5279 1005 5318 ac·
1057 5271 1133 5321 caret
1147 5266 1178 5320 in
1193 5264 1277 5320 altari
1291 5279 1381 5329 aneo,
1406 5263 1482 5335 quod
1496 5263 1601 5318 feceret
1616 5263 1726 5334 Moyses
1740 5279 1749 5318 t
1763 5261 1818 5318 uisi
1828 5259 1880 5316 torte

159 5353 287 5426 quisivit.
305 5353 384 5409 Unde
404 5369 412 5407 ε
429 5354 639 5412 Dotoeatmibi
652 5357 738 5410 omnis
758 5358 876 5425 potestus
898 5354 929 5407 iu
942 5353 1004 5408 coeic
1056 5352 1149 5425 ipsam
1175 5353 1287 5408 llehron
1320 5352 1463 5408 excelsum
1490 5349 1606 5407 Gabaon
1627 5349 1750 5422 intelligi
1774 5340 1880 5421 volout

446 4998 558 5056 CAPUT
575 4997 719 5054 PRIMUM.

160 5446 186 5497 et
200 5444 230 5497 iu
245 5446 318 5498 terre
332 5442 439 5512 (Metti.
456 5445 567 5513 xxvrrrl.
1057 5457 1091 5497 eo
1116 5442 1191 5512 qaod
1214 5440 1255 5496 ihi
1275 5440 1403 5511 prImum
1436 5439 1575 5511 regnavit.
1598 5438 1807 5510 Interpretatur
1824 5429 1881 5490 euim

195 5531 279 5588 Vsus.
307 5533 335 5587 3.
348 5559 384 5574 -
398 5530 520 5598 Gabaon,
545 5534 598 5587 etc.
622 5530 691 5596 onae
713 5529 768 5587 luit
782 5530 881 5587 mutas
901 5533 1005 5586 metro·
1058 5529 1174 5585 Gabaon
1187 5528 1356 5592 sublimitas,
1372 5529 1418 5584 vel
1432 5529 1511 5584 collis
1524 5527 1674 5600 patruelis.
