3892 6106
57 235 115 289 185
635 232 760 290 610381
778 231 978 289 onulnnnla.
996 260 1032 275 ·-
1051 232 1119 290 llll.
1138 232 1242 292 unul.
1768 239 1824 299 181

55 358 213 414 munditia.
242 358 369 414 Carnalis
393 357 450 412 vita
471 357 578 428 polluta
602 373 635 411 ex
657 357 763 412 carnali
788 357 914 413 immun·
930 363 954 417 A
973 358 1076 414 isaiam
1094 359 1220 415 dicitur:
1246 360 1396 416 8111111111
1422 362 1569 432 comedent,
1594 370 1621 421 et
1634 381 1681 421 vos
1699 367 1823 424 esurietis

55 447 140 502 ditia.
176 448 305 503 Carnutis
331 448 389 502 vita
420 463 473 518 per
506 462 603 504 aerem
634 447 815 518 exprimitur,
845 448 913 520 qnia
969 446 1133 518 (1111111).

55 537 134 592 aeris
148 539 305 610 spiramine
320 538 482 592 humanum
492 552 596 608 corpus
607 537 773 591 vivificatur.
1005 537 1084 591 Vens.
1101 540 1145 591 35.
1166 567 1199 577 -
1211 538 1244 592 ln
1258 538 1381 605 pentibus
1402 544 1428 594 et
1441 540 1472 594 in
1494 544 1577 597 suris.
1604 542 1826 618 Fortitudinem,

92 628 177 682 Vens.
200 630 245 682 25.
264 658 297 667 —
324 628 354 682 Si
372 628 474 681 colum.
500 628 654 691 Elementa,
676 626 780 698 quibus
804 627 914 682 lructus
968 625 1457 683 11111111111111111111111111111111.
1468 629 1516 683 Vel
1528 629 1558 685 iu
1572 632 1822 704 gentibuspercu·

54 716 237 781 nutriuntur,
254 719 403 786 comparat
414 714 574 770 durissimis
593 714 726 781 metallis,
754 715 823 786 quia
847 731 914 786 pec·
969 714 1066 782 tiatur,
1083 714 1164 785 cujus
1179 715 1333 770 novissima
1348 733 1437 787 opera
1452 717 1637 776 damnantur.

56 810 122 859 cata
135 805 288 859 hominum
303 809 483 859 commutant
497 803 627 858 ordinem
638 819 746 868 rerum,
763 810 867 875 etqua
877 803 913 859 ad
1004 804 1029 858 Α
1052 806 1150 872 pionte
1176 804 1264 873 pedis.
1287 805 1365 859 Sicut
1392 806 1428 861 ab
1443 806 1526 861 initio
1550 823 1646 878 pravae
1671 811 1825 868 voluntatis

58 892 399 948 solatiumconditasunt
414 892 540 947 humano
555 891 667 963 generi,
681 892 776 947 unde:
804 894 913 962 111111-
969 907 1060 963 usque
1083 892 1118 947 ad
1144 893 1347 962 perfectionem
1376 895 1472 964 operis
1495 895 1636 950 malitiam
1659 898 1824 967 exercuisti,

59 981 102 1036 bit
112 996 166 1051 pro
181 997 210 1036 eo
224 981 297 1036 orbis
312 987 446 1037 terrorum
457 987 551 1036 contro
576 983 737 1036 insensatos.
971 980 1046 1035 unda
1061 997 1079 1035 u
1097 981 1196 1051 planto
1214 981 1292 1050 pedis
1306 997 1392 1050 nsque
1410 982 1448 1036 od
1465 985 1591 1038 verticem
1605 999 1659 1039 non
1677 990 1718 1041 est
1741 988 1771 1041 in
1794 1002 1825 1043 eo

96 1070 208 1126 Coelum
232 1075 275 1125 est
302 1086 414 1125 aeneum
444 1070 710 1142 prevaricatoribus
738 1068 821 1141 legis,
849 1085 914 1123 cum
968 1070 1075 1124 sonitus
1089 1071 1167 1136 (lsai.
1189 1069 1218 1142 1).
1235 1071 1293 1126 lloc
1319 1070 1350 1125 iu
1374 1070 1476 1125 ultimo
1501 1072 1668 1144 captivitate
1693 1074 1824 1147 compla-

58 1160 172 1215 nullam
202 1160 343 1214 asanctis
366 1158 530 1214 doctoribus
560 1158 913 1223 merenturclementiam,
970 1161 1031 1211 tum
1048 1161 1101 1212 est.

58 1247 111 1302 sed
135 1247 332 1316 durissimam,
346 1246 537 1319 disciplinam,
561 1246 700 1319 quoniam
713 1246 768 1318 ipsi
783 1263 842 1301 non
867 1262 917 1301 cor
1005 1246 1144 1300 1111136.
1161 1275 1196 1285 -
1211 1247 1348 1314 Docetqne
1363 1258 1396 1300 te.
1416 1245 1547 1301 floralici
1576 1248 1617 1302 vel
1643 1249 1824 1307 malleatho·

58 1352 199 1392 carneum
222 1341 251 1392 et
265 1336 382 1392 mollem
403 1336 543 1405 animum,
562 1336 613 1392 sed
637 1335 783 1420 lapideum
809 1335 917 1392 hebent
969 1333 1026 1400 lici,
1051 1334 1102 1405 qui
1127 1339 1316 1390 contemnunt
1342 1341 1485 1406 precepta
1507 1336 1568 1402 liei,
1593 1336 1772 1395 doemonibus
1796 1345 1825 1397 et

59 1431 89 1480 et
103 1426 240 1480 ferreum.
256 1425 335 1481 Sicut
350 1425 422 1480 duro
432 1426 539 1496 populo
555 1424 600 1479 lex
621 1425 652 1479 iu
674 1424 769 1496 lapide
783 1424 914 1492 dabatur,
969 1421 1045 1477 vitiis
1077 1422 1161 1478 variis
1185 1423 1374 1494 captivantur.
1401 1423 1481 1478 Sicut
1514 1441 1623 1494 servus,
1646 1427 1686 1481 ita
1716 1434 1743 1484 at
1766 1430 1820 1485 do-

59 1519 139 1570 ntex
153 1530 274 1569 monere
284 1519 415 1586 acceptor
424 1515 610 1582 figuraretur.
970 1511 1077 1580 minus,
1101 1515 1130 1566 et
1155 1527 1206 1567 rex
1224 1509 1296 1566 sicut
1320 1511 1456 1583 populus,
1480 1515 1617 1584 magister
1638 1515 1712 1572 sicut
1738 1517 1825 1573 disci-

97 1605 178 1658 Vans.
210 1606 255 1659 23.
284 1634 318 1645 -
334 1607 382 1659 1111
404 1605 532 1658 Dominus
552 1602 667 1657 imbrem
688 1607 767 1657 terre
785 1603 913 1673 saepul-
970 1599 1066 1671 putus.

59 1707 118 1746 nem
136 1708 143 1744 :
163 1691 255 1762 quasi,
273 1691 345 1745 sicut
367 1691 461 1763 pulvis
491 1696 520 1746 et
542 1691 614 1745 cinis
636 1706 696 1745 non
718 1691 827 1746 iaciunt
854 1692 916 1746 iru·
1006 1691 1042 1743 Et
1064 1702 1161 1756 sepem.
1185 1687 1256 1744 Osee
1279 1704 1378 1759 regem
1401 1688 1537 1744 Samariae
1568 1690 1751 1750 salmanasar
1775 1711 1825 1750 rex

60 1785 150 1846 ctum,
169 1781 210 1834 sic
234 1779 364 1835 doctriua
387 1779 439 1834 tibi
461 1779 556 1834 inlusa
580 1795 639 1834 non
663 1779 765 1834 excitat
786 1779 918 1851 germina
970 1779 1150 1848 Assyriorum
1174 1793 1240 1833 cum
1262 1778 1361 1833 decem
1370 1778 1502 1834 tribubus
1526 1779 1608 1835 duxit
1627 1781 1658 1836 in
1672 1784 1825 1855 captivita-

60 1869 209 1930 virtotum.
224 1869 274 1923 sed
289 1873 429 1923 aeternnm
450 1868 623 1940 praenuntiet
636 1868 797 1924 interitum.
822 1867 918 1923 l’ulvis
971 1871 1054 1922 tarn:
1077 1866 1349 1936 Nabuchodonosor,
1362 1867 1499 1937 inachim,
1515 1875 1542 1922 et
1558 1869 1705 1926 Sedeciam
1726 1888 1826 1945 regem

63 1957 141 2011 enirn
163 1958 310 2012 bonorum
336 1972 458 2028 operum
484 1956 675 2024 sterilitatem,
697 1955 769 2011 cinis
787 1956 918 2027 designat
970 1955 1119 2010 Judaeum
1135 1955 1415 2026 populocaptivavit.

63 2046 305 2114 combustionem3
328 2047 396 2119 quia
411 2048 501 2118 palea
516 2051 698 2118 peccatorum
712 2046 919 2102 comburentur
1006 2045 1088 2100 Vsus.
1119 2046 1163 2099 38.
1189 2074 1224 2084 -
1254 2044 1411 2111 sementem
1436 2048 1489 2099 stc.
1520 2045 1608 2102 Nobis
1638 2063 1754 2121 qnoque
1778 2066 1826 2106 ce·

64 2132 358 2206 igniinextingoibili.
970 2133 1096 2188 rendum
1110 2135 1161 2192 est.
1184 2147 1221 2187 ne
1239 2131 1395 2201 perdamus
1409 2148 1514 2202 panem
1530 2133 1581 2205 qni
1605 2135 1757 2192 confirmat
1777 2152 1828 2193 cor

96 2223 184 2278 Vsus.
210 2226 256 2278 15.
272 2252 308 2264 -
321 2225 357 2279 Et
369 2222 551 2292 dispersoris.
575 2221 654 2278 Sicut
667 2222 759 2278 Judaei
783 2222 917 2295 captivati
970 2221 1096 2277 hominis
1111 2225 1139 2276 et
1161 2220 1262 2275 vinum
1277 2222 1352 2292 quod
1367 2220 1504 2288 laetificat,
1529 2226 1557 2277 et
1573 2223 1670 2279 oleum
1683 2226 1762 2297 quod
1777 2243 1825 2282 ax·

65 2327 113 2383 per
135 2312 319 2367 latitudinem
348 2311 425 2366 orbis
459 2310 583 2382 dispcrsi
623 2315 690 2366 suut
718 2311 786 2383 quia
818 2316 919 2366 contra
971 2311 1077 2367 hilarat
1091 2308 1208 2365 faciem.

67 2402 155 2456 lleum
174 2401 286 2455 collecti
307 2404 383 2466 sunt,
400 2400 440 2454 sic
463 2398 611 2471 generatio
634 2399 778 2453 malorum
795 2415 813 2454 a
833 2399 916 2471 spiri·
1006 2399 1087 2453 vans.
1104 2398 1199 2451 111-
1212 2396 1338 2452 Aduena.
1361 2400 1466 2468 Aperte
1480 2397 1681 2470 significantur
1703 2403 1825 2474 abjectio

65 2490 140 2545 tibus
167 2489 327 2544 immundis
353 2488 555 2561 dispersaper
582 2503 697 2559 poenam
721 2503 828 2560 genera
855 2503 918 2560 per·
969 2485 1133 2541 lndaeorum
1148 2485 1251 2540 electio
1267 2485 1406 2555 gentium,
1430 2487 1507 2542 unde
1523 2504 1530 2542 :
1547 2491 1729 2556 Aufereturo
1749 2493 1827 2549 nobis

66 2581 208 2646 turbatur,
228 2579 328 2634 unde:
349 2580 458 2634 Inimici
473 2580 514 2632 tui
529 2577 661 2648 1111111111
677 2584 702 2633 11
728 2577 918 2648 disponentur
969 2591 1084 2644 repnum
1100 2575 1151 2630 Dei
1170 2580 1195 2630 et
1212 2575 1325 2630 dubitus·
1343 2578 1418 2645 penti
1436 2578 1551 2644 {cciemi
1573 2581 1681 2644 11111111
1705 2582 1773 2650 eins,
1799 2585 1828 2636 at

66 2683 151 2724 omnes
165 2671 216 2738 qni
227 2672 375 2738 operentur
383 2669 556 2736 iniquitatem
571 2667 655 2738 (Psoi.
673 2650 739 2737 ici).
970 2663 1060 2718 alibi:
1081 2663 1126 2719 Sic
1149 2668 1229 2718 erunt
1251 2665 1392 2718 nouissimi
1404 2667 1499 2733 primi,
1522 2670 1548 2721 et
1559 2668 1646 2736 primi
1667 2670 1820 2725 nouissimi.

95 2758 179 2811 11111.
207 2759 252 2811 El.
279 2786 313 2796 -
337 2757 473 2811 Perentiot
487 2759 513 2810 te
536 2757 664 2810 hominm
683 2756 771 2810 ulcere
784 2755 915 2826 AEpppti.
1005 2753 1085 2824 (Rae.
1104 2752 1240 2814 iubent„
1262 2756 1331 2807 tom.
1357 2751 1403 2824 ll.)
1416 2753 1532 2809 Aduena
1553 2758 1603 2824 qni
1620 2761 1707 2812 tecum
1732 2773 1823 2814 cersu-

66 2845 161 2900 llloera
188 2845 322 2900 dolorosa
348 2849 377 2899 et
405 2845 559 2915 purulenta
585 2844 704 2899 malitia.
731 2843 845 2910 Vesicae,
875 2844 917 2900 in.
970 2847 1024 2909 tur,
1040 2847 1093 2896 etc.
1112 2841 1227 2897 Creator
1240 2840 1373 2896 omnium
1387 2857 1439 2913 par
1454 2842 1660 2899 incarnationis
1676 2862 1735 2901 sues
1761 2862 1824 2919 my·
1900 2890 1910 2902 .

66 2933 292 3005 llatasuperbia.
312 2932 949 3004 811111111111111131111111111111111-(1
969 2929 1100 2996 sterium,
1127 2932 1192 2996 etc,
1219 2944 1304 2998 suque
1332 2929 1369 2984 ud
1404 2934 1433 2985 et
1462 2932 1633 3003 sanguinem
1660 2935 1825 2991 testamenti

65 3025 133 3080 roris
146 3023 271 3079 insania.
288 3023 354 3078 llaec
366 3021 397 3077 iu
416 3021 550 3094 praesenti
564 3037 693 3094 congrua
707 3036 791 3093 pinna
820 3037 917 3092 pecca·
970 3018 1118 3090 pollutum
1134 3015 1259 3073 duxerit.

66 3112 282 3184 lisinlligitur:
312 3115 377 3183 post
401 3110 475 3165 hanc
501 3109 589 3164 vitam
618 3110 705 3181 (quod
736 3108 868 3180 signatur
886 3109 917 3164 in
1006 3108 1197 3162 1111116.-
1219 3108 1320 3162 Eterit
1338 3108 1407 3161 nito.
1432 3107 1509 3164 llihil
1522 3109 1605 3182 pejus
1634 3110 1710 3167 inter
1733 3112 1823 3168 male·

66 3201 283 3272 posterioribus)
311 3201 432 3256 fetorem
451 3198 592 3255 scelerum
612 3198 643 3253 in
669 3197 784 3253 aeternis
806 3197 916 3254 crucia·
970 3195 1056 3263 dicta,
1072 3195 1252 3268 qiraeludseis
1265 3195 1368 3250 merito
1381 3197 1523 3268 superbia
1546 3199 1721 3271 acciderunt,
1737 3217 1826 3273 quam

66 3289 140 3345 tibus
152 3289 349 3345 sustinebunt.
971 3284 1067 3340 videre
1081 3283 1170 3339 vitam
1185 3300 1279 3354 suem,
1297 3284 1386 3340 idest
1401 3285 1507 3340 Filium
1525 3287 1577 3342 Dei
1596 3289 1782 3360 pendentem,
1798 3294 1830 3346 et

97 3380 238 3434 Pereutiot
252 3383 277 3433 te
294 3375 433 3433 Dominus.
461 3375 590 3431 lloeretici
607 3380 635 3431 et
660 3374 836 3430 schismatici
863 3375 918 3430 cla-
971 3390 1030 3429 non
1044 3374 1160 3429 credere
1185 3372 1221 3429 ei.
1250 3373 1398 3429 Maledicta
1411 3379 1507 3430 autem
1536 3392 1601 3431 com
1619 3393 1653 3432 ex
1675 3378 1830 3449 prophetia

66 3471 191 3522 rescente
208 3467 361 3537 Evangelio
374 3467 406 3520 in
420 3469 477 3521 toto
492 3465 561 3520 orbe
576 3462 681 3520 erroris
695 3464 821 3519 cecitate
835 3463 917 3519 inro-
971 3463 1106 3519 dicuntur
1121 3478 1128 3518 ε
1145 3479 1204 3518 uon
1227 3462 1263 3518 de
1277 3463 1353 3518 malo
1373 3467 1441 3519 voto
1456 3469 1532 3533 sunl,
1554 3466 1603 3520 sed
1617 3467 1825 3538 predicantur.

65 3555 125 3622 luti,
140 3555 299 3611 amentiam
320 3569 402 3609 suam
420 3557 582 3609 exercentes
603 3551 748 3607 catholice
768 3552 835 3606 lidei
849 3567 918 3606 cou-
971 3551 1173 3625 Potuitleutem
1188 3551 1229 3606 sic
1242 3567 1344 3607 sonare
1357 3552 1485 3608 iudeis:
1503 3553 1617 3609 Videbis
1636 3554 1725 3610 vitam
1742 3559 1826 3610 tuam

63 3648 217 3703 tradicent.
243 3644 308 3699 idm
334 3643 465 3698 Ecclesia
487 3640 662 3697 calumniam
681 3639 824 3695 sustinent
849 3644 919 3695 eta
971 3641 1157 3714 pendentem,
1172 3646 1200 3695 et
1218 3656 1278 3696 non
1292 3641 1389 3697 credes
1404 3642 1552 3710 vitatum,
1569 3643 1599 3698 id
1623 3649 1668 3700 est
1682 3645 1759 3701 inter
1773 3643 1828 3699 mi-

64 3736 181 3792 veritata
195 3732 412 3805 opprimuntur.
971 3747 1023 3786 nes
1038 3735 1067 3786 et
1084 3730 1165 3786 dolos
1180 3729 1306 3786 bostium
1321 3729 1410 3786 vitam
1425 3734 1506 3787 tuam
1516 3731 1625 3788 ridebis
1649 3734 1776 3804 pendere
1792 3749 1827 3789 ex

96 3828 238 3880 amentes
265 3826 293 3877 et
320 3821 389 3876 cuci
407 3819 535 3887 luerunt,
555 3833 621 3873 curn
650 3816 755 3874 Christi
778 3817 917 3873 miracula
971 3817 1091 3876 incerto.

64 3914 202 3973 ridentes,
223 3911 255 3965 in
281 3908 438 3965 beelzebub
468 3923 501 3963 ea
525 3906 588 3962 lieri
614 3905 758 3976 dicebant,
782 3911 811 3962 et
834 3907 917 3963 Chri·

63 4007 138 4058 stum
155 4003 247 4057 Deum
262 4014 323 4054 esse
340 3997 485 4070 negabant
500 3996 610 4066 1111111.
625 3995 685 4067 ur),
700 4010 752 4051 nec
766 3995 917 4052 venialem
1294 3958 1408 4017 CAPUT
1426 3960 1514 4017 xm·

62 4090 207 4156 ridebant,
219 4088 248 4143 id
263 4092 305 4143 est
317 4085 537 4157 intellligebant.
743 4120 746 4125 ·
1005 4085 1086 4137 Vens.
1104 4086 1129 4138 1.
1152 4111 1186 4123 -
1200 4083 1261 4137 Erec
1278 4087 1342 4137 snnt
1355 4083 1447 4150 uerbo,
1468 4087 1522 4139 etc.
1546 4084 1640 4157 (Aua,
1664 4091 1761 4156 quest.
1789 4089 1825 4145 11

98 4179 308 4234 1111119.-
329 4179 365 4232 Et
385 4176 491 4246 palpes.
508 4172 645 4229 Tenebrae
662 4172 744 4227 iactae
769 4177 918 4229 suntcum
970 4173 1000 4227 in
1024 4172 1115 4243 Dent.)
1146 4171 1230 4226 lulli:
1261 4173 1324 4228 Eae
1354 4177 1418 4227 sunt
1446 4173 1529 4228 certo
1557 4178 1721 4242 testamenti,
1758 4182 1825 4246 etc,

62 4267 282 4338 crucifigeretur
301 4266 381 4320 Jesns
405 4262 549 4334 usquein
580 4263 681 4317 horem
702 4277 821 4328 nonum,
850 4260 1158 4332 sicntbnsqneodad
1173 4260 1316 4316 libruham
1339 4261 1376 4316 de
1389 4261 1607 4319 circumcisione
1633 4264 1732 4320 velud
1756 4265 1828 4320 Noe.

62 4357 191 4414 tenebrae
202 4358 285 4410 erant
294 4353 325 4407 in
334 4351 467 4407 cordibus
476 4351 650 4406 ludaeorum.
1010 4351 1091 4405 11111.
1107 4352 1134 4405 3.
1150 4379 1184 4390 -
1201 4351 1370 4405 Tantaliones
1391 4366 1517 4420 mopsos,
1538 4356 1591 4407 etc.
1615 4354 1706 4423 (Ano.
1732 4357 1829 4423 quast.

98 4448 160 4504 Non
174 4445 282 4513 (1111111
299 4459 305 4496 :
324 4457 377 4497 nac
398 4439 511 4496 Christo
532 4438 706 4510 praedicante
722 4439 917 4507 crediderunt,
973 4439 1079 4510 111111
1102 4454 1155 4494 non
1177 4438 1254 4493 dedit
1283 4440 1410 4494 Dominus
1425 4443 1494 4495 Dens
1518 4441 1594 4496 uobis
1609 4444 1738 4497 11111111
1762 4445 1829 4511 etc,

62 4551 117 4589 nac
127 4551 180 4604 per
193 4531 394 4603 poenitentiam
408 4527 494 4600 dirigi
508 4529 671 4583 voluerunt.
973 4543 1059 4598 usqne
1072 4527 1110 4582 od
1133 4526 1272 4599 quoniam
1284 4526 1396 4598 judicis
1418 4527 1469 4583 liei
1488 4529 1619 4601 quamvis
1646 4532 1767 4599 occulta,
1783 4534 1828 4585 ta·

98 4624 187 4677 11111.
221 4623 265 4677 30.
297 4649 333 4661 -
365 4621 480 4676 Uxorem
501 4617 681 4687 accipisset
705 4617 786 4682 nlius,
813 4620 867 4673 etc.
888 4617 920 4673 ln
975 4632 1041 4671 men
1050 4616 1129 4688 justa
1144 4619 1222 4672 sunt.

61 4726 155 4768 uxore
189 4709 272 4781 plebs
294 4707 437 4763 hereticis
461 4705 569 4761 sociata
597 4703 746 4775 accipitur,
770 4719 834 4759 cum
864 4721 921 4777 qua
1008 4705 1094 4761 Vens.
1124 4706 1150 4758 s.
1176 4732 1210 4744 -
1241 4705 1341 4758 Panem
1369 4718 1424 4758 non
1448 4704 1613 4772 comedistis,
1647 4709 1702 4760 stc.
1734 4704 1830 4776 (Auo.)

63 4798 196 4855 diabolus
205 4795 372 4863 fornicetur,
385 4795 454 4849 dum
471 4793 502 4849 io
519 4808 645 4848 errorem
667 4791 824 4848 seducitur.
851 4793 920 4848 bui·
975 4792 1047 4848 Eine
1071 4796 1189 4863 apparet
1209 4791 1363 4860 israelitas,
1387 4797 1452 4861 etc,
1472 4808 1557 4863 usqne
1579 4792 1618 4847 od
1645 4793 1821 4865 principium

64 4885 151 4940 mulie
166 4882 309 4940 haereticis
327 4881 489 4954 rapiuntur,
511 4897 577 4936 curu
595 4880 715 4951 subjecti
730 4881 765 4935 ab
785 4880 827 4936 ais
844 4880 920 4936 lihe-
974 4882 1051 4948 belli,
1063 4881 1113 4936 sed
1129 4879 1305 4953 principium
1322 4881 1390 4937 vini.

64 4979 186 5029 rantur:
213 4988 279 5029 cum
301 4971 356 5043 ipsi
371 4971 430 5027 vita
456 4975 485 5025 st
508 4970 637 5025 doctrina
658 4969 816 5040 priventur.
844 4968 920 5024 Sub-
1010 4971 1091 5025 Vens.
1113 4973 1155 5025 18.
1175 4997 1212 5012 -
1227 4971 1266 5028 lte
1283 4972 1355 5037 forts
1372 4972 1417 5025 sit.
1440 4969 1535 5040 (hoo,
1551 4974 1646 5040 quast.
1668 4970 1727 5043 te.)
1742 4972 1829 5027 Lxx:

66 5063 199 5118 stantiam
212 5077 338 5135 quoque,
353 5076 441 5132 qnam
454 5058 548 5116 ludaei
562 5058 619 5113 sibi
645 5056 773 5112 docendo
796 5060 825 5111 et
848 5056 919 5112 scri-
974 5059 1106 5129 Numquid
1134 5057 1238 5128 uliquis
1265 5063 1306 5113 est
1330 5061 1401 5112 inter
1417 5072 1472 5125 uos,
1501 5061 1567 5124 etc,
1585 5072 1676 5128 nspne
1702 5060 1739 5114 ad
1767 5075 1831 5115 ,non

67 5150 159 5207 hendo
176 5149 361 5222 singulariter
378 5151 621 5222 praeparaverunt,
647 5146 772 5203 Ecclesia
785 5145 840 5200 sihi
854 5161 920 5201 con·
973 5147 1126 5218 conjugem
1141 5146 1195 5201 sibi
1208 5145 1408 5218 concupiverat
1419 5146 1554 5202 alienam.

69 5242 149 5296 vertit
162 5241 192 5296 iu
207 5256 303 5295 usum.
1009 5237 1089 5290 vans.
1106 5238 1206 5302 1110.
1224 5265 1258 5275 -
1273 5235 1359 5290 Ebrio
1373 5236 1509 5291 sitientem
1529 5241 1554 5292 et
1575 5239 1716 5305 hominm,
1729 5244 1783 5294 etc.
1799 5238 1832 5295 ld

101 5330 183 5386 11111.
200 5332 245 5386 33.
265 5358 297 5369 -
318 5330 432 5384 11111111
456 5331 534 5381 terre
553 5325 703 5381 11111111
730 5321 918 5379 caeremoniu-
973 5327 1026 5392 est,
1041 5339 1079 5378 oe
1094 5323 1159 5396 quis
1171 5323 1275 5393 planus
1294 5323 1442 5379 malitiaet
1460 5324 1748 5383 idololatriaseducat
1763 5343 1830 5382 euru
1930 5342 1933 5348 ·

72 5433 130 5474 rum
143 5420 253 5475 utilitas
277 5417 312 5473 ad
341 5415 494 5472 Ecclesiam
517 5415 654 5470 translate
674 5417 725 5469 ast.
743 5412 918 5468 1111111111-
972 5411 1023 5485 qui
1037 5411 1098 5468 sitit
1110 5411 1219 5467 discere
1246 5415 1277 5468 st
1296 5410 1369 5467 scire
1383 5412 1545 5484 veritatem,
1560 5413 1631 5470 scuti
1645 5414 1829 5472 1111111111-

72 5508 163 5564 dantia
185 5508 301 5565 irnitnr.
334 5505 426 5561 Judaei
450 5509 575 5576 egestate
600 5506 732 5576 pereunt,
758 5501 836 5560 unde
867 5513 920 5573 per
973 5499 1065 5556 retici.
