3892 6106
103 246 154 300 88¹
672 248 800 304 alasse
818 247 1019 305 ortulanum.
1041 275 1075 289 -
1095 250 1159 305 ΗΒ.
1182 249 1305 307 PSALM.
1807 252 1862 312 m

99 364 169 419 dam
184 364 361 433 unctionem,
377 370 409 421 ul
420 366 514 438 possit
526 367 625 424 haberi
655 385 741 442 quarn
763 373 792 424 et
813 368 867 425 sibi
889 368 992 441 pro-h
1046 372 1128 427 Vens.
1144 374 1171 428 4.
1187 402 1222 416 -
1251 377 1292 430 Da
1310 375 1375 431 illis.
1403 375 1506 445 (loia.)
1534 376 1693 434 Praedicare
1716 382 1767 447 est,
1800 395 1858 436 non

98 454 209 525 phalica
223 454 327 525 spiriln
342 455 494 526 promittit.
1008 463 1119 531 optare,
1130 462 1286 516 secundum
1302 464 1378 534 quod
1408 463 1604 530 intenderunt,
1620 481 1678 520 non
1698 467 1854 522 secundnm

137 543 218 597 Vens.
235 545 313 598 8.-
334 541 492 598 Titidiuit.
523 545 950 615 (cisarcenrarioateedo
1007 549 1082 619 quod
1099 548 1166 604 inde
1183 551 1332 620 pervenit:
1350 551 1393 605 vel
1416 556 1497 623 optat
1509 552 1648 622 justitiam
1672 555 1722 610 Dei
1746 554 1776 610 in
1801 557 1856 611 hoc

98 634 146 685 cta
161 631 215 685 tibi
234 632 436 687 confabulatur
450 633 486 687 de
511 649 577 701 nna,
594 649 651 688 non
672 633 751 689 alind
766 650 853 705 qnam
868 634 952 690 doces
1006 638 1123 692 servari.

98 723 265 791 pertractet.
1041 726 1123 780 Vane.
1158 730 1183 781 5.
1221 757 1256 767 -
1284 730 1417 798 Quoniam
1455 743 1517 795 non,
1555 732 1609 784 etc.
1652 729 1717 799 (lul
1756 731 1789 786 El
1831 730 1854 786 si

135 810 217 863 Vens.
247 812 273 863 9.
303 838 337 849 -
365 811 405 867 Ne
432 816 551 866 aonias.
579 810 676 883 (Aac.)
700 811 780 866 Alius
806 812 878 884 petit
904 811 951 868 hic
1006 813 1138 869 deessent
1165 831 1262 888 opera,
1297 815 1351 870 hoc
1385 816 1528 871 sulllceret
1554 816 1743 888 damnationi,
1777 818 1854 890 quod

99 896 177 951 hona
190 897 390 969 temporalier
407 900 474 966 Deo,
491 905 520 954 et
547 899 582 954 de
603 898 677 954 datis
691 901 807 970 gaudet,
832 899 951 956 hicnon
1006 918 1064 956 non
1084 902 1287 958 intellexerunt
1302 904 1460 976 perlegam
1476 910 1505 959 et
1532 904 1699 977 Prophetas,
1725 923 1790 978 quas
1811 906 1854 962 in·

100 985 159 1040 nisi
182 1001 276 1042 unam.
309 987 389 1042 Alius
416 987 526 1042 habens
567 988 650 1044 limet
674 989 790 1053 iratum,
818 990 951 1044 netollat
1005 990 1155 1046 visibiliter
1179 993 1253 1047 Deus
1285 998 1422 1064 operatur
1451 1008 1503 1064 per
1531 1009 1589 1062 me,
1608 1009 1661 1048 nec
1684 992 1770 1050 etiam
1790 993 1854 1050 risi-

99 1090 156 1141 ea;
190 1073 243 1129 iste
270 1090 328 1128 non
359 1080 442 1146 putat
466 1075 547 1140 iram,
571 1076 627 1131 nisi
653 1076 678 1130 si
704 1081 810 1133 auertat
833 1079 948 1145 uultum,
1004 1077 1083 1134 bilia.

99 1163 191 1218 eliam
204 1163 310 1236 siquid
323 1163 353 1218 in
368 1179 402 1218 eo
416 1163 560 1231 vindicet;
576 1165 617 1221 nil
632 1165 756 1221 divinius
782 1171 895 1237 poterat
910 1167 950 1221 di·
1040 1169 1174 1236 melmae.
1197 1167 1293 1239 (Aac.)
1312 1169 1346 1224 Ul
1371 1169 1443 1225 nihil
1467 1169 1539 1225 mihi
1571 1175 1684 1236 noceat,
1708 1187 1761 1227 nec
1787 1175 1853 1242 post
1924 1225 1928 1239 ,

97 1267 174 1306 cere.
1006 1256 1136 1311 Ecclesiae
1152 1261 1217 1322 lum,
1235 1257 1278 1311 rel
1290 1273 1371 1314 meae.

136 1342 314 1398 Nedeclines.
341 1341 435 1414 (Aue.)
464 1344 526 1398 Non
552 1343 583 1398 in
606 1343 649 1399 ira
671 1343 805 1410 declinat,
834 1344 949 1416 qnando
1041 1345 1210 1401 Benedictus.
1231 1344 1335 1417 (Cass.)
1364 1346 1486 1402 Auditus
1504 1345 1535 1402 in
1561 1346 1769 1405 resurrectione
1790 1364 1851 1422 gra·

98 1430 253 1502 apeccalis
267 1430 369 1485 lacicm
384 1430 506 1498 ananim
521 1432 575 1500 vel,
588 1447 621 1487 ne
636 1431 808 1499 aestimant
829 1449 875 1488 me
890 1430 949 1488 labi
1003 1432 1057 1488 tias
1071 1433 1142 1505 agit,
1159 1433 1282 1489 subdens
1294 1434 1329 1489 dc
1345 1435 1435 1490 salute
1447 1436 1636 1491 credentium.

96 1519 223 1574 sinesin
241 1519 295 1587 ira,
313 1518 343 1573 id
357 1523 410 1588 est,
425 1519 502 1592 quod
531 1520 651 1592 punias,
668 1522 717 1576 sed
734 1526 768 1576 nt
788 1526 886 1577 nostra
901 1521 947 1577 in·
1039 1526 1181 1579 Dominus.
1211 1523 1273 1594 (lu.)
1290 1523 1366 1578 ldem
1394 1523 1446 1595 qui
1471 1524 1585 1595 adjutor
1610 1540 1702 1596 mens,
1730 1528 1759 1581 el
1781 1541 1851 1595 pro·

97 1606 222 1663 firmitas
237 1606 349 1662 cautior
363 1608 426 1664 fiai.
1003 1615 1094 1667 lector
1116 1615 1160 1667 est
1183 1610 1321 1666 fortitudo
1350 1611 1451 1683 plebis,
1479 1629 1544 1686 qnae
1567 1613 1598 1668 in
1618 1629 1652 1668 eo
1678 1609 1806 1681 conlidit,
1822 1618 1852 1671 et

136 1698 273 1754 Salutaris
299 1713 385 1765 meua,
411 1702 462 1753 etc.
486 1698 580 1771 (Aac.)
605 1698 701 1769 Quasi,
727 1699 834 1755 frustra
846 1699 949 1756 creasti
1003 1704 1148 1773 protector
1162 1715 1199 1755 ne
1214 1699 1365 1768 laedanlnr,
1382 1706 1497 1767 ettu,o
1518 1702 1655 1757 Domine:

98 1787 129 1838 et
145 1785 289 1854 recreasti,
303 1790 370 1853 ete,
386 1786 688 1856 usqueadaDornino
707 1793 750 1843 est
762 1803 815 1860 per
828 1788 947 1844 Samue—
1038 1790 1121 1845 Vana.
1146 1793 1172 1845 e.
1194 1818 1231 1831 -
1261 1789 1385 1846 Saluum.
1416 1791 1485 1845 Ecce
1510 1795 1617 1862 quanta
1644 1806 1709 1862 spes
1731 1790 1851 1848 ereden-

96 1873 157 1928 lem
172 1874 290 1929 electus.
1002 1877 1076 1934 lium
1090 1893 1163 1933 cum·
1178 1893 1231 1950 pro
1246 1877 1288 1933 eis
1300 1881 1382 1933 orat:
1397 1895 1498 1950 passus
1511 1894 1565 1950 pro
1582 1878 1622 1934 eis
1638 1877 1729 1949 judex
1757 1884 1799 1935 est
1821 1886 1851 1936 et

134 1962 219 2017 Vnae.
236 1963 278 2017 lo.
302 1993 337 2003 -
365 1964 499 2029 Quoniam
523 1968 613 2033 pater,
633 1967 686 2020 etc.
716 1964 791 2020 Fecit
830 1982 859 2020 se
884 1981 949 2037 par·
1002 1968 1168 2024 advocatus.

95 2049 198 2103 vnlnm
216 2049 285 2116 Deo,
307 2049 402 2120 ipsum
431 2049 499 2105 lecit
523 2049 577 2105 sihi
604 2055 730 2120 patrem:
759 2050 828 2122 quia
851 2051 945 2123 jubet,
1037 2053 1689 2127 ntreae,etc.(1n.)lledecinentadpravs.

95 2141 190 2201 uocat,
221 2137 360 2204 condidit,
402 2143 431 2192 et
472 2138 553 2210 regit.
589 2141 714 2205 Manen,
754 2139 823 2211 quia
860 2140 945 2210 forst,
1037 2143 1154 2208 aarum,
1179 2146 1245 2210 etc,
1273 2158 1290 2196 a
1314 2143 1434 2197 terrenis
1464 2142 1499 2197 ad
1528 2142 1651 2215 petenda
1676 2146 1793 2206 aterna,
1815 2146 1852 2198 et

94 2226 238 2292 continet,
266 2227 399 2282 collactat
434 2231 463 2281 et
491 2227 597 2294 nutrit;
627 2226 677 2282 sed
705 2230 841 2283 succulum
865 2235 948 2301 paler
1002 2232 1150 2288 intellectu
1165 2231 1388 2304 Scripturarum,
1413 2238 1442 2287 et
1467 2232 1543 2288 bono
1569 2248 1657 2303 opere
1686 2247 1738 2302 per
1757 2236 1862 2307 lotum¹

95 2316 141 2369 rel
158 2314 301 2382 diabolus,
328 2321 424 2384 maier
435 2315 600 2388 Babylonia,
630 2315 658 2370 id
682 2321 734 2384 est,
762 2316 881 2371 societas
894 2317 946 2371 im·
1001 2319 1055 2375 hoc
1069 2320 1205 2375 sacillum
1222 2318 1356 2391 usquein
1372 2319 1470 2374 linem.

115 2419 223 2459 aarum.

93 2420 116 2477 p
132 2494 215 2548 vans.
234 2495 277 2548 ll.
293 2522 327 2533 -
342 2494 437 2560 Lenem
449 2507 520 2564 pone
532 2494 611 2560 mini,
625 2497 677 2547 etc.
1279 2460 1437 2517 PSALMUS
1456 2457 1570 2514 xxvm'

133 2581 215 2636 Vnus.
236 2582 277 2635 ιι.
308 2611 342 2620 -
372 2580 583 2636 Tribulanlium.
612 2581 712 2651 ressa}
740 2583 776 2637 Ut
802 2581 894 2638 Saulis
918 2588 948 2639 et
1038 2585 1118 2639 Vens.
1145 2587 1169 2639 l.
1203 2613 1238 2625 --
1264 2584 1389 2640 Psaimua
1417 2583 1509 2639 Dauid
1539 2585 1568 2637 in
1606 2584 1846 2638 consummatione.

95 2667 276 2738 adjutorum,
292 2672 448 2738 clamaque
465 2668 502 2722 ad
520 2667 589 2739 qnia
612 2667 685 2723 falsi.
1003 2674 1065 2743 (ln.)
1086 2675 1158 2727 drea
1184 2672 1368 2728 aPhilislaeis
1395 2671 1521 2735 reducta,
1549 2674 1615 2738 eto,
1644 2686 1728 2741 usque
1750 2669 1789 2725 ad
1818 2675 1851 2725 ut

135 2756 215 2811 tans.
231 2758 275 2812 le.
293 2785 327 2796 -
347 2755 431 2813 Credo
458 2755 558 2810 cidere.
585 2755 681 2827 (Aac.)
710 2755 765 2812 Sed
793 2756 869 2813 inter
890 2775 948 2815 om·
1002 2762 1163 2817 sauderent
1184 2761 1234 2815 tali
1257 2759 1493 2816 consummatori.

98 2844 146 2899 nia
159 2844 297 2917 pericula,
314 2843 536 2915 Deodirigente,
553 2844 638 2899 credo
654 2843 759 2900 videre.
1037 2850 1142 2921 Afferte
1165 2852 1278 2906 Domina
1298 2849 1357 2920 (ln.)
1391 2848 1474 2904 Prius
1506 2852 1603 2903 monet
1639 2846 1777 2902 sacrificia
1809 2845 1849 2901 ol-

131 2936 220 2990 Dona.
245 2934 313 3005 (ln.)
339 2935 427 2999 Bona,
458 2949 523 3006 quae
549 2936 617 2988 snat
644 2949 719 3000 rara,
752 2938 868 2990 aterna.
904 2934 1088 2995 llliClerre.

94 3020 220 3075 suadent
232 3019 441 3075 beatitudinem
456 3036 486 3074 ιιι
501 3020 729 3091 tamaiumque
758 3025 800 3076 est
823 3023 945 3079 morien·
1036 3027 1119 3084 Filios
1134 3031 1260 3083 arietum.
1277 3026 1373 3096 (Aac.)
1392 3025 1464 3090 Onia
1479 3040 1537 3080 non
1553 3024 1634 3079 deest
1655 3020 1848 3094 impugnatio,

96 3110 181 3164 ιιιιιιι.
1001 3120 1067 3182 etc,
1097 3131 1179 3185 usquc
1207 3114 1287 3169 adel
1301 3113 1483 3185 septuaginta
1501 3114 1558 3169 dno
1574 3111 1707 3185 discipuli
1721 3111 1755 3167 ad
1780 3126 1850 3183 prae·

171 3199 251 3254 vans.
268 3199 310 3253 lt.
325 3228 358 3237 -
374 3201 518 3268 Respecto.
534 3197 639 3270 (Cass.)
656 3200 690 3255 Ut
704 3214 759 3271 ego
773 3203 868 3254 cerins
882 3216 945 3255 sum
1000 3202 1154 3261 dicandum
1165 3202 1456 3273 missisignillcantur.

94 3288 132 3344 de
144 3288 206 3354 illa,
223 3291 289 3354 etc,
313 3302 398 3358 usque
411 3285 449 3342 ad
467 3286 575 3342 sustine
591 3287 668 3358 quod
689 3287 804 3358 pateris.
1039 3294 1098 3348 Van
1126 3294 1241 3348 Domini.
1279 3293 1385 3361 (Cass.)
1430 3289 1596 3346 Praedicalio
1630 3288 1733 3344 Christi
1770 3288 1848 3344 intus

382 3375 538 3431 asaneus
560 3376 661 3431 xxvll.
1001 3379 1317 3452 mentesterrnit,quod
1333 3378 1530 3450 est,spiritnm
1559 3375 1670 3432 timoris
1692 3376 1771 3432 dedit
1801 3376 1848 3432 tn·

130 3465 256 3522 Psatmus
288 3464 360 3519 lauis.
391 3465 445 3519 Per
477 3463 565 3519 David
597 3463 752 3536 aliqnando
775 3463 947 3537 intelligilur
1000 3467 1108 3523 daeiset
1123 3467 1266 3540 gentibus.

96 3558 193 3626 caput,
210 3553 238 3610 id
258 3558 311 3622 est,
331 3552 473 3621 Christum
498 3552 654 3624 aliquando
684 3567 797 3624 corpus,
830 3552 859 3608 id
892 3558 944 3618 est,
1036 3556 1212 3628 (decollate
1228 3555 1263 3611 ab
1278 3552 1488 3622 imoascendit,
1505 3550 1712 3623 idesl,spiritu
1737 3550 1848 3607 umora
1882 3600 1888 3610 .

99 3642 221 3699 Ecclesia
237 3659 245 3708 ;
260 3641 406 3697 inlerdum
426 3646 582 3713 utrumqne
610 3641 708 3710 simul,
735 3641 763 3695 id
787 3646 839 3710 est,
869 3646 946 3698 totns
999 3646 1036 3701 ad
1051 3645 1186 3717 spiritum
1209 3643 1368 3716 sapientiae,
1398 3647 1463 3710 etc,
1492 3657 1576 3712 usque
1604 3640 1685 3696 adid
1699 3645 1752 3708 est,
1768 3638 1849 3712 spiri-

95 3732 227 3788 Christus
242 3728 423 3801 intelligitur,
438 3735 471 3785 nt
485 3729 541 3786 hic.
999 3733 1303 3793 tualemintellrctum.
1314 3732 1367 3786 hos
1382 3730 1520 3785 Dominus
1534 3727 1669 3784 concutit.

131 3819 235 3890 (Cass.)
250 3819 381 3874 Psalmus
399 3819 511 3886 tertius,
527 3817 577 3889 qni
604 3817 728 3873 breviter
751 3818 786 3873 de
814 3818 944 3890 passione
1036 3821 1142 3892 (Ηιιιι.)
1158 3822 1193 3877 Ut
1221 3819 1348 3891 agricola
1377 3818 1502 3874 sterilem
1526 3823 1645 3884 terrem,
1669 3820 1735 3884 etc,
1763 3830 1848 3886 usque

93 3914 124 3964 et
139 3907 360 3963 resurrectione.
999 3909 1038 3964 ad
1051 3914 1080 3964 et
1095 3908 1176 3964 dahit
1189 3906 1334 3972 virtutem,
1356 3909 1385 3960 et
1404 3904 1535 3960 eamdem
1556 3902 1706 3958 benedicet
1731 3901 1762 3957 in
1773 3918 1848 3973 vpace

132 3993 200 4064 (ιιι.)
217 3995 266 4050 llic
280 3993 450 4066 proponitur
463 3992 591 4048 Christus
618 3993 660 4065 (et
681 3994 704 4049 si
733 3996 804 4051 adso
831 3994 944 4068 dignus)
1000 4002 1117 4053 salerne.

95 4099 157 4139 non
174 4082 627 4150 inseconfidere,sedtotnma
656 4084 714 4138 Deo
732 4088 849 4155 petere:
875 4083 945 4138 utile
1033 4087 1117 4140 Vens.
1138 4086 1215 4140 3.-
1234 4083 1292 4138 Vae
1306 4083 1417 4138 Domini
1429 4095 1512 4150 super
1529 4093 1627 4149 aquas,
1656 4082 1709 4134 stc.
1740 4078 1847 4149 (Cass.)

92 4173 263 4243 exemplum
275 4172 374 4244 justis.
999 4174 1039 4229 De
1053 4169 1259 4227 constitutione
1270 4167 1411 4234 Ecclesia,
1427 4167 1475 4222 nbi
1489 4166 1608 4222 virtutes
1629 4165 1752 4238 Spiritus
1781 4180 1846 4220 san·

130 4263 216 4317 vans.
236 4261 368 4317 1.-Αά
394 4266 428 4328 te,
457 4262 569 4317 Domine
593 4261 659 4332 (ln.)
688 4261 786 4318 Oratio
814 4266 982 4334 temporen
1000 4261 1118 4317 cticnm
1137 4273 1243 4329 magno
1262 4256 1579 4329 proeconioenumerat.

95 4349 240 4422 passionis
254 4349 360 4404 habita.
1036 4349 1145 4405 Dinoni.
1174 4344 1297 4402 Libanus
1325 4343 1531 4416 interpretatur
1555 4341 1728 4398 candidatio.
1762 4340 1849 4396 Ocuri

132 4440 174 4495 Ne
184 4439 274 4494 sileas
292 4438 383 4493 ltinus
393 4441 436 4492 est
449 4437 480 4491 in
511 4438 641 4507 Hebraeo,
665 4441 729 4506 etc,
754 4453 839 4508 usque
864 4439 903 4494 ad
917 4442 946 4494 et
1001 4437 1108 4505 Libani,
1127 4435 1156 4491 id
1179 4439 1233 4503 est,
1255 4432 1305 4489 alti
1328 4432 1458 4489 homines
1485 4429 1658 4488 interranis
1683 4429 1751 4485 elati
1774 4444 1848 4500 quos

89 4547 109 4583 a
125 4531 222 4583 morte
236 4526 493 4582 resuscitationem.
728 4548 732 4553 ·
1001 4527 1075 4581 Deus
1098 4521 1306 4594 confringendo
1328 4521 1513 4587 comminuet,
1537 4520 1566 4576 id
1581 4525 1635 4589 est,
1658 4519 1693 4575 de
1712 4515 1847 4589 snperbia

130 4617 269 4684 uesanos,
285 4620 350 4678 etc„
368 4620 393 4670 ct
420 4614 603 4681 assimilabor,
633 4614 875 4686 ele.(l11aa.llix
898 4631 943 4683 eo,
999 4615 1147 4685 odseper
1171 4611 1308 4667 dilectum
1341 4610 1435 4666 illium
1468 4610 1598 4665 reducet:
1620 4616 1649 4664 et
1667 4609 1721 4663 hoc
1745 4606 1848 4679 spirita

91 4705 175 4779 ‹pnod
189 4704 308 4759 verbnm
324 4702 394 4757 mihi
410 4718 524 4772 semper
547 4702 656 4768 unitur,
685 4702 836 4757 nonnulis
858 4703 945 4758 homo
999 4700 1176 4760 tortitudinis
1196 4699 1382 4766 comminuet,
1396 4699 1468 4754 sicut
1492 4697 1636 4753 unicornis
1656 4700 1755 4768 captus
1773 4709 1848 4750 com·

92 4808 163 4849 sum
179 4792 278 4864 quales
291 4793 398 4859 entem,
414 4789 465 4863 qui
480 4791 677 4845 nascunturin
691 4791 866 4862 prolnndarn
889 4790 946 4846 mi·
999 4789 1150 4846 minuitur.

92 4881 204 4936 seriam
218 4879 325 4935 saculi.
1035 4880 1116 4934 Vns.
1130 4882 1156 4934 7.
1178 4906 1214 4918 -
1229 4880 1378 4933 Desertum.
1397 4877 1498 4941 (Casa.
1527 4873 1609 4944 huc.)
1634 4871 1783 4930 ludoicum
1796 4887 1847 4944 po·

133 4968 231 5038 (Aac.)
248 4967 301 5022 Uhi
315 4967 397 5038 qnasi
412 4967 436 5022 si
447 4965 532 5023 sileas
551 4984 609 5022 non
632 4966 812 5040 cognoscitur
826 4968 945 5024 verbnm
999 4967 1112 5040 pulum,
1126 4969 1192 5034 etc,
1207 4978 1292 5036 usque
1306 4964 1344 5019 ad
1358 4963 1434 5018 unde
1450 4966 1566 5016 emanat
1580 4976 1656 5033 aqua
1666 4960 1738 5014 riva.

94 5065 193 5114 tunm.
1034 5056 1115 5111 Vens.
1131 5057 1173 5110 lu.
1186 5082 1221 5094 -
1236 5053 1378 5108 Dominus.
1394 5050 1468 5118 Quid
1482 5050 1644 5105 constitutis
1656 5047 1787 5105 Ecclesiae
1797 5049 1848 5104 liat

131 5147 307 5201 Veas.2.-
328 5145 377 5200 Aa
406 5146 543 5215 templum.
572 5143 671 5217 (Cass.)
699 5145 863 5201 Secundum
890 5161 946 5202 mo
1000 5144 1138 5202 ostendit.

94 5252 159 5291 rem
173 5232 463 5305 ludaeorum,qnibns
477 5236 652 5304 preceptum
668 5238 711 5288 est
730 5240 762 5289 ut
780 5234 945 5307 ubicunque
1036 5233 1117 5299 Dedi,
1138 5230 1216 5287 enirn
1244 5229 1292 5295 ait,
1318 5229 1393 5284 nodia
1417 5231 1578 5298 potestatem
1600 5227 1848 5298 mncutcaresupsr

92 5322 242 5379 essentad
257 5321 336 5377 illam
351 5326 462 5393 partem
486 5326 611 5389 orarent,
626 5321 676 5377 nbi
696 5323 855 5378 ierusalem
883 5338 945 5378 esse
999 5325 1143 5392 sementa.
1165 5320 1200 5375 Ut
1215 5322 1311 5372 antem
1330 5321 1373 5372 est
1396 5316 1569 5383 inauditum,
1589 5321 1622 5372 nt
1656 5315 1733 5372 cerri
1761 5331 1848 5372 omne

93 5414 222 5470 scirent:
238 5410 558 5482 quodetiesnslegem
582 5410 705 5482 implens
725 5411 802 5468 lecit.
834 5411 881 5467 Vel
908 5411 944 5467 ad
999 5426 1094 5483 mono
1109 5408 1234 5463 ferarum
1259 5421 1346 5461 corun
1357 5404 1528 5473 lerient3sic
1543 5409 1574 5460 nt
1587 5405 1717 5477 Apostoli
1731 5419 1847 5461 omnem

93 5501 216 5566 coelum,
231 5499 307 5554 nude
320 5498 460 5554 auxilinm
475 5514 634 5572 speramus.
999 5495 1211 5572 philosophiam
1232 5494 1371 5551 illitterati
1383 5495 1599 5567 redarguerent.
