<?xml version="1.0" encoding="UTF-8"?>
<!DOCTYPE html PUBLIC "-//W3C//DTD XHTML 1.0 Transitional//EN"
    "http://www.w3.org/TR/xhtml1/DTD/xhtml1-transitional.dtd">
<html xmlns="http://www.w3.org/1999/xhtml" xml:lang="en" lang="en">
 <head>
  <title>
</title>
<meta http-equiv="Content-Type" content="text/html;charset=utf-8" />
  <meta name='ocr-system' content='tesseract 3.04.00' />
  <meta name='ocr-capabilities' content='ocr_page ocr_carea ocr_par ocr_line ocrx_word'/>
</head>
<body>
  <div class='ocr_page' id='page_1' title='image "./patrologiaecurs04migngoog_0199.png"; bbox 0 0 3892 6106; ppageno 0'>
   <div class='ocr_carea' id='block_1_1' title="bbox 137 235 189 290">
    <p class='ocr_par' dir='ltr' id='par_1_1' title="bbox 137 235 189 290">
     <span class='ocr_line' id='line_1_1' title="bbox 137 235 189 290; baseline -0.038 0"><span class='ocrx_word' id='word_1_1' title='bbox 137 235 189 290; x_wconf 76' lang='grc'><strong>387</strong></span> 
     </span>
    </p>
   </div>
   <div class='ocr_carea' id='block_1_2' title="bbox 445 210 1530 285">
    <p class='ocr_par' dir='ltr' id='par_1_2' title="bbox 445 210 1530 285">
     <span class='ocr_line' id='line_1_2' title="bbox 445 210 1530 285; baseline -0.003 -2"><span class='ocrx_word' id='word_1_2' title='bbox 445 229 640 284; x_wconf 80' lang='lat' dir='ltr'><strong>wntnFttlttt</strong></span> <span class='ocrx_word' id='word_1_3' title='bbox 660 229 782 285; x_wconf 78' lang='lat' dir='ltr'><strong>s&#39;lttatll</strong></span> <span class='ocrx_word' id='word_1_4' title='bbox 804 226 905 282; x_wconf 77' lang='lat' dir='ltr'><strong>futu.</strong></span> <span class='ocrx_word' id='word_1_5' title='bbox 927 210 1008 283; x_wconf 68' lang='grc' dir='ltr'><strong>ΜΘΝ.</strong></span> <span class='ocrx_word' id='word_1_6' title='bbox 1031 227 1081 282; x_wconf 84' lang='grc' dir='ltr'><strong>ΡΡ.</strong></span> <span class='ocrx_word' id='word_1_7' title='bbox 1102 229 1189 283; x_wconf 78' lang='lat' dir='ltr'><strong>eatis</strong></span> <span class='ocrx_word' id='word_1_8' title='bbox 1208 230 1229 283; x_wconf 91' lang='lat' dir='ltr'><strong>l.</strong></span> <span class='ocrx_word' id='word_1_9' title='bbox 1249 258 1284 267; x_wconf 91' lang='lat'>-</span> <span class='ocrx_word' id='word_1_10' title='bbox 1303 227 1530 285; x_wconf 69' lang='lat' dir='ltr'><strong>resoluatur.</strong></span> 
     </span>
    </p>
   </div>
   <div class='ocr_carea' id='block_1_3' title="bbox 1844 231 1898 285">
    <p class='ocr_par' dir='ltr' id='par_1_3' title="bbox 1844 231 1898 285">
     <span class='ocr_line' id='line_1_3' title="bbox 1844 231 1898 285; baseline 0.019 -1"><span class='ocrx_word' id='word_1_11' title='bbox 1844 231 1898 285; x_wconf 73' lang='lat'><strong>³88</strong></span> 
     </span>
    </p>
   </div>
   <div class='ocr_carea' id='block_1_4' title="bbox 137 347 1899 426">
    <p class='ocr_par' dir='ltr' id='par_1_4' title="bbox 137 347 1899 426">
     <span class='ocr_line' id='line_1_4' title="bbox 137 347 1899 426; baseline -0.003 -18"><span class='ocrx_word' id='word_1_12' title='bbox 137 358 230 417; x_wconf 79' lang='lat' dir='ltr'><strong>vulva,</strong></span> <span class='ocrx_word' id='word_1_13' title='bbox 246 369 333 426; x_wconf 89' lang='lat' dir='ltr'><strong>quam</strong></span> <span class='ocrx_word' id='word_1_14' title='bbox 344 351 540 423; x_wconf 87' lang='lat' dir='ltr'><strong>apsritomnis</strong></span> <span class='ocrx_word' id='word_1_15' title='bbox 565 349 727 422; x_wconf 84' lang='lat' dir='ltr'><strong>primitivus</strong></span> <span class='ocrx_word' id='word_1_16' title='bbox 754 349 805 421; x_wconf 89' lang='lat' dir='ltr'><strong>qui</strong></span> <span class='ocrx_word' id='word_1_17' title='bbox 831 347 988 403; x_wconf 86' lang='lat' dir='ltr'><strong>sanctitica-</strong></span> <span class='ocrx_word' id='word_1_18' title='bbox 1003 351 1026 405; x_wconf 81' lang='lat' dir='ltr'><strong>t</strong></span> <span class='ocrx_word' id='word_1_19' title='bbox 1079 350 1160 404; x_wconf 78' lang='lat' dir='ltr'><strong>Vnae.</strong></span> <span class='ocrx_word' id='word_1_20' title='bbox 1174 353 1219 405; x_wconf 77' lang='lat' dir='ltr'><strong>aa.</strong></span> <span class='ocrx_word' id='word_1_21' title='bbox 1235 379 1270 390; x_wconf 95' lang='lat'><em>-</em></span> <span class='ocrx_word' id='word_1_22' title='bbox 1280 349 1326 404; x_wconf 76' lang='lat' dir='ltr'><strong>Ad</strong></span> <span class='ocrx_word' id='word_1_23' title='bbox 1339 349 1530 404; x_wconf 77' lang='lat' dir='ltr'><strong><em>meridianam.</em></strong></span> <span class='ocrx_word' id='word_1_24' title='bbox 1543 349 1608 415; x_wconf 68' lang='lat' dir='ltr'><strong>lime</strong></span> <span class='ocrx_word' id='word_1_25' title='bbox 1622 347 1765 419; x_wconf 82' lang='lat' dir='ltr'><strong>significet</strong></span> <span class='ocrx_word' id='word_1_26' title='bbox 1778 352 1845 419; x_wconf 88' lang='lat' dir='ltr'><strong>post</strong></span> <span class='ocrx_word' id='word_1_27' title='bbox 1858 350 1899 403; x_wconf 90' lang='lat' dir='ltr'><strong>lu·</strong></span> 
     </span>
    </p>
   </div>
   <div class='ocr_carea' id='block_1_5' title="bbox 136 437 988 1379">
    <p class='ocr_par' dir='ltr' id='par_1_5' title="bbox 136 437 988 1126">
     <span class='ocr_line' id='line_1_5' title="bbox 136 437 988 510; baseline -0.009 -13"><span class='ocrx_word' id='word_1_28' title='bbox 136 449 184 502; x_wconf 87' lang='lat' dir='ltr'><strong>tur</strong></span> <span class='ocrx_word' id='word_1_29' title='bbox 204 442 333 497; x_wconf 85' lang='lat' dir='ltr'><strong>Domino.</strong></span> <span class='ocrx_word' id='word_1_30' title='bbox 349 440 469 510; x_wconf 79' lang='lat' dir='ltr'><strong>Aperuit</strong></span> <span class='ocrx_word' id='word_1_31' title='bbox 480 438 616 493; x_wconf 79' lang='lat' dir='ltr'>Dominus</span> <span class='ocrx_word' id='word_1_32' title='bbox 629 437 743 491; x_wconf 80' lang='lat' dir='ltr'><strong>vulvam</strong></span> <span class='ocrx_word' id='word_1_33' title='bbox 758 437 812 490; x_wconf 80' lang='lat' dir='ltr'><strong>Lim</strong></span> <span class='ocrx_word' id='word_1_34' title='bbox 833 452 897 508; x_wconf 77' lang='lat' dir='ltr'><strong>quae</strong></span> <span class='ocrx_word' id='word_1_35' title='bbox 927 439 988 492; x_wconf 88' lang='lat' dir='ltr'><strong>erat</strong></span> 
     </span>
     <span class='ocr_line' id='line_1_6' title="bbox 137 524 986 599; baseline -0.009 -13"><span class='ocrx_word' id='word_1_36' title='bbox 137 532 243 596; x_wconf 87' lang='lat' dir='ltr'><strong>clausa,</strong></span> <span class='ocrx_word' id='word_1_37' title='bbox 270 537 298 584; x_wconf 88' lang='lat' dir='ltr'><strong>et</strong></span> <span class='ocrx_word' id='word_1_38' title='bbox 321 529 432 599; x_wconf 86' lang='lat' dir='ltr'><strong>pep&#39;erit</strong></span> <span class='ocrx_word' id='word_1_39' title='bbox 453 527 650 597; x_wconf 87' lang='lat' dir='ltr'><strong>patriarcbas;</strong></span> <span class='ocrx_word' id='word_1_40' title='bbox 670 524 802 579; x_wconf 86' lang='lat' dir='ltr'><strong>similiter</strong></span> <span class='ocrx_word' id='word_1_41' title='bbox 830 530 859 579; x_wconf 91' lang='lat' dir='ltr'><strong>et</strong></span> <span class='ocrx_word' id='word_1_42' title='bbox 882 524 986 580; x_wconf 80' lang='lat' dir='ltr'><strong>Rachel</strong></span> 
     </span>
     <span class='ocr_line' id='line_1_7' title="bbox 137 613 988 689; baseline -0.008 -15"><span class='ocrx_word' id='word_1_43' title='bbox 137 626 171 674; x_wconf 88' lang='lat' dir='ltr'><strong>ut</strong></span> <span class='ocrx_word' id='word_1_44' title='bbox 185 622 297 689; x_wconf 89' lang='lat' dir='ltr'><strong>pareret</strong></span> <span class='ocrx_word' id='word_1_45' title='bbox 310 617 395 670; x_wconf 89' lang='lat' dir='ltr'><strong>etiam</strong></span> <span class='ocrx_word' id='word_1_46' title='bbox 406 616 467 686; x_wconf 88' lang='lat' dir='ltr'><strong>ipsa</strong></span> <span class='ocrx_word' id='word_1_47' title='bbox 480 615 560 685; x_wconf 89' lang='lat' dir='ltr'><strong>cujus</strong></span> <span class='ocrx_word' id='word_1_48' title='bbox 573 614 649 668; x_wconf 88' lang='lat' dir='ltr'><strong>visus</strong></span> <span class='ocrx_word' id='word_1_49' title='bbox 662 619 724 668; x_wconf 91' lang='lat' dir='ltr'><strong>erat</strong></span> <span class='ocrx_word' id='word_1_50' title='bbox 739 613 888 684; x_wconf 79' lang='lat' dir='ltr'>perspicax</span> <span class='ocrx_word' id='word_1_51' title='bbox 898 618 927 667; x_wconf 91' lang='lat' dir='ltr'><strong>et</strong></span> <span class='ocrx_word' id='word_1_52' title='bbox 940 613 988 668; x_wconf 91' lang='lat' dir='ltr'><strong>de·</strong></span> 
     </span>
     <span class='ocr_line' id='line_1_8' title="bbox 138 700 985 776; baseline -0.011 -13"><span class='ocrx_word' id='word_1_53' title='bbox 138 724 221 763; x_wconf 88' lang='lat' dir='ltr'><strong>corus</strong></span> <span class='ocrx_word' id='word_1_54' title='bbox 236 709 364 776; x_wconf 84' lang='lat' dir='ltr'><strong>aspectus</strong></span> <span class='ocrx_word' id='word_1_55' title='bbox 378 705 457 773; x_wconf 79' lang='lat' dir='ltr'><strong>(Gen.</strong></span> <span class='ocrx_word' id='word_1_56' title='bbox 475 719 547 769; x_wconf 85' lang='grc' dir='ltr'><strong>ιιιιιιι,</strong></span> <span class='ocrx_word' id='word_1_57' title='bbox 561 704 635 770; x_wconf 76' lang='lat' dir='ltr'><strong>xxa).</strong></span> <span class='ocrx_word' id='word_1_58' title='bbox 653 702 686 756; x_wconf 88' lang='lat' dir='ltr'><strong>ln</strong></span> <span class='ocrx_word' id='word_1_59' title='bbox 704 701 803 756; x_wconf 92' lang='lat' dir='ltr'><strong>multis</strong></span> <span class='ocrx_word' id='word_1_60' title='bbox 826 717 892 755; x_wconf 87' lang='lat' dir='ltr'><strong>rero</strong></span> <span class='ocrx_word' id='word_1_61' title='bbox 908 700 985 756; x_wconf 91' lang='lat' dir='ltr'><strong>Scri·</strong></span> 
     </span>
     <span class='ocr_line' id='line_1_9' title="bbox 137 789 986 868; baseline -0.007 -18"><span class='ocrx_word' id='word_1_62' title='bbox 137 802 229 868; x_wconf 80' lang='lat' dir='ltr'><strong>pluras</strong></span> <span class='ocrx_word' id='word_1_63' title='bbox 247 793 315 848; x_wconf 86' lang='lat' dir='ltr'><strong>loeis</strong></span> <span class='ocrx_word' id='word_1_64' title='bbox 334 791 461 846; x_wconf 85' lang='lat' dir='ltr'><strong>invenies</strong></span> <span class='ocrx_word' id='word_1_65' title='bbox 477 791 583 860; x_wconf 89' lang='lat' dir='ltr'><strong>aperiri</strong></span> <span class='ocrx_word' id='word_1_66' title='bbox 592 791 699 857; x_wconf 85' lang='lat' dir='ltr'><strong>vulvas,</strong></span> <span class='ocrx_word' id='word_1_67' title='bbox 712 806 835 862; x_wconf 88' lang='lat' dir='ltr'><strong>quarum</strong></span> <span class='ocrx_word' id='word_1_68' title='bbox 855 789 986 860; x_wconf 89' lang='lat' dir='ltr'><strong>sisingu·</strong></span> 
     </span>
     <span class='ocr_line' id='line_1_10' title="bbox 137 878 988 954; baseline -0.009 -15"><span class='ocrx_word' id='word_1_69' title='bbox 137 886 179 939; x_wconf 86' lang='lat' dir='ltr'><strong>las</strong></span> <span class='ocrx_word' id='word_1_70' title='bbox 193 899 246 954; x_wconf 91' lang='lat' dir='ltr'><strong>pro</strong></span> <span class='ocrx_word' id='word_1_71' title='bbox 268 881 338 935; x_wconf 91' lang='lat' dir='ltr'><strong>locis</strong></span> <span class='ocrx_word' id='word_1_72' title='bbox 364 879 535 945; x_wconf 79' lang='lat' dir='ltr'><strong>consideres,</strong></span> <span class='ocrx_word' id='word_1_73' title='bbox 564 878 692 933; x_wconf 83' lang='lat' dir='ltr'><strong>invenies</strong></span> <span class='ocrx_word' id='word_1_74' title='bbox 721 878 866 950; x_wconf 87' lang='lat' dir='ltr'><strong>quomodo</strong></span> <span class='ocrx_word' id='word_1_75' title='bbox 890 880 988 932; x_wconf 90' lang='lat' dir='ltr'><strong>errant</strong></span> 
     </span>
     <span class='ocr_line' id='line_1_11' title="bbox 137 965 986 1047; baseline -0.011 -18"><span class='ocrx_word' id='word_1_76' title='bbox 137 977 299 1047; x_wconf 76' lang='lat' dir='ltr'><strong>peccatores</strong></span> <span class='ocrx_word' id='word_1_77' title='bbox 314 986 328 1022; x_wconf 86' lang='lat' dir='ltr'><strong>a</strong></span> <span class='ocrx_word' id='word_1_78' title='bbox 343 968 435 1035; x_wconf 82' lang='lat' dir='ltr'><strong>vulva,</strong></span> <span class='ocrx_word' id='word_1_79' title='bbox 454 972 482 1021; x_wconf 89' lang='lat' dir='ltr'><strong>et</strong></span> <span class='ocrx_word' id='word_1_80' title='bbox 495 966 545 1021; x_wconf 89' lang='lat' dir='ltr'><strong>alii</strong></span> <span class='ocrx_word' id='word_1_81' title='bbox 555 966 716 1037; x_wconf 87' lang='lat' dir='ltr'><strong>aperientes</strong></span> <span class='ocrx_word' id='word_1_82' title='bbox 742 968 857 1022; x_wconf 79' lang='lat' dir='ltr'><strong>vulvam</strong></span> <span class='ocrx_word' id='word_1_83' title='bbox 883 965 986 1022; x_wconf 74' lang='lat' dir='ltr'><strong>sancti</strong></span> 
     </span>
     <span class='ocr_line' id='line_1_12' title="bbox 138 1055 659 1126; baseline -0.019 -9"><span class='ocrx_word' id='word_1_84' title='bbox 138 1064 260 1117; x_wconf 81' lang='lat' dir='ltr'><strong>licentur</strong></span> <span class='ocrx_word' id='word_1_85' title='bbox 274 1058 303 1111; x_wconf 91' lang='lat' dir='ltr'><strong>in</strong></span> <span class='ocrx_word' id='word_1_86' title='bbox 320 1057 420 1111; x_wconf 80' lang='lat' dir='ltr'><strong>ordine</strong></span> <span class='ocrx_word' id='word_1_87' title='bbox 439 1055 659 1126; x_wconf 84' lang='lat' dir='ltr'><strong>primitivorum.</strong></span> 
     </span>
    </p>

    <p class='ocr_par' dir='ltr' id='par_1_6' title="bbox 136 1143 986 1379">
     <span class='ocr_line' id='line_1_13' title="bbox 172 1143 986 1215; baseline -0.007 -12"><span class='ocrx_word' id='word_1_88' title='bbox 172 1144 492 1215; x_wconf 78' lang='lat' dir='ltr'><strong>Eapuo.(0n1o.)0uia</strong></span> <span class='ocrx_word' id='word_1_89' title='bbox 522 1160 579 1197; x_wconf 93' lang='lat' dir='ltr'><strong>non</strong></span> <span class='ocrx_word' id='word_1_90' title='bbox 607 1144 688 1214; x_wconf 88' lang='lat' dir='ltr'><strong>prius</strong></span> <span class='ocrx_word' id='word_1_91' title='bbox 720 1143 887 1198; x_wconf 83' lang='lat' dir='ltr'><strong>sanctificati</strong></span> <span class='ocrx_word' id='word_1_92' title='bbox 919 1147 986 1197; x_wconf 90' lang='lat' dir='ltr'><strong>sunt</strong></span> 
     </span>
     <span class='ocr_line' id='line_1_14' title="bbox 138 1230 986 1308; baseline -0.006 -19"><span class='ocrx_word' id='word_1_93' title='bbox 138 1232 323 1308; x_wconf 74' lang='lat' dir='ltr'><strong>primogeniti</strong></span> <span class='ocrx_word' id='word_1_94' title='bbox 338 1231 434 1297; x_wconf 91' lang='lat' dir='ltr'><strong>lsrael,</strong></span> <span class='ocrx_word' id='word_1_95' title='bbox 449 1237 514 1299; x_wconf 74' lang='lat' dir='ltr'><strong>etc,</strong></span> <span class='ocrx_word' id='word_1_96' title='bbox 530 1246 615 1299; x_wconf 80' lang='lat' dir='ltr'><strong>usque</strong></span> <span class='ocrx_word' id='word_1_97' title='bbox 629 1231 666 1287; x_wconf 89' lang='lat' dir='ltr'><strong>ud</strong></span> <span class='ocrx_word' id='word_1_98' title='bbox 680 1236 708 1285; x_wconf 89' lang='lat' dir='ltr'><strong>et</strong></span> <span class='ocrx_word' id='word_1_99' title='bbox 720 1230 751 1285; x_wconf 91' lang='lat' dir='ltr'><strong>in</strong></span> <span class='ocrx_word' id='word_1_100' title='bbox 774 1230 986 1302; x_wconf 85' lang='lat' dir='ltr'><strong>primitivorum</strong></span> 
     </span>
     <span class='ocr_line' id='line_1_15' title="bbox 136 1321 409 1379; baseline -0.022 0"><span class='ocrx_word' id='word_1_101' title='bbox 136 1324 236 1379; x_wconf 90' lang='lat' dir='ltr'><strong>ordine</strong></span> <span class='ocrx_word' id='word_1_102' title='bbox 248 1321 409 1375; x_wconf 81' lang='lat' dir='ltr'><strong>collocaret.</strong></span> 
     </span>
    </p>
   </div>
   <div class='ocr_carea' id='block_1_6' title="bbox 138 1425 988 1661">
    <p class='ocr_par' dir='ltr' id='par_1_7' title="bbox 138 1425 988 1661">
     <span class='ocr_line' id='line_1_16' title="bbox 171 1425 986 1496; baseline -0.005 -14"><span class='ocrx_word' id='word_1_103' title='bbox 171 1430 253 1482; x_wconf 82' lang='lat' dir='ltr'><strong>Vens.</strong></span> <span class='ocrx_word' id='word_1_104' title='bbox 273 1429 363 1481; x_wconf 81' lang='lat' dir='ltr'><strong>l&#39;o&#39;.—</strong></span> <span class='ocrx_word' id='word_1_105' title='bbox 386 1427 504 1481; x_wconf 84' lang='lat' dir='ltr'><strong>Numero</strong></span> <span class='ocrx_word' id='word_1_106' title='bbox 527 1427 597 1494; x_wconf 68' lang='lat' dir='ltr'><strong>filios</strong></span> <span class='ocrx_word' id='word_1_107' title='bbox 626 1427 701 1481; x_wconf 80' lang='lat' dir='ltr'><strong>Levi.</strong></span> <span class='ocrx_word' id='word_1_108' title='bbox 732 1425 796 1496; x_wconf 88' lang='lat' dir='ltr'><strong>(lu.)</strong></span> <span class='ocrx_word' id='word_1_109' title='bbox 830 1425 986 1480; x_wconf 84' lang='lat' dir='ltr'><strong>Recensea-</strong></span> 
     </span>
     <span class='ocr_line' id='line_1_17' title="bbox 138 1511 988 1586; baseline -0.007 -14"><span class='ocrx_word' id='word_1_110' title='bbox 138 1535 199 1572; x_wconf 88' lang='lat' dir='ltr'><strong>mus</strong></span> <span class='ocrx_word' id='word_1_111' title='bbox 214 1515 360 1580; x_wconf 90' lang='lat' dir='ltr'><strong>attentius,</strong></span> <span class='ocrx_word' id='word_1_112' title='bbox 376 1521 442 1580; x_wconf 92' lang='lat' dir='ltr'><strong>etc.,</strong></span> <span class='ocrx_word' id='word_1_113' title='bbox 470 1530 554 1584; x_wconf 79' lang='lat' dir='ltr'><strong>usque</strong></span> <span class='ocrx_word' id='word_1_114' title='bbox 585 1514 815 1586; x_wconf 83' lang='lat' dir='ltr'><strong>odercubiisque</strong></span> <span class='ocrx_word' id='word_1_115' title='bbox 842 1511 988 1585; x_wconf 88' lang='lat' dir='ltr'><strong>perpetuis</strong></span> 
     </span>
     <span class='ocr_line' id='line_1_18' title="bbox 138 1601 575 1661; baseline -0.011 -1"><span class='ocrx_word' id='word_1_116' title='bbox 138 1604 234 1661; x_wconf 75' lang='lat' dir='ltr'><strong>divina</strong></span> <span class='ocrx_word' id='word_1_117' title='bbox 247 1601 405 1658; x_wconf 87' lang='lat' dir='ltr'><strong>ministeria</strong></span> <span class='ocrx_word' id='word_1_118' title='bbox 419 1602 575 1656; x_wconf 86' lang='lat' dir='ltr'><strong>celebrant.</strong></span> 
     </span>
    </p>
   </div>
   <div class='ocr_carea' id='block_1_7' title="bbox 139 1705 991 2223">
    <p class='ocr_par' dir='ltr' id='par_1_8' title="bbox 139 1705 991 2223">
     <span class='ocr_line' id='line_1_19' title="bbox 174 1705 989 1778; baseline -0.007 -13"><span class='ocrx_word' id='word_1_119' title='bbox 174 1713 256 1765; x_wconf 84' lang='lat' dir='ltr'><strong>Vens.</strong></span> <span class='ocrx_word' id='word_1_120' title='bbox 279 1714 320 1764; x_wconf 87' lang='lat' dir='ltr'><strong>l&#39;l.</strong></span> <span class='ocrx_word' id='word_1_121' title='bbox 338 1739 373 1748; x_wconf 95' lang='lat'>—</span> <span class='ocrx_word' id='word_1_122' title='bbox 396 1709 465 1770; x_wconf 76' lang='lat' dir='ltr'><strong>Laui</strong></span> <span class='ocrx_word' id='word_1_123' title='bbox 486 1723 537 1778; x_wconf 85' lang='lat' dir='ltr'><strong>per</strong></span> <span class='ocrx_word' id='word_1_124' title='bbox 563 1709 672 1762; x_wconf 86' lang='lat' dir='ltr'><strong>nomino</strong></span> <span class='ocrx_word' id='word_1_125' title='bbox 696 1722 756 1761; x_wconf 89' lang='lat' dir='ltr'><strong>suo.</strong></span> <span class='ocrx_word' id='word_1_126' title='bbox 783 1705 847 1761; x_wconf 81' lang='lat' dir='ltr'><strong>Levi</strong></span> <span class='ocrx_word' id='word_1_127' title='bbox 876 1705 989 1760; x_wconf 89' lang='lat' dir='ltr'><strong>additus</strong></span> 
     </span>
     <span class='ocr_line' id='line_1_20' title="bbox 139 1794 989 1867; baseline -0.008 -13"><span class='ocrx_word' id='word_1_128' title='bbox 139 1801 184 1854; x_wconf 83' lang='lat' dir='ltr'><strong>rel</strong></span> <span class='ocrx_word' id='word_1_129' title='bbox 198 1802 370 1867; x_wconf 89' lang='lat' dir='ltr'><strong>assumptus.</strong></span> <span class='ocrx_word' id='word_1_130' title='bbox 387 1794 435 1850; x_wconf 90' lang='lat' dir='ltr'><strong>llic</strong></span> <span class='ocrx_word' id='word_1_131' title='bbox 450 1800 493 1850; x_wconf 90' lang='lat' dir='ltr'><strong>est</strong></span> <span class='ocrx_word' id='word_1_132' title='bbox 516 1795 586 1849; x_wconf 89' lang='lat' dir='ltr'><strong>ordo</strong></span> <span class='ocrx_word' id='word_1_133' title='bbox 605 1794 764 1862; x_wconf 89' lang='lat' dir='ltr'><strong>doctorum,</strong></span> <span class='ocrx_word' id='word_1_134' title='bbox 781 1794 830 1865; x_wconf 89' lang='lat' dir='ltr'><strong>qui</strong></span> <span class='ocrx_word' id='word_1_135' title='bbox 854 1809 906 1864; x_wconf 91' lang='lat' dir='ltr'><strong>per</strong></span> <span class='ocrx_word' id='word_1_136' title='bbox 926 1809 989 1864; x_wconf 89' lang='lat' dir='ltr'><strong>gra-</strong></span> 
     </span>
     <span class='ocr_line' id='line_1_21' title="bbox 139 1883 987 1944; baseline -0.011 0"><span class='ocrx_word' id='word_1_137' title='bbox 139 1889 208 1944; x_wconf 86' lang='lat' dir='ltr'><strong>tiam</strong></span> <span class='ocrx_word' id='word_1_138' title='bbox 222 1887 271 1941; x_wconf 88' lang='lat' dir='ltr'><strong>Dci</strong></span> <span class='ocrx_word' id='word_1_139' title='bbox 283 1886 317 1941; x_wconf 92' lang='lat' dir='ltr'><strong>dc</strong></span> <span class='ocrx_word' id='word_1_140' title='bbox 329 1884 435 1938; x_wconf 86' lang='lat' dir='ltr'><strong>mundo</strong></span> <span class='ocrx_word' id='word_1_141' title='bbox 449 1884 553 1937; x_wconf 89' lang='lat' dir='ltr'><strong>electus</strong></span> <span class='ocrx_word' id='word_1_142' title='bbox 566 1883 601 1938; x_wconf 90' lang='lat' dir='ltr'><strong>ad</strong></span> <span class='ocrx_word' id='word_1_143' title='bbox 612 1883 758 1937; x_wconf 78' lang='lat' dir='ltr'><strong>seruitium</strong></span> <span class='ocrx_word' id='word_1_144' title='bbox 777 1883 904 1937; x_wconf 87' lang='lat' dir='ltr'><strong>divinum</strong></span> <span class='ocrx_word' id='word_1_145' title='bbox 932 1898 987 1935; x_wconf 86' lang='lat' dir='ltr'><strong>coe·</strong></span> 
     </span>
     <span class='ocr_line' id='line_1_22' title="bbox 139 1970 989 2045; baseline -0.008 -15"><span class='ocrx_word' id='word_1_146' title='bbox 139 1977 216 2030; x_wconf 91' lang='lat' dir='ltr'><strong>tibus</strong></span> <span class='ocrx_word' id='word_1_147' title='bbox 237 1974 408 2045; x_wconf 90' lang='lat' dir='ltr'><strong>augelorum</strong></span> <span class='ocrx_word' id='word_1_148' title='bbox 440 1973 548 2026; x_wconf 91' lang='lat' dir='ltr'><strong>unitur.</strong></span> <span class='ocrx_word' id='word_1_149' title='bbox 587 1972 688 2026; x_wconf 85' lang='lat' dir='ltr'><strong>Unde:</strong></span> <span class='ocrx_word' id='word_1_150' title='bbox 718 1973 831 2039; x_wconf 74' lang='lat' dir='ltr'><strong>Eperos</strong></span> <span class='ocrx_word' id='word_1_151' title='bbox 857 1971 926 2039; x_wconf 74' lang='lat' dir='ltr'><strong>elegi</strong></span> <span class='ocrx_word' id='word_1_152' title='bbox 956 1970 989 2023; x_wconf 80' lang='lat' dir='ltr'><strong>rie</strong></span> 
     </span>
     <span class='ocr_line' id='line_1_23' title="bbox 139 2045 991 2131; baseline -0.008 -12"><span class='ocrx_word' id='word_1_153' title='bbox 139 2064 240 2119; x_wconf 85' lang='lat' dir='ltr'><strong>mundo</strong></span> <span class='ocrx_word' id='word_1_154' title='bbox 254 2064 343 2129; x_wconf 82' lang='lat' dir='ltr'><strong>(loon.</strong></span> <span class='ocrx_word' id='word_1_155' title='bbox 360 2062 417 2131; x_wconf 80' lang='lat' dir='ltr'><strong>xv).</strong></span> <span class='ocrx_word' id='word_1_156' title='bbox 436 2062 469 2114; x_wconf 91' lang='lat' dir='ltr'><strong>Et</strong></span> <span class='ocrx_word' id='word_1_157' title='bbox 484 2060 570 2115; x_wconf 88' lang='lat' dir='ltr'><strong>alibi:</strong></span> <span class='ocrx_word' id='word_1_158' title='bbox 587 2061 640 2116; x_wconf 86' lang='lat' dir='ltr'><strong>Sed</strong></span> <span class='ocrx_word' id='word_1_159' title='bbox 662 2063 726 2114; x_wconf 85' lang='lat' dir='ltr'><strong>suat</strong></span> <span class='ocrx_word' id='word_1_160' title='bbox 740 2045 812 2114; x_wconf 77' lang='lat' dir='ltr'><strong>sicut</strong></span> <span class='ocrx_word' id='word_1_161' title='bbox 826 2059 918 2128; x_wconf 76' lang='lat' dir='ltr'><strong>urspeli</strong></span> <span class='ocrx_word' id='word_1_162' title='bbox 941 2060 991 2112; x_wconf 83' lang='lat' dir='ltr'><strong>Dei</strong></span> 
     </span>
     <span class='ocr_line' id='line_1_24' title="bbox 141 2148 459 2223; baseline -0.016 -16"><span class='ocrx_word' id='word_1_163' title='bbox 141 2156 170 2207; x_wconf 87' lang='lat' dir='ltr'><strong>in</strong></span> <span class='ocrx_word' id='word_1_164' title='bbox 185 2153 246 2206; x_wconf 81' lang='lat' dir='ltr'><strong>culo</strong></span> <span class='ocrx_word' id='word_1_165' title='bbox 259 2151 373 2223; x_wconf 73' lang='lat' dir='ltr'><strong>(Mettis.</strong></span> <span class='ocrx_word' id='word_1_166' title='bbox 383 2148 459 2219; x_wconf 88' lang='grc' dir='ltr'><strong>ιιιιιι).</strong></span> 
     </span>
    </p>
   </div>
   <div class='ocr_carea' id='block_1_8' title="bbox 140 2252 991 2850">
    <p class='ocr_par' dir='ltr' id='par_1_9' title="bbox 140 2252 991 2850">
     <span class='ocr_line' id='line_1_25' title="bbox 176 2252 990 2323; baseline -0.005 -11"><span class='ocrx_word' id='word_1_167' title='bbox 176 2262 279 2312; x_wconf 79' lang='lat' dir='ltr'><strong>Gerena</strong></span> <span class='ocrx_word' id='word_1_168' title='bbox 296 2262 321 2310; x_wconf 88' lang='lat' dir='ltr'><strong>ct</strong></span> <span class='ocrx_word' id='word_1_169' title='bbox 335 2256 421 2312; x_wconf 81' lang='lat' dir='ltr'><strong>Cuotli</strong></span> <span class='ocrx_word' id='word_1_170' title='bbox 436 2257 462 2309; x_wconf 88' lang='lat' dir='ltr'><strong>et</strong></span> <span class='ocrx_word' id='word_1_171' title='bbox 488 2255 600 2308; x_wconf 86' lang='lat' dir='ltr'><strong>lleruri.</strong></span> <span class='ocrx_word' id='word_1_172' title='bbox 628 2255 695 2308; x_wconf 88' lang='lat' dir='ltr'><strong>Tres</strong></span> <span class='ocrx_word' id='word_1_173' title='bbox 711 2253 763 2308; x_wconf 87' lang='lat' dir='ltr'><strong>tilii</strong></span> <span class='ocrx_word' id='word_1_174' title='bbox 789 2254 855 2308; x_wconf 85' lang='lat' dir='ltr'><strong>Levi</strong></span> <span class='ocrx_word' id='word_1_175' title='bbox 881 2252 990 2323; x_wconf 86' lang='lat' dir='ltr'><strong>signifi-</strong></span> 
     </span>
     <span class='ocr_line' id='line_1_26' title="bbox 141 2342 989 2416; baseline -0.007 -14"><span class='ocrx_word' id='word_1_176' title='bbox 141 2344 412 2416; x_wconf 80' lang='lat' dir='ltr'><strong>cautpraedicatores</strong></span> <span class='ocrx_word' id='word_1_177' title='bbox 436 2347 540 2396; x_wconf 89' lang='lat' dir='ltr'><strong>snnctae</strong></span> <span class='ocrx_word' id='word_1_178' title='bbox 566 2342 720 2410; x_wconf 76' lang='lat' dir='ltr'><strong>Trinitatis,</strong></span> <span class='ocrx_word' id='word_1_179' title='bbox 755 2342 930 2397; x_wconf 85' lang='lat' dir='ltr'><strong>confessione</strong></span> <span class='ocrx_word' id='word_1_180' title='bbox 944 2342 989 2396; x_wconf 91' lang='lat' dir='ltr'><strong>in·</strong></span> 
     </span>
     <span class='ocr_line' id='line_1_27' title="bbox 141 2429 990 2503; baseline 0 -17"><span class='ocrx_word' id='word_1_181' title='bbox 141 2433 246 2503; x_wconf 80' lang='lat' dir='ltr'><strong>signes,</strong></span> <span class='ocrx_word' id='word_1_182' title='bbox 271 2431 337 2496; x_wconf 91' lang='lat' dir='ltr'><strong>lide,</strong></span> <span class='ocrx_word' id='word_1_183' title='bbox 367 2435 457 2500; x_wconf 87' lang='lat' dir='ltr'><strong>spect</strong></span> <span class='ocrx_word' id='word_1_184' title='bbox 486 2429 622 2484; x_wconf 87' lang='lat' dir='ltr'><strong>charitate</strong></span> <span class='ocrx_word' id='word_1_185' title='bbox 655 2430 809 2485; x_wconf 86' lang='lat' dir='ltr'><strong>mirabiles.</strong></span> <span class='ocrx_word' id='word_1_186' title='bbox 842 2432 898 2485; x_wconf 89' lang='lat' dir='ltr'><strong>Nec</strong></span> <span class='ocrx_word' id='word_1_187' title='bbox 923 2431 990 2486; x_wconf 90' lang='lat' dir='ltr'><strong>huic</strong></span> 
     </span>
     <span class='ocr_line' id='line_1_28' title="bbox 140 2517 989 2592; baseline -0.001 -17"><span class='ocrx_word' id='word_1_188' title='bbox 140 2519 309 2592; x_wconf 82' lang='lat' dir='ltr'><strong>expositioni</strong></span> <span class='ocrx_word' id='word_1_189' title='bbox 324 2534 425 2573; x_wconf 90' lang='lat' dir='ltr'><strong>eorum</strong></span> <span class='ocrx_word' id='word_1_190' title='bbox 437 2517 588 2572; x_wconf 88' lang='lat' dir='ltr'><strong>nominum</strong></span> <span class='ocrx_word' id='word_1_191' title='bbox 601 2517 798 2588; x_wconf 84' lang='lat' dir='ltr'><strong>interpretatio</strong></span> <span class='ocrx_word' id='word_1_192' title='bbox 811 2518 907 2590; x_wconf 89' lang='lat' dir='ltr'><strong>aliquo</strong></span> <span class='ocrx_word' id='word_1_193' title='bbox 928 2537 989 2574; x_wconf 91' lang='lat' dir='ltr'><strong>mo·</strong></span> 
     </span>
     <span class='ocr_line' id='line_1_29' title="bbox 141 2606 989 2678; baseline -0.002 -14"><span class='ocrx_word' id='word_1_194' title='bbox 141 2609 176 2664; x_wconf 89' lang='lat' dir='ltr'><strong>do</strong></span> <span class='ocrx_word' id='word_1_195' title='bbox 186 2612 339 2678; x_wconf 89' lang='lat' dir='ltr'><strong>repugnat,</strong></span> <span class='ocrx_word' id='word_1_196' title='bbox 351 2607 397 2661; x_wconf 91' lang='lat' dir='ltr'><strong>sed</strong></span> <span class='ocrx_word' id='word_1_197' title='bbox 409 2606 488 2661; x_wconf 88' lang='lat' dir='ltr'><strong>valde</strong></span> <span class='ocrx_word' id='word_1_198' title='bbox 504 2606 665 2661; x_wconf 87' lang='lat' dir='ltr'><strong>concordat.</strong></span> <span class='ocrx_word' id='word_1_199' title='bbox 687 2608 893 2676; x_wconf 86' lang='lat' dir='ltr'><strong>Interpretatur</strong></span> <span class='ocrx_word' id='word_1_200' title='bbox 914 2608 989 2662; x_wconf 91' lang='lat' dir='ltr'><strong>enim</strong></span> 
     </span>
     <span class='ocr_line' id='line_1_30' title="bbox 142 2694 988 2765; baseline -0.001 -12"><span class='ocrx_word' id='word_1_201' title='bbox 142 2700 246 2754; x_wconf 88' lang='lat' dir='ltr'><strong>Gerson</strong></span> <span class='ocrx_word' id='word_1_202' title='bbox 261 2695 380 2764; x_wconf 89' lang='lat' dir='ltr'><strong>advena,</strong></span> <span class='ocrx_word' id='word_1_203' title='bbox 394 2696 480 2750; x_wconf 79' lang='lat' dir='ltr'><strong>(laath</strong></span> <span class='ocrx_word' id='word_1_204' title='bbox 494 2694 641 2765; x_wconf 89' lang='lat' dir='ltr'><strong>patientia,</strong></span> <span class='ocrx_word' id='word_1_205' title='bbox 667 2697 709 2749; x_wconf 89' lang='lat' dir='ltr'><strong>rol</strong></span> <span class='ocrx_word' id='word_1_206' title='bbox 726 2696 847 2750; x_wconf 82' lang='lat' dir='ltr'><strong>molares</strong></span> <span class='ocrx_word' id='word_1_207' title='bbox 880 2697 988 2752; x_wconf 86' lang='lat' dir='ltr'><strong>dentes.</strong></span> 
     </span>
     <span class='ocr_line' id='line_1_31' title="bbox 141 2783 991 2850; baseline 0 -10"><span class='ocrx_word' id='word_1_208' title='bbox 141 2785 364 2850; x_wconf 85' lang='lat' dir='ltr'><strong>lderariamarn,</strong></span> <span class='ocrx_word' id='word_1_209' title='bbox 401 2783 445 2836; x_wconf 87' lang='lat' dir='ltr'><strong>vel</strong></span> <span class='ocrx_word' id='word_1_210' title='bbox 468 2783 799 2847; x_wconf 89' lang='lat' dir='ltr'><strong>amaritudo;ministcr</strong></span> <span class='ocrx_word' id='word_1_211' title='bbox 837 2785 915 2839; x_wconf 90' lang='lat' dir='ltr'><strong>enim</strong></span> <span class='ocrx_word' id='word_1_212' title='bbox 942 2786 991 2841; x_wconf 88' lang='lat' dir='ltr'><strong>Dei</strong></span> 
     </span>
    </p>
   </div>
   <div class='ocr_carea' id='block_1_9' title="bbox 142 2871 1082 2979">
    <p class='ocr_par' dir='ltr' id='par_1_10' title="bbox 142 2871 1082 2979">
     <span class='ocr_line' id='line_1_32' title="bbox 142 2871 1082 2979; baseline 0 -50"><span class='ocrx_word' id='word_1_213' title='bbox 142 2874 281 2929; x_wconf 86' lang='lat' dir='ltr'><strong>advenam</strong></span> <span class='ocrx_word' id='word_1_214' title='bbox 297 2887 326 2925; x_wconf 93' lang='lat' dir='ltr'><strong>se</strong></span> <span class='ocrx_word' id='word_1_215' title='bbox 341 2875 369 2925; x_wconf 89' lang='lat' dir='ltr'><strong>et</strong></span> <span class='ocrx_word' id='word_1_216' title='bbox 383 2871 568 2941; x_wconf 89' lang='lat' dir='ltr'><strong>peregrinum</strong></span> <span class='ocrx_word' id='word_1_217' title='bbox 586 2871 615 2924; x_wconf 92' lang='lat' dir='ltr'><strong>in</strong></span> <span class='ocrx_word' id='word_1_218' title='bbox 644 2872 752 2926; x_wconf 88' lang='lat' dir='ltr'><strong>mundo</strong></span> <span class='ocrx_word' id='word_1_219' title='bbox 781 2874 935 2944; x_wconf 77' lang='lat' dir='ltr'><strong>cognoscit,</strong></span> <span class='ocrx_word' id='word_1_220' title='bbox 964 2878 1025 2958; x_wconf 73' lang='lat' dir='ltr'><strong>etc</strong></span> <span class='ocrx_word' id='word_1_221' title='bbox 1045 2925 1082 2979; x_wconf 69' lang='lat' dir='ltr'><strong>op</strong></span> 
     </span>
    </p>
   </div>
   <div class='ocr_carea' id='block_1_10' title="bbox 142 2958 992 3557">
    <p class='ocr_par' dir='ltr' id='par_1_11' title="bbox 142 2958 992 3557">
     <span class='ocr_line' id='line_1_33' title="bbox 143 2958 991 3035; baseline 0.001 -18"><span class='ocrx_word' id='word_1_222' title='bbox 143 2963 253 3035; x_wconf 89' lang='lat' dir='ltr'><strong>patiens</strong></span> <span class='ocrx_word' id='word_1_223' title='bbox 267 2964 318 3014; x_wconf 87' lang='lat' dir='ltr'><strong>est.</strong></span> <span class='ocrx_word' id='word_1_224' title='bbox 332 2958 456 3014; x_wconf 84' lang='lat' dir='ltr'><strong>Verbum</strong></span> <span class='ocrx_word' id='word_1_225' title='bbox 466 2959 516 3013; x_wconf 86' lang='lat' dir='ltr'><strong>llei</strong></span> <span class='ocrx_word' id='word_1_226' title='bbox 527 2959 613 3013; x_wconf 87' lang='lat' dir='ltr'><strong>dente</strong></span> <span class='ocrx_word' id='word_1_227' title='bbox 628 2960 807 3016; x_wconf 87' lang='lat' dir='ltr'><strong>discretionis</strong></span> <span class='ocrx_word' id='word_1_228' title='bbox 834 2964 924 3028; x_wconf 92' lang='lat' dir='ltr'><strong>molit,</strong></span> <span class='ocrx_word' id='word_1_229' title='bbox 950 2980 991 3018; x_wconf 91' lang='lat' dir='ltr'><strong>se·</strong></span> 
     </span>
     <span class='ocr_line' id='line_1_34' title="bbox 143 3046 990 3117; baseline -0.002 -11"><span class='ocrx_word' id='word_1_230' title='bbox 143 3051 266 3106; x_wconf 90' lang='lat' dir='ltr'><strong>cundum</strong></span> <span class='ocrx_word' id='word_1_231' title='bbox 279 3047 443 3103; x_wconf 89' lang='lat' dir='ltr'><strong>auditorum</strong></span> <span class='ocrx_word' id='word_1_232' title='bbox 465 3046 653 3117; x_wconf 83' lang='lat' dir='ltr'><strong>capacitates;</strong></span> <span class='ocrx_word' id='word_1_233' title='bbox 675 3051 703 3102; x_wconf 94' lang='lat' dir='ltr'><strong>et</strong></span> <span class='ocrx_word' id='word_1_234' title='bbox 730 3049 868 3103; x_wconf 81' lang='lat' dir='ltr'><strong>soeculum</strong></span> <span class='ocrx_word' id='word_1_235' title='bbox 893 3049 990 3104; x_wconf 89' lang='lat' dir='ltr'><strong>sibia-</strong></span> 
     </span>
     <span class='ocr_line' id='line_1_35' title="bbox 143 3134 991 3206; baseline -0.004 -12"><span class='ocrx_word' id='word_1_236' title='bbox 143 3134 430 3201; x_wconf 88' lang='lat' dir='ltr'><strong>marumostendens,</strong></span> <span class='ocrx_word' id='word_1_237' title='bbox 463 3134 566 3188; x_wconf 86' lang='lat' dir='ltr'><strong>aliosa</strong></span> <span class='ocrx_word' id='word_1_238' title='bbox 588 3135 781 3206; x_wconf 79' lang='lat' dir='ltr'><strong>voluptatibus</strong></span> <span class='ocrx_word' id='word_1_239' title='bbox 804 3141 924 3192; x_wconf 85' lang='lat' dir='ltr'><strong>revocat.</strong></span> <span class='ocrx_word' id='word_1_240' title='bbox 957 3136 991 3192; x_wconf 88' lang='lat' dir='ltr'><strong>lli</strong></span> 
     </span>
     <span class='ocr_line' id='line_1_36' title="bbox 142 3221 991 3293; baseline -0.002 -12"><span class='ocrx_word' id='word_1_241' title='bbox 142 3227 250 3282; x_wconf 87' lang='lat' dir='ltr'><strong>abano</strong></span> <span class='ocrx_word' id='word_1_242' title='bbox 265 3239 361 3277; x_wconf 87' lang='lat' dir='ltr'><strong>mense</strong></span> <span class='ocrx_word' id='word_1_243' title='bbox 389 3227 588 3286; x_wconf 87' lang='lat' dir='ltr'><strong>numerantur,</strong></span> <span class='ocrx_word' id='word_1_244' title='bbox 615 3221 683 3293; x_wconf 88' lang='lat' dir='ltr'><strong>quie</strong></span> <span class='ocrx_word' id='word_1_245' title='bbox 710 3223 826 3277; x_wconf 90' lang='lat' dir='ltr'><strong>initium</strong></span> <span class='ocrx_word' id='word_1_246' title='bbox 852 3224 918 3278; x_wconf 75' lang='lat' dir='ltr'><strong>vitm</strong></span> <span class='ocrx_word' id='word_1_247' title='bbox 933 3225 991 3279; x_wconf 80' lang='lat' dir='ltr'><strong>lieo</strong></span> 
     </span>
     <span class='ocr_line' id='line_1_37' title="bbox 142 3310 992 3382; baseline -0.001 -17"><span class='ocrx_word' id='word_1_248' title='bbox 142 3310 248 3365; x_wconf 89' lang='lat' dir='ltr'><strong>debent</strong></span> <span class='ocrx_word' id='word_1_249' title='bbox 270 3325 444 3375; x_wconf 88' lang='lat' dir='ltr'><strong>consecrare,</strong></span> <span class='ocrx_word' id='word_1_250' title='bbox 471 3324 507 3364; x_wconf 91' lang='lat' dir='ltr'><strong>nc</strong></span> <span class='ocrx_word' id='word_1_251' title='bbox 536 3316 600 3379; x_wconf 91' lang='lat' dir='ltr'><strong>post</strong></span> <span class='ocrx_word' id='word_1_252' title='bbox 630 3311 721 3364; x_wconf 89' lang='lat' dir='ltr'><strong>multa</strong></span> <span class='ocrx_word' id='word_1_253' title='bbox 740 3312 845 3365; x_wconf 85' lang='lat' dir='ltr'><strong>scelera</strong></span> <span class='ocrx_word' id='word_1_254' title='bbox 868 3310 992 3382; x_wconf 90' lang='lat' dir='ltr'><strong>promoti</strong></span> 
     </span>
     <span class='ocr_line' id='line_1_38' title="bbox 142 3396 991 3468; baseline 0 -15"><span class='ocrx_word' id='word_1_255' title='bbox 142 3399 248 3453; x_wconf 83' lang='lat' dir='ltr'><strong>faciant</strong></span> <span class='ocrx_word' id='word_1_256' title='bbox 261 3396 460 3466; x_wconf 85' lang='lat' dir='ltr'><strong>blasphemare</strong></span> <span class='ocrx_word' id='word_1_257' title='bbox 475 3412 582 3450; x_wconf 88' lang='lat' dir='ltr'><strong>nomen</strong></span> <span class='ocrx_word' id='word_1_258' title='bbox 599 3396 659 3463; x_wconf 85' lang='lat' dir='ltr'><strong>Dei,</strong></span> <span class='ocrx_word' id='word_1_259' title='bbox 676 3398 750 3452; x_wconf 86' lang='lat' dir='ltr'><strong>unda</strong></span> <span class='ocrx_word' id='word_1_260' title='bbox 767 3415 773 3451; x_wconf 75' lang='grc' dir='ltr'><strong>ι</strong></span> <span class='ocrx_word' id='word_1_261' title='bbox 800 3399 909 3468; x_wconf 77' lang='lat' dir='ltr'><strong>Oportet</strong></span> <span class='ocrx_word' id='word_1_262' title='bbox 935 3403 991 3468; x_wconf 84' lang='lat' dir='ltr'><strong>epi-</strong></span> 
     </span>
     <span class='ocr_line' id='line_1_39' title="bbox 143 3481 894 3557; baseline 0.001 -18"><span class='ocrx_word' id='word_1_263' title='bbox 143 3499 251 3554; x_wconf 82' lang='lat' dir='ltr'><strong>scopum</strong></span> <span class='ocrx_word' id='word_1_264' title='bbox 264 3481 525 3552; x_wconf 81' lang='lat' dir='ltr'><strong>irreprebensibilem</strong></span> <span class='ocrx_word' id='word_1_265' title='bbox 536 3497 600 3546; x_wconf 84' lang='lat' dir='ltr'><strong>esse,</strong></span> <span class='ocrx_word' id='word_1_266' title='bbox 616 3487 669 3536; x_wconf 91' lang='lat' dir='ltr'><strong>etc.</strong></span> <span class='ocrx_word' id='word_1_267' title='bbox 695 3485 716 3554; x_wconf 92' lang='lat' dir='ltr'><strong>(l</strong></span> <span class='ocrx_word' id='word_1_268' title='bbox 742 3487 812 3539; x_wconf 78' lang='lat' dir='ltr'><strong>Tim.</strong></span> <span class='ocrx_word' id='word_1_269' title='bbox 841 3485 894 3557; x_wconf 88' lang='grc' dir='ltr'><strong>ιιι.)</strong></span> 
     </span>
    </p>
   </div>
   <div class='ocr_carea' id='block_1_11' title="bbox 144 3589 994 3745">
    <p class='ocr_par' dir='ltr' id='par_1_12' title="bbox 144 3589 994 3745">
     <span class='ocr_line' id='line_1_40' title="bbox 180 3589 992 3657; baseline 0.005 -15"><span class='ocrx_word' id='word_1_270' title='bbox 180 3591 258 3644; x_wconf 82' lang='lat' dir='ltr'><strong>Varis.</strong></span> <span class='ocrx_word' id='word_1_271' title='bbox 277 3591 321 3644; x_wconf 74' lang='lat'><strong>23.</strong></span> <span class='ocrx_word' id='word_1_272' title='bbox 348 3617 384 3628; x_wconf 89' lang='lat'><em>-</em></span> <span class='ocrx_word' id='word_1_273' title='bbox 408 3590 448 3644; x_wconf 86' lang='lat' dir='ltr'><strong>Hi</strong></span> <span class='ocrx_word' id='word_1_274' title='bbox 478 3593 541 3657; x_wconf 83' lang='lat' dir='ltr'><strong>post</strong></span> <span class='ocrx_word' id='word_1_275' title='bbox 575 3589 776 3645; x_wconf 86' lang='lat' dir='ltr'><strong>tubernaculum</strong></span> <span class='ocrx_word' id='word_1_276' title='bbox 809 3593 992 3648; x_wconf 85' lang='lat' dir='ltr'><strong>metabuntur.</strong></span> 
     </span>
     <span class='ocr_line' id='line_1_41' title="bbox 144 3675 994 3745; baseline 0.005 -13"><span class='ocrx_word' id='word_1_277' title='bbox 144 3676 282 3733; x_wconf 84' lang='lat' dir='ltr'><strong>Filiorum</strong></span> <span class='ocrx_word' id='word_1_278' title='bbox 298 3675 363 3731; x_wconf 81' lang='lat' dir='ltr'><strong>Levi</strong></span> <span class='ocrx_word' id='word_1_279' title='bbox 378 3676 448 3730; x_wconf 90' lang='lat' dir='ltr'><strong>ordo</strong></span> <span class='ocrx_word' id='word_1_280' title='bbox 473 3677 644 3731; x_wconf 86' lang='lat' dir='ltr'><strong>conveniens</strong></span> <span class='ocrx_word' id='word_1_281' title='bbox 664 3679 832 3745; x_wconf 80' lang='lat' dir='ltr'><strong>ostenditur,</strong></span> <span class='ocrx_word' id='word_1_282' title='bbox 857 3680 908 3734; x_wconf 93' lang='lat' dir='ltr'><strong>ubi</strong></span> <span class='ocrx_word' id='word_1_283' title='bbox 923 3683 994 3737; x_wconf 91' lang='lat' dir='ltr'><strong>scili-</strong></span> 
     </span>
    </p>
   </div>
   <div class='ocr_carea' id='block_1_12' title="bbox 1040 437 1928 3768">
    <p class='ocr_par' dir='ltr' id='par_1_13' title="bbox 1040 437 1899 858">
     <span class='ocr_line' id='line_1_42' title="bbox 1042 437 1895 508; baseline -0.001 -16"><span class='ocrx_word' id='word_1_284' title='bbox 1042 454 1102 493; x_wconf 90' lang='lat' dir='ltr'><strong>cem</strong></span> <span class='ocrx_word' id='word_1_285' title='bbox 1118 438 1243 493; x_wconf 81' lang='lat' dir='ltr'><strong>scientiae</strong></span> <span class='ocrx_word' id='word_1_286' title='bbox 1275 442 1452 508; x_wconf 88' lang='lat' dir='ltr'><strong>perceptam,</strong></span> <span class='ocrx_word' id='word_1_287' title='bbox 1468 437 1688 507; x_wconf 77' lang='lat' dir='ltr'><strong>praedicatorem</strong></span> <span class='ocrx_word' id='word_1_288' title='bbox 1710 437 1832 492; x_wconf 84' lang='lat' dir='ltr'><strong>verbum</strong></span> <span class='ocrx_word' id='word_1_289' title='bbox 1843 453 1895 507; x_wconf 89' lang='lat' dir='ltr'><strong>pa·</strong></span> 
     </span>
     <span class='ocr_line' id='line_1_43' title="bbox 1041 525 1899 596; baseline -0.001 -16"><span class='ocrx_word' id='word_1_290' title='bbox 1041 527 1192 582; x_wconf 84' lang='lat' dir='ltr'><strong>tientiaeet</strong></span> <span class='ocrx_word' id='word_1_291' title='bbox 1214 525 1308 580; x_wconf 91' lang='lat' dir='ltr'><strong>solatii</strong></span> <span class='ocrx_word' id='word_1_292' title='bbox 1336 525 1439 579; x_wconf 89' lang='lat' dir='ltr'><strong>debere</strong></span> <span class='ocrx_word' id='word_1_293' title='bbox 1468 541 1533 579; x_wconf 91' lang='lat' dir='ltr'><strong>cum</strong></span> <span class='ocrx_word' id='word_1_294' title='bbox 1559 525 1731 580; x_wconf 90' lang='lat' dir='ltr'><strong>discretione</strong></span> <span class='ocrx_word' id='word_1_295' title='bbox 1758 525 1899 596; x_wconf 85' lang='lat' dir='ltr'><strong>proximis</strong></span> 
     </span>
     <span class='ocr_line' id='line_1_44' title="bbox 1040 612 1898 685; baseline -0.001 -16"><span class='ocrx_word' id='word_1_296' title='bbox 1040 614 1217 685; x_wconf 89' lang='lat' dir='ltr'><strong>impendere.</strong></span> <span class='ocrx_word' id='word_1_297' title='bbox 1234 613 1271 667; x_wconf 93' lang='lat' dir='ltr'><strong>ub</strong></span> <span class='ocrx_word' id='word_1_298' title='bbox 1303 614 1445 680; x_wconf 80' lang='lat' dir='ltr'><strong>Eleazaro,</strong></span> <span class='ocrx_word' id='word_1_299' title='bbox 1481 613 1530 668; x_wconf 90' lang='lat' dir='ltr'><strong>Sid</strong></span> <span class='ocrx_word' id='word_1_300' title='bbox 1556 619 1599 667; x_wconf 89' lang='lat' dir='ltr'><strong>est</strong></span> <span class='ocrx_word' id='word_1_301' title='bbox 1613 613 1663 668; x_wconf 81' lang='lat' dir='ltr'><strong>liei</strong></span> <span class='ocrx_word' id='word_1_302' title='bbox 1678 612 1835 684; x_wconf 86' lang='lat' dir='ltr'><strong>adjutorio,</strong></span> <span class='ocrx_word' id='word_1_303' title='bbox 1851 629 1898 668; x_wconf 88' lang='lat' dir='ltr'><strong>se·</strong></span> 
     </span>
     <span class='ocr_line' id='line_1_45' title="bbox 1041 700 1896 771; baseline 0.001 -16"><span class='ocrx_word' id='word_1_304' title='bbox 1041 703 1166 756; x_wconf 72' lang='lat' dir='ltr'><strong>erundum</strong></span> <span class='ocrx_word' id='word_1_305' title='bbox 1195 700 1289 755; x_wconf 90' lang='lat' dir='ltr'><strong>illud:</strong></span> <span class='ocrx_word' id='word_1_306' title='bbox 1314 703 1376 757; x_wconf 87' lang='lat' dir='ltr'><strong>Nisi</strong></span> <span class='ocrx_word' id='word_1_307' title='bbox 1405 703 1532 754; x_wconf 84' lang='lat' dir='ltr'><strong>Dominus</strong></span> <span class='ocrx_word' id='word_1_308' title='bbox 1556 701 1735 771; x_wconf 70' lang='lat' dir='ltr'><strong>edificaverit</strong></span> <span class='ocrx_word' id='word_1_309' title='bbox 1773 701 1896 769; x_wconf 65' lang='lat' dir='ltr'><strong>domum</strong></span> 
     </span>
     <span class='ocr_line' id='line_1_46' title="bbox 1041 788 1700 858; baseline -0.002 -14"><span class='ocrx_word' id='word_1_310' title='bbox 1041 794 1070 845; x_wconf 85' lang='lat' dir='ltr'><strong>in</strong></span> <span class='ocrx_word' id='word_1_311' title='bbox 1085 806 1184 844; x_wconf 86' lang='lat' dir='ltr'><strong>uanum</strong></span> <span class='ocrx_word' id='word_1_312' title='bbox 1200 791 1390 844; x_wconf 80' lang='lat' dir='ltr'><strong>laboraverunt</strong></span> <span class='ocrx_word' id='word_1_313' title='bbox 1404 791 1453 858; x_wconf 82' lang='lat' dir='ltr'><strong>qui</strong></span> <span class='ocrx_word' id='word_1_314' title='bbox 1467 788 1606 858; x_wconf 70' lang='lat' dir='ltr'><strong>aedificant</strong></span> <span class='ocrx_word' id='word_1_315' title='bbox 1632 804 1700 843; x_wconf 87' lang='lat' dir='ltr'><strong>eom.</strong></span> 
     </span>
    </p>

    <p class='ocr_par' dir='ltr' id='par_1_14' title="bbox 1040 875 1898 2097">
     <span class='ocr_line' id='line_1_47' title="bbox 1075 875 1894 945; baseline 0 -14"><span class='ocrx_word' id='word_1_316' title='bbox 1075 879 1157 932; x_wconf 82' lang='lat' dir='ltr'><strong>Vens.</strong></span> <span class='ocrx_word' id='word_1_317' title='bbox 1175 880 1221 932; x_wconf 75' lang='lat'><strong>³5.</strong></span> <span class='ocrx_word' id='word_1_318' title='bbox 1257 906 1291 916; x_wconf 97' lang='lat'>-</span> <span class='ocrx_word' id='word_1_319' title='bbox 1314 878 1345 931; x_wconf 86' lang='lat' dir='ltr'><strong>ln</strong></span> <span class='ocrx_word' id='word_1_320' title='bbox 1369 877 1463 945; x_wconf 80' lang='lat' dir='ltr'><strong>pinpo.</strong></span> <span class='ocrx_word' id='word_1_321' title='bbox 1502 875 1626 930; x_wconf 85' lang='lat' dir='ltr'><strong>Extremi</strong></span> <span class='ocrx_word' id='word_1_322' title='bbox 1666 875 1808 931; x_wconf 81' lang='lat' dir='ltr'><strong>lderaritre</strong></span> <span class='ocrx_word' id='word_1_323' title='bbox 1839 876 1894 931; x_wconf 91' lang='lat' dir='ltr'><strong>sub</strong></span> 
     </span>
     <span class='ocr_line' id='line_1_48' title="bbox 1040 963 1893 1036; baseline -0.004 -15"><span class='ocrx_word' id='word_1_324' title='bbox 1040 966 1164 1021; x_wconf 88' lang='lat' dir='ltr'><strong>ltbamar</strong></span> <span class='ocrx_word' id='word_1_325' title='bbox 1179 964 1241 1036; x_wconf 83' lang='lat' dir='ltr'><strong>(qui</strong></span> <span class='ocrx_word' id='word_1_326' title='bbox 1267 964 1471 1034; x_wconf 87' lang='lat' dir='ltr'><strong>interpretatur</strong></span> <span class='ocrx_word' id='word_1_327' title='bbox 1489 979 1613 1032; x_wconf 87' lang='lat' dir='ltr'><strong>amarus,</strong></span> <span class='ocrx_word' id='word_1_328' title='bbox 1639 965 1684 1018; x_wconf 84' lang='lat' dir='ltr'><strong>rel</strong></span> <span class='ocrx_word' id='word_1_329' title='bbox 1714 963 1763 1018; x_wconf 90' lang='lat' dir='ltr'><strong>ubi</strong></span> <span class='ocrx_word' id='word_1_330' title='bbox 1785 965 1893 1035; x_wconf 82' lang='lat' dir='ltr'><strong>palma)</strong></span> 
     </span>
     <span class='ocr_line' id='line_1_49' title="bbox 1040 1051 1891 1125; baseline -0.001 -18"><span class='ocrx_word' id='word_1_331' title='bbox 1040 1054 1156 1125; x_wconf 84' lang='lat' dir='ltr'><strong>plagam</strong></span> <span class='ocrx_word' id='word_1_332' title='bbox 1177 1051 1322 1122; x_wconf 84' lang='lat' dir='ltr'><strong>aquilonis</strong></span> <span class='ocrx_word' id='word_1_333' title='bbox 1351 1052 1446 1106; x_wconf 89' lang='lat' dir='ltr'><strong>sortiti</strong></span> <span class='ocrx_word' id='word_1_334' title='bbox 1467 1057 1543 1119; x_wconf 89' lang='lat' dir='ltr'><strong>sunt,</strong></span> <span class='ocrx_word' id='word_1_335' title='bbox 1570 1052 1620 1106; x_wconf 93' lang='lat' dir='ltr'><strong>ubi</strong></span> <span class='ocrx_word' id='word_1_336' title='bbox 1640 1052 1768 1123; x_wconf 88' lang='lat' dir='ltr'><strong>glacialis</strong></span> <span class='ocrx_word' id='word_1_337' title='bbox 1788 1053 1891 1108; x_wconf 89' lang='lat' dir='ltr'><strong>horror</strong></span> 
     </span>
     <span class='ocr_line' id='line_1_50' title="bbox 1040 1140 1890 1212; baseline 0 -16"><span class='ocrx_word' id='word_1_338' title='bbox 1040 1143 1185 1212; x_wconf 90' lang='lat' dir='ltr'><strong>perdurat.</strong></span> <span class='ocrx_word' id='word_1_339' title='bbox 1202 1142 1234 1195; x_wconf 93' lang='lat' dir='ltr'><strong>ln</strong></span> <span class='ocrx_word' id='word_1_340' title='bbox 1262 1157 1318 1212; x_wconf 88' lang='lat' dir='ltr'><strong>quo</strong></span> <span class='ocrx_word' id='word_1_341' title='bbox 1346 1146 1498 1195; x_wconf 89' lang='lat' dir='ltr'><strong>monentur</strong></span> <span class='ocrx_word' id='word_1_342' title='bbox 1521 1140 1653 1196; x_wconf 83' lang='lat' dir='ltr'><strong>Ecclesiae</strong></span> <span class='ocrx_word' id='word_1_343' title='bbox 1681 1141 1817 1211; x_wconf 90' lang='lat' dir='ltr'><strong>ministri,</strong></span> <span class='ocrx_word' id='word_1_344' title='bbox 1853 1156 1890 1196; x_wconf 90' lang='lat' dir='ltr'><strong>ne</strong></span> 
     </span>
     <span class='ocr_line' id='line_1_51' title="bbox 1040 1229 1893 1301; baseline 0.002 -18"><span class='ocrx_word' id='word_1_345' title='bbox 1040 1231 1191 1285; x_wconf 80' lang='lat' dir='ltr'><strong>securitate</strong></span> <span class='ocrx_word' id='word_1_346' title='bbox 1205 1234 1338 1300; x_wconf 84' lang='lat' dir='ltr'><strong>torpeant</strong></span> <span class='ocrx_word' id='word_1_347' title='bbox 1352 1246 1359 1295; x_wconf 92' lang='lat'>;</span> <span class='ocrx_word' id='word_1_348' title='bbox 1375 1229 1443 1300; x_wconf 89' lang='lat' dir='ltr'><strong>quia</strong></span> <span class='ocrx_word' id='word_1_349' title='bbox 1460 1229 1525 1283; x_wconf 90' lang='lat' dir='ltr'><strong>licet</strong></span> <span class='ocrx_word' id='word_1_350' title='bbox 1537 1245 1589 1300; x_wconf 90' lang='lat' dir='ltr'><strong>per</strong></span> <span class='ocrx_word' id='word_1_351' title='bbox 1602 1232 1723 1300; x_wconf 84' lang='lat' dir='ltr'><strong>januam</strong></span> <span class='ocrx_word' id='word_1_352' title='bbox 1752 1230 1822 1285; x_wconf 83' lang='lat' dir='ltr'><strong>fidei</strong></span> <span class='ocrx_word' id='word_1_353' title='bbox 1832 1230 1893 1301; x_wconf 88' lang='lat' dir='ltr'><strong>jam</strong></span> 
     </span>
     <span class='ocr_line' id='line_1_52' title="bbox 1040 1317 1896 1388; baseline 0 -15"><span class='ocrx_word' id='word_1_354' title='bbox 1040 1318 1071 1373; x_wconf 91' lang='lat' dir='ltr'><strong>in</strong></span> <span class='ocrx_word' id='word_1_355' title='bbox 1100 1317 1252 1373; x_wconf 89' lang='lat' dir='ltr'><strong>Ecclesiam</strong></span> <span class='ocrx_word' id='word_1_356' title='bbox 1274 1317 1455 1382; x_wconf 85' lang='lat' dir='ltr'><strong>intraverint,</strong></span> <span class='ocrx_word' id='word_1_357' title='bbox 1491 1318 1590 1371; x_wconf 88' lang='lat' dir='ltr'><strong>lumen</strong></span> <span class='ocrx_word' id='word_1_358' title='bbox 1631 1317 1760 1372; x_wconf 79' lang='lat' dir='ltr'><strong>scientim</strong></span> <span class='ocrx_word' id='word_1_359' title='bbox 1798 1334 1896 1388; x_wconf 82' lang='lat' dir='ltr'><strong>peree-</strong></span> 
     </span>
     <span class='ocr_line' id='line_1_53' title="bbox 1040 1405 1894 1480; baseline -0.004 -17"><span class='ocrx_word' id='word_1_360' title='bbox 1040 1408 1146 1480; x_wconf 91' lang='lat' dir='ltr'><strong>perint,</strong></span> <span class='ocrx_word' id='word_1_361' title='bbox 1181 1406 1321 1462; x_wconf 90' lang='lat' dir='ltr'><strong>desideria</strong></span> <span class='ocrx_word' id='word_1_362' title='bbox 1349 1405 1442 1459; x_wconf 89' lang='lat' dir='ltr'><strong>carnis</strong></span> <span class='ocrx_word' id='word_1_363' title='bbox 1482 1405 1727 1466; x_wconf 82' lang='lat' dir='ltr'><strong>mortificaverint,</strong></span> <span class='ocrx_word' id='word_1_364' title='bbox 1764 1406 1894 1461; x_wconf 87' lang='lat' dir='ltr'><strong>nondum</strong></span> 
     </span>
     <span class='ocr_line' id='line_1_54' title="bbox 1041 1493 1897 1565; baseline -0.002 -14"><span class='ocrx_word' id='word_1_365' title='bbox 1041 1503 1138 1552; x_wconf 86' lang='lat' dir='ltr'><strong>tamen</strong></span> <span class='ocrx_word' id='word_1_366' title='bbox 1153 1497 1187 1550; x_wconf 89' lang='lat' dir='ltr'><strong>ad</strong></span> <span class='ocrx_word' id='word_1_367' title='bbox 1203 1493 1357 1565; x_wconf 88' lang='lat' dir='ltr'><strong>perlectam</strong></span> <span class='ocrx_word' id='word_1_368' title='bbox 1372 1493 1552 1556; x_wconf 85' lang='lat' dir='ltr'><strong>suavitatem,</strong></span> <span class='ocrx_word' id='word_1_369' title='bbox 1573 1493 1601 1548; x_wconf 95' lang='lat' dir='ltr'><strong>id</strong></span> <span class='ocrx_word' id='word_1_370' title='bbox 1624 1499 1677 1560; x_wconf 90' lang='lat' dir='ltr'><strong>est,</strong></span> <span class='ocrx_word' id='word_1_371' title='bbox 1704 1494 1740 1549; x_wconf 88' lang='lat' dir='ltr'><strong>nd</strong></span> <span class='ocrx_word' id='word_1_372' title='bbox 1755 1500 1897 1550; x_wconf 79' lang='lat' dir='ltr'><strong>salernam</strong></span> 
     </span>
     <span class='ocr_line' id='line_1_55' title="bbox 1041 1581 1897 1654; baseline -0.005 -14"><span class='ocrx_word' id='word_1_373' title='bbox 1041 1584 1260 1649; x_wconf 88' lang='lat' dir='ltr'><strong>beatitudinem,</strong></span> <span class='ocrx_word' id='word_1_374' title='bbox 1281 1586 1483 1654; x_wconf 86' lang='lat' dir='ltr'><strong>pervenerunt.</strong></span> <span class='ocrx_word' id='word_1_375' title='bbox 1501 1583 1597 1636; x_wconf 83' lang='lat' dir='ltr'><strong>Restat</strong></span> <span class='ocrx_word' id='word_1_376' title='bbox 1616 1581 1726 1653; x_wconf 90' lang='lat' dir='ltr'><strong>aliquid</strong></span> <span class='ocrx_word' id='word_1_377' title='bbox 1746 1598 1897 1650; x_wconf 73' lang='lat' dir='ltr'><strong>arcarum,</strong></span> 
     </span>
     <span class='ocr_line' id='line_1_56' title="bbox 1042 1669 1898 1742; baseline -0.004 -14"><span class='ocrx_word' id='word_1_378' title='bbox 1042 1673 1171 1728; x_wconf 92' lang='lat' dir='ltr'><strong>cumillo</strong></span> <span class='ocrx_word' id='word_1_379' title='bbox 1199 1671 1365 1726; x_wconf 88' lang='lat' dir='ltr'><strong>certandum</strong></span> <span class='ocrx_word' id='word_1_380' title='bbox 1398 1675 1449 1735; x_wconf 89' lang='lat' dir='ltr'><strong>est,</strong></span> <span class='ocrx_word' id='word_1_381' title='bbox 1477 1669 1528 1740; x_wconf 79' lang='lat' dir='ltr'><strong>qui</strong></span> <span class='ocrx_word' id='word_1_382' title='bbox 1549 1670 1583 1724; x_wconf 90' lang='lat' dir='ltr'><strong>ad</strong></span> <span class='ocrx_word' id='word_1_383' title='bbox 1604 1670 1771 1741; x_wconf 90' lang='lat' dir='ltr'><strong>aquilonem</strong></span> <span class='ocrx_word' id='word_1_384' title='bbox 1798 1670 1898 1742; x_wconf 88' lang='lat' dir='ltr'><strong>dirigit</strong></span> 
     </span>
     <span class='ocr_line' id='line_1_57' title="bbox 1041 1756 1895 1829; baseline -0.006 -11"><span class='ocrx_word' id='word_1_385' title='bbox 1041 1763 1146 1818; x_wconf 90' lang='lat' dir='ltr'><strong>solium</strong></span> <span class='ocrx_word' id='word_1_386' title='bbox 1160 1776 1254 1826; x_wconf 90' lang='lat' dir='ltr'><strong>suum,</strong></span> <span class='ocrx_word' id='word_1_387' title='bbox 1270 1760 1350 1829; x_wconf 90' lang='lat' dir='ltr'><strong>cujus</strong></span> <span class='ocrx_word' id='word_1_388' title='bbox 1365 1757 1500 1811; x_wconf 89' lang='lat' dir='ltr'><strong>duritiam</strong></span> <span class='ocrx_word' id='word_1_389' title='bbox 1516 1756 1622 1812; x_wconf 90' lang='lat' dir='ltr'><strong>molliri</strong></span> <span class='ocrx_word' id='word_1_390' title='bbox 1637 1758 1816 1828; x_wconf 89' lang='lat' dir='ltr'><strong>impossibile</strong></span> <span class='ocrx_word' id='word_1_391' title='bbox 1832 1765 1895 1825; x_wconf 84' lang='lat' dir='ltr'><strong>esl;</strong></span> 
     </span>
     <span class='ocr_line' id='line_1_58' title="bbox 1043 1837 1893 1917; baseline -0.005 -12"><span class='ocrx_word' id='word_1_392' title='bbox 1043 1850 1132 1905; x_wconf 90' lang='lat' dir='ltr'><strong>uude:</strong></span> <span class='ocrx_word' id='word_1_393' title='bbox 1162 1851 1212 1904; x_wconf 84' lang='lat' dir='ltr'><strong>Gor</strong></span> <span class='ocrx_word' id='word_1_394' title='bbox 1243 1848 1302 1915; x_wconf 77' lang='lat' dir='ltr'><strong>ejece</strong></span> <span class='ocrx_word' id='word_1_395' title='bbox 1326 1845 1504 1900; x_wconf 84' lang='lat' dir='ltr'><strong>indurabitur</strong></span> <span class='ocrx_word' id='word_1_396' title='bbox 1531 1848 1613 1915; x_wconf 79' lang='lat' dir='ltr'><strong>quusi</strong></span> <span class='ocrx_word' id='word_1_397' title='bbox 1637 1846 1719 1915; x_wconf 85' lang='lat' dir='ltr'><strong>lupis,</strong></span> <span class='ocrx_word' id='word_1_398' title='bbox 1750 1837 1803 1900; x_wconf 89' lang='lat' dir='ltr'><strong>etc.</strong></span> <span class='ocrx_word' id='word_1_399' title='bbox 1829 1849 1893 1917; x_wconf 86' lang='lat' dir='ltr'><strong>(isa.</strong></span> 
     </span>
     <span class='ocr_line' id='line_1_59' title="bbox 1041 1934 1895 2006; baseline -0.004 -13"><span class='ocrx_word' id='word_1_400' title='bbox 1041 1937 1191 2004; x_wconf 75' lang='lat' dir='ltr'><strong>x1v3Jolr</strong></span> <span class='ocrx_word' id='word_1_401' title='bbox 1217 1936 1283 2006; x_wconf 83' lang='lat' dir='ltr'><strong>xxi).</strong></span> <span class='ocrx_word' id='word_1_402' title='bbox 1312 1937 1383 1990; x_wconf 86' lang='lat' dir='ltr'><strong>Cum</strong></span> <span class='ocrx_word' id='word_1_403' title='bbox 1419 1940 1517 1988; x_wconf 89' lang='lat' dir='ltr'><strong>autem</strong></span> <span class='ocrx_word' id='word_1_404' title='bbox 1555 1935 1746 2004; x_wconf 85' lang='lat' dir='ltr'><strong>superabitur,</strong></span> <span class='ocrx_word' id='word_1_405' title='bbox 1788 1934 1895 2006; x_wconf 86' lang='lat' dir='ltr'><strong>adepta</strong></span> 
     </span>
     <span class='ocr_line' id='line_1_60' title="bbox 1042 2019 1675 2097; baseline -0.002 -19"><span class='ocrx_word' id='word_1_406' title='bbox 1042 2025 1137 2097; x_wconf 89' lang='lat' dir='ltr'><strong>palma</strong></span> <span class='ocrx_word' id='word_1_407' title='bbox 1152 2021 1353 2076; x_wconf 85' lang='lat' dir='ltr'><strong>exsultandum</strong></span> <span class='ocrx_word' id='word_1_408' title='bbox 1378 2019 1425 2076; x_wconf 82' lang='lat' dir='ltr'><strong>&#39;est</strong></span> <span class='ocrx_word' id='word_1_409' title='bbox 1451 2027 1480 2075; x_wconf 89' lang='lat' dir='ltr'><strong>et</strong></span> <span class='ocrx_word' id='word_1_410' title='bbox 1507 2021 1675 2077; x_wconf 82' lang='lat' dir='ltr'><strong>laetandum.</strong></span> 
     </span>
    </p>

    <p class='ocr_par' dir='ltr' id='par_1_15' title="bbox 1042 2108 1928 3240">
     <span class='ocr_line' id='line_1_61' title="bbox 1078 2108 1897 2180; baseline -0.004 -15"><span class='ocrx_word' id='word_1_411' title='bbox 1078 2114 1158 2167; x_wconf 82' lang='lat' dir='ltr'><strong>vens.</strong></span> <span class='ocrx_word' id='word_1_412' title='bbox 1174 2115 1221 2167; x_wconf 82' lang='lat'><strong>³8.</strong></span> <span class='ocrx_word' id='word_1_413' title='bbox 1251 2141 1285 2150; x_wconf 93' lang='lat'>-</span> <span class='ocrx_word' id='word_1_414' title='bbox 1309 2111 1358 2164; x_wconf 82' lang='lat' dir='ltr'><strong>Ad</strong></span> <span class='ocrx_word' id='word_1_415' title='bbox 1394 2110 1550 2164; x_wconf 84' lang='lat' dir='ltr'><strong>orientalem</strong></span> <span class='ocrx_word' id='word_1_416' title='bbox 1581 2110 1705 2180; x_wconf 77' lang='lat' dir='ltr'><strong>plagam.</strong></span> <span class='ocrx_word' id='word_1_417' title='bbox 1742 2108 1897 2165; x_wconf 87' lang='lat' dir='ltr'><strong>Orientalis</strong></span> 
     </span>
     <span class='ocr_line' id='line_1_62' title="bbox 1042 2196 1897 2274; baseline -0.006 -18"><span class='ocrx_word' id='word_1_418' title='bbox 1042 2201 1128 2274; x_wconf 88' lang='lat' dir='ltr'><strong>plaga</strong></span> <span class='ocrx_word' id='word_1_419' title='bbox 1146 2206 1240 2255; x_wconf 92' lang='lat' dir='ltr'><strong>ortum</strong></span> <span class='ocrx_word' id='word_1_420' title='bbox 1255 2197 1486 2268; x_wconf 86' lang='lat' dir='ltr'><strong>fideisignilicat‚</strong></span> <span class='ocrx_word' id='word_1_421' title='bbox 1513 2196 1563 2252; x_wconf 94' lang='lat' dir='ltr'><strong>ubi</strong></span> <span class='ocrx_word' id='word_1_422' title='bbox 1591 2199 1708 2269; x_wconf 88' lang='lat' dir='ltr'><strong>lloyses,</strong></span> <span class='ocrx_word' id='word_1_423' title='bbox 1737 2198 1790 2268; x_wconf 91' lang='lat' dir='ltr'><strong>qui</strong></span> <span class='ocrx_word' id='word_1_424' title='bbox 1809 2197 1897 2251; x_wconf 87' lang='lat' dir='ltr'><strong>inter-</strong></span> 
     </span>
     <span class='ocr_line' id='line_1_63' title="bbox 1042 2286 1896 2362; baseline -0.006 -18"><span class='ocrx_word' id='word_1_425' title='bbox 1042 2294 1172 2362; x_wconf 88' lang='lat' dir='ltr'><strong>pretatur</strong></span> <span class='ocrx_word' id='word_1_426' title='bbox 1187 2291 1349 2357; x_wconf 88' lang='lat' dir='ltr'><strong>assumptus</strong></span> <span class='ocrx_word' id='word_1_427' title='bbox 1364 2286 1399 2341; x_wconf 89' lang='lat' dir='ltr'><strong>de</strong></span> <span class='ocrx_word' id='word_1_428' title='bbox 1413 2301 1498 2358; x_wconf 84' lang='lat' dir='ltr'><strong>aqua,</strong></span> <span class='ocrx_word' id='word_1_429' title='bbox 1527 2290 1555 2341; x_wconf 90' lang='lat' dir='ltr'><strong>et</strong></span> <span class='ocrx_word' id='word_1_430' title='bbox 1581 2290 1675 2341; x_wconf 74' lang='lat' dir='ltr'><strong>Aaron</strong></span> <span class='ocrx_word' id='word_1_431' title='bbox 1699 2302 1784 2341; x_wconf 89' lang='lat' dir='ltr'><strong>mons</strong></span> <span class='ocrx_word' id='word_1_432' title='bbox 1812 2286 1896 2340; x_wconf 83' lang='lat' dir='ltr'><strong>lorti·</strong></span> 
     </span>
     <span class='ocr_line' id='line_1_64' title="bbox 1042 2373 1898 2444; baseline -0.007 -10"><span class='ocrx_word' id='word_1_433' title='bbox 1042 2378 1160 2444; x_wconf 91' lang='lat' dir='ltr'><strong>tudinis,</strong></span> <span class='ocrx_word' id='word_1_434' title='bbox 1172 2392 1237 2431; x_wconf 92' lang='lat' dir='ltr'><strong>cum</strong></span> <span class='ocrx_word' id='word_1_435' title='bbox 1248 2375 1313 2430; x_wconf 89' lang='lat' dir='ltr'><strong>liliis</strong></span> <span class='ocrx_word' id='word_1_436' title='bbox 1341 2375 1400 2428; x_wconf 89' lang='lat' dir='ltr'><strong>suis</strong></span> <span class='ocrx_word' id='word_1_437' title='bbox 1418 2378 1664 2430; x_wconf 85' lang='lat' dir='ltr'><strong>castrametantur.</strong></span> <span class='ocrx_word' id='word_1_438' title='bbox 1689 2374 1745 2436; x_wconf 87' lang='lat' dir='ltr'><strong>Oui</strong></span> <span class='ocrx_word' id='word_1_439' title='bbox 1773 2374 1852 2429; x_wconf 90' lang='lat' dir='ltr'><strong>enim</strong></span> <span class='ocrx_word' id='word_1_440' title='bbox 1866 2373 1898 2427; x_wconf 90' lang='lat' dir='ltr'><strong>iu</strong></span> 
     </span>
     <span class='ocr_line' id='line_1_65' title="bbox 1044 2463 1897 2536; baseline -0.008 -13"><span class='ocrx_word' id='word_1_441' title='bbox 1044 2466 1163 2523; x_wconf 90' lang='lat' dir='ltr'><strong>Ecclesia</strong></span> <span class='ocrx_word' id='word_1_442' title='bbox 1176 2469 1316 2536; x_wconf 82' lang='lat' dir='ltr'><strong>praesunt,</strong></span> <span class='ocrx_word' id='word_1_443' title='bbox 1332 2464 1437 2534; x_wconf 88' lang='lat' dir='ltr'><strong>quibus</strong></span> <span class='ocrx_word' id='word_1_444' title='bbox 1452 2465 1542 2518; x_wconf 81' lang='lat' dir='ltr'><strong>claves</strong></span> <span class='ocrx_word' id='word_1_445' title='bbox 1567 2463 1649 2534; x_wconf 83' lang='lat' dir='ltr'><strong>regni</strong></span> <span class='ocrx_word' id='word_1_446' title='bbox 1677 2463 1800 2518; x_wconf 90' lang='lat' dir='ltr'><strong>coelestis</strong></span> <span class='ocrx_word' id='word_1_447' title='bbox 1814 2478 1897 2517; x_wconf 90' lang='lat' dir='ltr'><strong>com-</strong></span> 
     </span>
     <span class='ocr_line' id='line_1_66' title="bbox 1044 2551 1897 2622; baseline -0.004 -13"><span class='ocrx_word' id='word_1_448' title='bbox 1044 2556 1219 2610; x_wconf 81' lang='lat' dir='ltr'><strong>missaesunt</strong></span> <span class='ocrx_word' id='word_1_449' title='bbox 1245 2553 1355 2622; x_wconf 76' lang='lat' dir='ltr'><strong>(blattis.</strong></span> <span class='ocrx_word' id='word_1_450' title='bbox 1388 2553 1439 2621; x_wconf 84' lang='lat' dir='ltr'><strong>ri),</strong></span> <span class='ocrx_word' id='word_1_451' title='bbox 1469 2551 1574 2606; x_wconf 88' lang='lat' dir='ltr'><strong>debent</strong></span> <span class='ocrx_word' id='word_1_452' title='bbox 1603 2552 1737 2606; x_wconf 89' lang='lat' dir='ltr'><strong>introitus</strong></span> <span class='ocrx_word' id='word_1_453' title='bbox 1766 2552 1897 2606; x_wconf 86' lang='lat' dir='ltr'><strong>ordinem</strong></span> 
     </span>
     <span class='ocr_line' id='line_1_67' title="bbox 1044 2639 1897 2715; baseline -0.006 -17"><span class='ocrx_word' id='word_1_454' title='bbox 1044 2658 1226 2715; x_wconf 87' lang='lat' dir='ltr'><strong>cognoscere,</strong></span> <span class='ocrx_word' id='word_1_455' title='bbox 1238 2647 1268 2696; x_wconf 88' lang='lat' dir='ltr'><strong>et</strong></span> <span class='ocrx_word' id='word_1_456' title='bbox 1289 2641 1353 2695; x_wconf 89' lang='lat' dir='ltr'><strong>aliis</strong></span> <span class='ocrx_word' id='word_1_457' title='bbox 1379 2640 1543 2711; x_wconf 78' lang='lat' dir='ltr'><strong>praedicare.</strong></span> <span class='ocrx_word' id='word_1_458' title='bbox 1561 2639 1633 2705; x_wconf 84' lang='lat' dir='ltr'><strong>Quia</strong></span> <span class='ocrx_word' id='word_1_459' title='bbox 1657 2644 1770 2711; x_wconf 90' lang='lat' dir='ltr'><strong>oportet</strong></span> <span class='ocrx_word' id='word_1_460' title='bbox 1795 2656 1897 2711; x_wconf 89' lang='lat' dir='ltr'><strong>quem·</strong></span> 
     </span>
     <span class='ocr_line' id='line_1_68' title="bbox 1045 2728 1897 2804; baseline -0.004 -19"><span class='ocrx_word' id='word_1_461' title='bbox 1045 2748 1100 2804; x_wconf 90' lang='lat' dir='ltr'><strong>que</strong></span> <span class='ocrx_word' id='word_1_462' title='bbox 1115 2730 1144 2785; x_wconf 91' lang='lat' dir='ltr'><strong>in</strong></span> <span class='ocrx_word' id='word_1_463' title='bbox 1154 2731 1246 2784; x_wconf 89' lang='lat' dir='ltr'><strong>lucem</strong></span> <span class='ocrx_word' id='word_1_464' title='bbox 1257 2728 1325 2783; x_wconf 90' lang='lat' dir='ltr'><strong>lidei</strong></span> <span class='ocrx_word' id='word_1_465' title='bbox 1340 2733 1508 2799; x_wconf 88' lang='lat' dir='ltr'><strong>perportam</strong></span> <span class='ocrx_word' id='word_1_466' title='bbox 1523 2728 1709 2782; x_wconf 80' lang='lat' dir='ltr'><strong>confessionis</strong></span> <span class='ocrx_word' id='word_1_467' title='bbox 1732 2728 1769 2783; x_wconf 91' lang='lat' dir='ltr'><strong>ad</strong></span> <span class='ocrx_word' id='word_1_468' title='bbox 1791 2744 1897 2799; x_wconf 89' lang='lat' dir='ltr'><strong>aquam</strong></span> 
     </span>
     <span class='ocr_line' id='line_1_69' title="bbox 1046 2816 1897 2889; baseline -0.004 -16"><span class='ocrx_word' id='word_1_469' title='bbox 1046 2818 1182 2889; x_wconf 89' lang='lat' dir='ltr'><strong>baptismi</strong></span> <span class='ocrx_word' id='word_1_470' title='bbox 1196 2818 1314 2884; x_wconf 87' lang='lat' dir='ltr'><strong>intrare,</strong></span> <span class='ocrx_word' id='word_1_471' title='bbox 1330 2821 1362 2870; x_wconf 93' lang='lat' dir='ltr'><strong>ut</strong></span> <span class='ocrx_word' id='word_1_472' title='bbox 1374 2816 1409 2870; x_wconf 90' lang='lat' dir='ltr'><strong>de</strong></span> <span class='ocrx_word' id='word_1_473' title='bbox 1422 2832 1496 2887; x_wconf 88' lang='lat' dir='ltr'><strong>aqua</strong></span> <span class='ocrx_word' id='word_1_474' title='bbox 1511 2822 1673 2887; x_wconf 89' lang='lat' dir='ltr'><strong>assumptus</strong></span> <span class='ocrx_word' id='word_1_475' title='bbox 1687 2817 1724 2871; x_wconf 92' lang='lat' dir='ltr'><strong>sit</strong></span> <span class='ocrx_word' id='word_1_476' title='bbox 1743 2816 1821 2871; x_wconf 87' lang='lat' dir='ltr'><strong>lilius</strong></span> <span class='ocrx_word' id='word_1_477' title='bbox 1847 2817 1897 2871; x_wconf 89' lang='lat' dir='ltr'><strong>ad·</strong></span> 
     </span>
     <span class='ocr_line' id='line_1_70' title="bbox 1084 2904 1928 2976; baseline -0.004 -14"><span class='ocrx_word' id='word_1_478' title='bbox 1084 2908 1229 2975; x_wconf 76' lang='lat' dir='ltr'><strong>tionis3et</strong></span> <span class='ocrx_word' id='word_1_479' title='bbox 1256 2905 1358 2959; x_wconf 90' lang='lat' dir='ltr'><strong>robore</strong></span> <span class='ocrx_word' id='word_1_480' title='bbox 1385 2904 1552 2959; x_wconf 81' lang='lat' dir='ltr'><strong>constantim</strong></span> <span class='ocrx_word' id='word_1_481' title='bbox 1577 2905 1700 2976; x_wconf 85' lang='lat' dir='ltr'><strong>gignens</strong></span> <span class='ocrx_word' id='word_1_482' title='bbox 1732 2905 1807 2958; x_wconf 89' lang='lat' dir='ltr'><strong>tilios</strong></span> <span class='ocrx_word' id='word_1_483' title='bbox 1828 2905 1897 2959; x_wconf 90' lang='lat' dir='ltr'><strong>boui</strong></span> <span class='ocrx_word' id='word_1_484' title='bbox 1926 2967 1928 2971; x_wconf 48' lang='grc'>,</span> 
     </span>
     <span class='ocr_line' id='line_1_71' title="bbox 1045 2993 1896 3069; baseline -0.005 -18"><span class='ocrx_word' id='word_1_485' title='bbox 1045 2996 1150 3069; x_wconf 90' lang='lat' dir='ltr'><strong>operis,</strong></span> <span class='ocrx_word' id='word_1_486' title='bbox 1166 2994 1315 3049; x_wconf 90' lang='lat' dir='ltr'><strong>introilum</strong></span> <span class='ocrx_word' id='word_1_487' title='bbox 1340 2993 1418 3059; x_wconf 86' lang='lat' dir='ltr'><strong>fidei,</strong></span> <span class='ocrx_word' id='word_1_488' title='bbox 1436 3008 1487 3064; x_wconf 89' lang='lat' dir='ltr'><strong>per</strong></span> <span class='ocrx_word' id='word_1_489' title='bbox 1510 3008 1597 3064; x_wconf 89' lang='lat' dir='ltr'><strong>quem</strong></span> <span class='ocrx_word' id='word_1_490' title='bbox 1616 2994 1647 3047; x_wconf 91' lang='lat' dir='ltr'><strong>in</strong></span> <span class='ocrx_word' id='word_1_491' title='bbox 1670 2993 1827 3047; x_wconf 87' lang='lat' dir='ltr'><strong>Ecclesiam</strong></span> <span class='ocrx_word' id='word_1_492' title='bbox 1852 2993 1896 3047; x_wconf 90' lang='lat' dir='ltr'><strong>iu-</strong></span> 
     </span>
     <span class='ocr_line' id='line_1_72' title="bbox 1045 3081 1895 3157; baseline -0.002 -18"><span class='ocrx_word' id='word_1_493' title='bbox 1045 3101 1159 3157; x_wconf 89' lang='lat' dir='ltr'><strong>gressus</strong></span> <span class='ocrx_word' id='word_1_494' title='bbox 1174 3088 1226 3150; x_wconf 86' lang='lat' dir='ltr'><strong>est,</strong></span> <span class='ocrx_word' id='word_1_495' title='bbox 1251 3082 1404 3152; x_wconf 86' lang='lat' dir='ltr'><strong>diligenter</strong></span> <span class='ocrx_word' id='word_1_496' title='bbox 1429 3081 1579 3147; x_wconf 87' lang='lat' dir='ltr'><strong>custodiat,</strong></span> <span class='ocrx_word' id='word_1_497' title='bbox 1600 3097 1635 3135; x_wconf 89' lang='lat' dir='ltr'><strong>ne</strong></span> <span class='ocrx_word' id='word_1_498' title='bbox 1668 3081 1778 3136; x_wconf 91' lang='lat' dir='ltr'><strong>otiosus</strong></span> <span class='ocrx_word' id='word_1_499' title='bbox 1798 3086 1828 3136; x_wconf 89' lang='lat' dir='ltr'><strong>et</strong></span> <span class='ocrx_word' id='word_1_500' title='bbox 1854 3082 1895 3137; x_wconf 90' lang='lat' dir='ltr'><strong>in-</strong></span> 
     </span>
     <span class='ocr_line' id='line_1_73' title="bbox 1046 3170 1290 3240; baseline -0.02 -14"><span class='ocrx_word' id='word_1_501' title='bbox 1046 3170 1290 3240; x_wconf 88' lang='lat' dir='ltr'><strong>atilisadjiciatur.</strong></span> 
     </span>
    </p>

    <p class='ocr_par' dir='ltr' id='par_1_16' title="bbox 1045 3257 1900 3768">
     <span class='ocr_line' id='line_1_74' title="bbox 1082 3257 1898 3328; baseline 0.001 -16"><span class='ocrx_word' id='word_1_502' title='bbox 1082 3261 1162 3314; x_wconf 81' lang='lat' dir='ltr'><strong>liuns.</strong></span> <span class='ocrx_word' id='word_1_503' title='bbox 1175 3261 1262 3314; x_wconf 83' lang='grc'>39,-</span> <span class='ocrx_word' id='word_1_504' title='bbox 1284 3258 1390 3325; x_wconf 75' lang='lat' dir='ltr'><strong>Viginti</strong></span> <span class='ocrx_word' id='word_1_505' title='bbox 1404 3257 1456 3310; x_wconf 84' lang='lat' dir='ltr'><strong>duo</strong></span> <span class='ocrx_word' id='word_1_506' title='bbox 1484 3258 1583 3311; x_wconf 85' lang='lat' dir='ltr'><strong>millia.</strong></span> <span class='ocrx_word' id='word_1_507' title='bbox 1609 3260 1682 3328; x_wconf 87' lang='lat' dir='ltr'><strong>llpte</strong></span> <span class='ocrx_word' id='word_1_508' title='bbox 1706 3274 1829 3312; x_wconf 87' lang='lat' dir='ltr'><strong>numero</strong></span> <span class='ocrx_word' id='word_1_509' title='bbox 1856 3259 1898 3313; x_wconf 86' lang='lat' dir='ltr'><strong>ri·</strong></span> 
     </span>
     <span class='ocr_line' id='line_1_75' title="bbox 1045 3344 1898 3418; baseline 0.002 -19"><span class='ocrx_word' id='word_1_510' title='bbox 1045 3346 1119 3418; x_wconf 87' lang='lat' dir='ltr'><strong>giuti</strong></span> <span class='ocrx_word' id='word_1_511' title='bbox 1133 3347 1255 3400; x_wconf 92' lang='lat' dir='ltr'><strong>duorum</strong></span> <span class='ocrx_word' id='word_1_512' title='bbox 1272 3345 1373 3400; x_wconf 84' lang='lat' dir='ltr'><strong>Leritae</strong></span> <span class='ocrx_word' id='word_1_513' title='bbox 1384 3344 1574 3398; x_wconf 89' lang='lat' dir='ltr'><strong>intitulantur.</strong></span> <span class='ocrx_word' id='word_1_514' title='bbox 1588 3346 1645 3399; x_wconf 85' lang='lat' dir='ltr'><strong>Hoc</strong></span> <span class='ocrx_word' id='word_1_515' title='bbox 1671 3344 1748 3399; x_wconf 89' lang='lat' dir='ltr'><strong>enim</strong></span> <span class='ocrx_word' id='word_1_516' title='bbox 1776 3361 1898 3401; x_wconf 87' lang='lat' dir='ltr'><strong>numero</strong></span> 
     </span>
     <span class='ocr_line' id='line_1_76' title="bbox 1046 3433 1898 3506; baseline -0.001 -16"><span class='ocrx_word' id='word_1_517' title='bbox 1046 3434 1328 3506; x_wconf 88' lang='lat' dir='ltr'><strong>comprehenduntur</strong></span> <span class='ocrx_word' id='word_1_518' title='bbox 1352 3433 1470 3487; x_wconf 78' lang='lat' dir='ltr'><strong>Hebraea</strong></span> <span class='ocrx_word' id='word_1_519' title='bbox 1509 3433 1664 3487; x_wconf 88' lang='lat' dir='ltr'><strong>elementa:</strong></span> <span class='ocrx_word' id='word_1_520' title='bbox 1682 3438 1710 3486; x_wconf 90' lang='lat' dir='ltr'><strong>ct</strong></span> <span class='ocrx_word' id='word_1_521' title='bbox 1738 3434 1898 3489; x_wconf 89' lang='lat' dir='ltr'><strong>secundum</strong></span> 
     </span>
     <span class='ocr_line' id='line_1_77' title="bbox 1047 3511 1899 3596; baseline -0.002 -17"><span class='ocrx_word' id='word_1_522' title='bbox 1047 3523 1198 3596; x_wconf 87' lang='lat' dir='ltr'><strong>quosdam,</strong></span> <span class='ocrx_word' id='word_1_523' title='bbox 1214 3522 1280 3575; x_wconf 91' lang='lat' dir='ltr'><strong>libri</strong></span> <span class='ocrx_word' id='word_1_524' title='bbox 1301 3521 1407 3575; x_wconf 84' lang='lat' dir='ltr'><strong>Veteris</strong></span> <span class='ocrx_word' id='word_1_525' title='bbox 1421 3520 1608 3575; x_wconf 88' lang='lat' dir='ltr'><strong>Testamenti.</strong></span> <span class='ocrx_word' id='word_1_526' title='bbox 1629 3520 1748 3575; x_wconf 88' lang='lat' dir='ltr'><strong>llinistri</strong></span> <span class='ocrx_word' id='word_1_527' title='bbox 1761 3511 1763 3515; x_wconf 31' lang='lat'><strong>¹</strong></span> <span class='ocrx_word' id='word_1_528' title='bbox 1774 3522 1825 3577; x_wconf 85' lang='lat' dir='ltr'><strong>llei</strong></span> <span class='ocrx_word' id='word_1_529' title='bbox 1846 3524 1899 3577; x_wconf 91' lang='lat' dir='ltr'><strong>bac</strong></span> 
     </span>
     <span class='ocr_line' id='line_1_78' title="bbox 1047 3609 1900 3684; baseline 0 -18"><span class='ocrx_word' id='word_1_530' title='bbox 1047 3611 1260 3684; x_wconf 77' lang='lat' dir='ltr'><strong>prascriptione</strong></span> <span class='ocrx_word' id='word_1_531' title='bbox 1276 3615 1438 3676; x_wconf 89' lang='lat' dir='ltr'><strong>monentur,</strong></span> <span class='ocrx_word' id='word_1_532' title='bbox 1459 3609 1617 3664; x_wconf 88' lang='lat' dir='ltr'><strong>secundum</strong></span> <span class='ocrx_word' id='word_1_533' title='bbox 1631 3610 1725 3681; x_wconf 88' lang='lat' dir='ltr'><strong>legem</strong></span> <span class='ocrx_word' id='word_1_534' title='bbox 1739 3610 1790 3665; x_wconf 87' lang='lat' dir='ltr'><strong>Dei</strong></span> <span class='ocrx_word' id='word_1_535' title='bbox 1805 3611 1900 3666; x_wconf 85' lang='lat' dir='ltr'><strong>rivere</strong></span> 
     </span>
     <span class='ocr_line' id='line_1_79' title="bbox 1048 3698 1592 3768; baseline -0.006 -11"><span class='ocrx_word' id='word_1_536' title='bbox 1048 3707 1076 3757; x_wconf 89' lang='lat' dir='ltr'><strong>et</strong></span> <span class='ocrx_word' id='word_1_537' title='bbox 1089 3701 1201 3768; x_wconf 91' lang='lat' dir='ltr'><strong>docere,</strong></span> <span class='ocrx_word' id='word_1_538' title='bbox 1213 3715 1265 3754; x_wconf 92' lang='lat' dir='ltr'><strong>nec</strong></span> <span class='ocrx_word' id='word_1_539' title='bbox 1274 3700 1332 3753; x_wconf 93' lang='lat' dir='ltr'><strong>ullo</strong></span> <span class='ocrx_word' id='word_1_540' title='bbox 1346 3698 1432 3753; x_wconf 92' lang='lat' dir='ltr'><strong>modo</strong></span> <span class='ocrx_word' id='word_1_541' title='bbox 1442 3698 1592 3754; x_wconf 88' lang='lat' dir='ltr'><strong>excedere.</strong></span> 
     </span>
    </p>
   </div>
   <div class='ocr_carea' id='block_1_13' title="bbox 143 3764 1902 4122">
    <p class='ocr_par' dir='ltr' id='par_1_17' title="bbox 143 3764 1901 4036">
     <span class='ocr_line' id='line_1_80' title="bbox 143 3764 1901 3855; baseline 0.002 -33"><span class='ocrx_word' id='word_1_542' title='bbox 143 3767 248 3839; x_wconf 86' lang='lat' dir='ltr'><strong>estqui</strong></span> <span class='ocrx_word' id='word_1_543' title='bbox 261 3766 348 3837; x_wconf 90' lang='lat' dir='ltr'><strong>primi</strong></span> <span class='ocrx_word' id='word_1_544' title='bbox 362 3764 470 3819; x_wconf 92' lang='lat' dir='ltr'><strong>suntin</strong></span> <span class='ocrx_word' id='word_1_545' title='bbox 483 3765 595 3831; x_wconf 87' lang='lat' dir='ltr'><strong>ordine,</strong></span> <span class='ocrx_word' id='word_1_546' title='bbox 624 3767 741 3822; x_wconf 89' lang='lat' dir='ltr'><strong>orientis</strong></span> <span class='ocrx_word' id='word_1_547' title='bbox 755 3769 870 3840; x_wconf 88' lang='lat' dir='ltr'><strong>plagam</strong></span> <span class='ocrx_word' id='word_1_548' title='bbox 896 3770 993 3826; x_wconf 90' lang='lat' dir='ltr'><strong>obser·</strong></span> <span class='ocrx_word' id='word_1_549' title='bbox 1084 3787 1189 3855; x_wconf 57' lang='lat' dir='ltr'><strong>(om,</strong></span> <span class='ocrx_word' id='word_1_550' title='bbox 1205 3787 1277 3840; x_wconf 64' lang='lat' dir='ltr'><strong>pom,</strong></span> <span class='ocrx_word' id='word_1_551' title='bbox 1297 3786 1355 3839; x_wconf 62' lang='lat' dir='ltr'><strong>aa„</strong></span> <span class='ocrx_word' id='word_1_552' title='bbox 1374 3784 1468 3854; x_wconf 61' lang='lat' dir='ltr'><strong>Num)</strong></span> <span class='ocrx_word' id='word_1_553' title='bbox 1496 3785 1590 3840; x_wconf 66' lang='lat' dir='ltr'><strong>nuptae</strong></span> <span class='ocrx_word' id='word_1_554' title='bbox 1617 3789 1684 3839; x_wconf 63' lang='lat' dir='ltr'><strong>suns</strong></span> <span class='ocrx_word' id='word_1_555' title='bbox 1711 3801 1901 3842; x_wconf 61' lang='lat' dir='ltr'><strong>numerorum</strong></span> 
     </span>
     <span class='ocr_line' id='line_1_81' title="bbox 145 3853 1899 3944; baseline 0.003 -35"><span class='ocrx_word' id='word_1_556' title='bbox 145 3855 329 3925; x_wconf 85' lang='lat' dir='ltr'><strong>rentbloyses</strong></span> <span class='ocrx_word' id='word_1_557' title='bbox 345 3853 639 3908; x_wconf 89' lang='lat' dir='ltr'><strong>etllaroncumliliis</strong></span> <span class='ocrx_word' id='word_1_558' title='bbox 667 3853 725 3909; x_wconf 91' lang='lat' dir='ltr'><strong>suis</strong></span> <span class='ocrx_word' id='word_1_559' title='bbox 752 3856 995 3914; x_wconf 88' lang='lat' dir='ltr'><strong>habentescusto·</strong></span> <span class='ocrx_word' id='word_1_560' title='bbox 1048 3875 1307 3942; x_wconf 52' lang='lat' dir='ltr'><strong>differenijae‚etc,‚</strong></span> <span class='ocrx_word' id='word_1_561' title='bbox 1332 3888 1417 3941; x_wconf 63' lang='lat' dir='ltr'><strong>usque</strong></span> <span class='ocrx_word' id='word_1_562' title='bbox 1431 3874 1468 3928; x_wconf 61' lang='lat' dir='ltr'><strong>aa</strong></span> <span class='ocrx_word' id='word_1_563' title='bbox 1484 3872 1570 3928; x_wconf 62' lang='lat' dir='ltr'><strong>epam</strong></span> <span class='ocrx_word' id='word_1_564' title='bbox 1581 3873 1750 3944; x_wconf 67' lang='lat' dir='ltr'><strong>mysterium</strong></span> <span class='ocrx_word' id='word_1_565' title='bbox 1765 3873 1899 3930; x_wconf 64' lang='lat' dir='ltr'><strong>humauae</strong></span> 
     </span>
     <span class='ocr_line' id='line_1_82' title="bbox 144 3940 1420 4036; baseline 0.003 -38"><span class='ocrx_word' id='word_1_566' title='bbox 144 3942 222 3998; x_wconf 90' lang='lat' dir='ltr'><strong>diam</strong></span> <span class='ocrx_word' id='word_1_567' title='bbox 236 3940 390 3996; x_wconf 89' lang='lat' dir='ltr'><strong>sanctuarii</strong></span> <span class='ocrx_word' id='word_1_568' title='bbox 404 3941 434 3995; x_wconf 90' lang='lat' dir='ltr'><strong>in</strong></span> <span class='ocrx_word' id='word_1_569' title='bbox 446 3941 542 3996; x_wconf 91' lang='lat' dir='ltr'><strong>medio</strong></span> <span class='ocrx_word' id='word_1_570' title='bbox 568 3942 695 3998; x_wconf 88' lang='lat' dir='ltr'><strong>liliorum</strong></span> <span class='ocrx_word' id='word_1_571' title='bbox 720 3944 815 3999; x_wconf 89' lang='lat' dir='ltr'><strong>lsrael.</strong></span> <span class='ocrx_word' id='word_1_572' title='bbox 846 3946 993 4016; x_wconf 85' lang='lat' dir='ltr'><strong>Caatbitae,</strong></span> <span class='ocrx_word' id='word_1_573' title='bbox 1049 3961 1243 4036; x_wconf 59' lang='lat' dir='ltr'><strong>gmwmfionis</strong></span> <span class='ocrx_word' id='word_1_574' title='bbox 1258 3961 1420 4030; x_wconf 61' lang='lat' dir='ltr'><strong>exponitur,</strong></span> 
     </span>
    </p>

    <p class='ocr_par' dir='ltr' id='par_1_18' title="bbox 147 4030 1902 4122">
     <span class='ocr_line' id='line_1_83' title="bbox 147 4030 1902 4122; baseline 0.003 -36"><span class='ocrx_word' id='word_1_575' title='bbox 147 4031 222 4086; x_wconf 90' lang='lat' dir='ltr'><strong>unde</strong></span> <span class='ocrx_word' id='word_1_576' title='bbox 237 4031 344 4102; x_wconf 85' lang='lat' dir='ltr'><strong>bloyses</strong></span> <span class='ocrx_word' id='word_1_577' title='bbox 363 4035 392 4083; x_wconf 90' lang='lat' dir='ltr'><strong>et</strong></span> <span class='ocrx_word' id='word_1_578' title='bbox 405 4033 499 4085; x_wconf 82' lang='lat' dir='ltr'><strong>Aaron</strong></span> <span class='ocrx_word' id='word_1_579' title='bbox 514 4030 569 4085; x_wconf 90' lang='lat' dir='ltr'><strong>orti</strong></span> <span class='ocrx_word' id='word_1_580' title='bbox 582 4036 659 4099; x_wconf 89' lang='lat' dir='ltr'><strong>sunt,</strong></span> <span class='ocrx_word' id='word_1_581' title='bbox 675 4032 864 4088; x_wconf 90' lang='lat' dir='ltr'><strong>meridianam</strong></span> <span class='ocrx_word' id='word_1_582' title='bbox 880 4036 995 4107; x_wconf 87' lang='lat' dir='ltr'><strong>plagam</strong></span> <span class='ocrx_word' id='word_1_583' title='bbox 1084 4051 1220 4106; x_wconf 42' lang='lat' dir='ltr'><strong>umam</strong></span> <span class='ocrx_word' id='word_1_584' title='bbox 1236 4051 1406 4118; x_wconf 62' lang='lat' dir='ltr'><strong>..Quinque</strong></span> <span class='ocrx_word' id='word_1_585' title='bbox 1428 4050 1516 4104; x_wconf 62' lang='lat' dir='ltr'><strong>siclos,</strong></span> <span class='ocrx_word' id='word_1_586' title='bbox 1548 4048 1671 4120; x_wconf 66' lang='lat' dir='ltr'><strong>mystice,</strong></span> <span class='ocrx_word' id='word_1_587' title='bbox 1699 4049 1902 4122; x_wconf 62' lang='lat' dir='ltr'><strong>quisquigjnj.</strong></span> 
     </span>
    </p>
   </div>
   <div class='ocr_carea' id='block_1_14' title="bbox 145 4118 1902 4298">
    <p class='ocr_par' dir='ltr' id='par_1_19' title="bbox 145 4118 1902 4298">
     <span class='ocr_line' id='line_1_84' title="bbox 145 4118 1902 4195; baseline 0 -1"><span class='ocrx_word' id='word_1_588' title='bbox 145 4119 304 4185; x_wconf 57' lang='lat' dir='ltr'><strong>⁰bfi¹¹⁰⁸¹¹b</strong></span> <span class='ocrx_word' id='word_1_589' title='bbox 320 4118 372 4173; x_wconf 72' lang='lat' dir='ltr'><strong>sub</strong></span> <span class='ocrx_word' id='word_1_590' title='bbox 395 4134 464 4173; x_wconf 60' lang='lat' dir='ltr'>cura</span> <span class='ocrx_word' id='word_1_591' title='bbox 487 4119 611 4174; x_wconf 62' lang='lat' dir='ltr'><strong>Elfflasi</strong></span> <span class='ocrx_word' id='word_1_592' title='bbox 639 4120 801 4188; x_wconf 57' lang='grc' dir='ltr'><strong>580θῑᾶθῑίθι</strong></span> <span class='ocrx_word' id='word_1_593' title='bbox 831 4122 882 4194; x_wconf 88' lang='lat' dir='ltr'><strong>qui</strong></span> <span class='ocrx_word' id='word_1_594' title='bbox 904 4125 996 4194; x_wconf 59' lang='lat' dir='ltr'><strong>malm*</strong></span> <span class='ocrx_word' id='word_1_595' title='bbox 1050 4139 1122 4195; x_wconf 91' lang='lat' dir='ltr'><strong>tium</strong></span> <span class='ocrx_word' id='word_1_596' title='bbox 1146 4137 1365 4192; x_wconf 86' lang='lat' dir='ltr'><strong>conversationis</strong></span> <span class='ocrx_word' id='word_1_597' title='bbox 1391 4141 1420 4191; x_wconf 91' lang='lat' dir='ltr'><strong>et</strong></span> <span class='ocrx_word' id='word_1_598' title='bbox 1449 4137 1603 4192; x_wconf 89' lang='lat' dir='ltr'><strong>voluntatis</strong></span> <span class='ocrx_word' id='word_1_599' title='bbox 1626 4137 1686 4191; x_wconf 84' lang='lat' dir='ltr'><strong>vult</strong></span> <span class='ocrx_word' id='word_1_600' title='bbox 1710 4139 1768 4192; x_wconf 89' lang='lat' dir='ltr'><strong>Deo</strong></span> <span class='ocrx_word' id='word_1_601' title='bbox 1801 4155 1902 4194; x_wconf 88' lang='lat' dir='ltr'><strong>conse·</strong></span> 
     </span>
     <span class='ocr_line' id='line_1_85' title="bbox 146 4183 1902 4298; baseline 0 -16"><span class='ocrx_word' id='word_1_602' title='bbox 146 4207 269 4262; x_wconf 60' lang='lat' dir='ltr'><strong>⁰⁵tf¹¹il⁵</strong></span> <span class='ocrx_word' id='word_1_603' title='bbox 298 4210 402 4261; x_wconf 49' lang='lat'><strong>3³⁰⁰·</strong></span> <span class='ocrx_word' id='word_1_604' title='bbox 428 4207 495 4260; x_wconf 64' lang='lat' dir='ltr'><strong>P⁰St</strong></span> <span class='ocrx_word' id='word_1_605' title='bbox 515 4207 568 4260; x_wconf 68' lang='lat'>¹¹⁰⁸</span> <span class='ocrx_word' id='word_1_606' title='bbox 594 4208 749 4263; x_wconf 62' lang='lat' dir='ltr'><strong>Gfflfflilffi</strong></span> <span class='ocrx_word' id='word_1_607' title='bbox 778 4210 813 4264; x_wconf 88' lang='lat' dir='ltr'><strong>ad</strong></span> <span class='ocrx_word' id='word_1_608' title='bbox 841 4183 1031 4266; x_wconf 48' lang='lat' dir='ltr'><strong>⁰⁰0id01stltn</strong></span> <span class='ocrx_word' id='word_1_609' title='bbox 1050 4226 1280 4298; x_wconf 65' lang='lat' dir='ltr'><strong>crare,‡quinquc</strong></span> <span class='ocrx_word' id='word_1_610' title='bbox 1309 4241 1409 4279; x_wconf 90' lang='lat' dir='ltr'><strong>sensus</strong></span> <span class='ocrx_word' id='word_1_611' title='bbox 1433 4225 1560 4295; x_wconf 90' lang='lat' dir='ltr'><strong>corporis</strong></span> <span class='ocrx_word' id='word_1_612' title='bbox 1575 4225 1659 4279; x_wconf 91' lang='lat' dir='ltr'><strong>debet</strong></span> <span class='ocrx_word' id='word_1_613' title='bbox 1687 4225 1843 4297; x_wconf 90' lang='lat' dir='ltr'><strong>diligenter</strong></span> <span class='ocrx_word' id='word_1_614' title='bbox 1856 4245 1902 4282; x_wconf 90' lang='lat' dir='ltr'><strong>cu·</strong></span> 
     </span>
    </p>
   </div>
   <div class='ocr_carea' id='block_1_15' title="bbox 145 4292 1902 4474">
    <p class='ocr_par' dir='ltr' id='par_1_20' title="bbox 145 4292 1902 4474">
     <span class='ocr_line' id='line_1_86' title="bbox 145 4292 1902 4384; baseline 0.004 -21"><span class='ocrx_word' id='word_1_615' title='bbox 145 4292 389 4366; x_wconf 62' lang='lat' dir='ltr'><strong>lefflplassflfflfflb</strong></span> <span class='ocrx_word' id='word_1_616' title='bbox 415 4309 483 4363; x_wconf 68' lang='lat'><strong>9⁰¹³</strong></span> <span class='ocrx_word' id='word_1_617' title='bbox 511 4294 653 4366; x_wconf 61' lang='lat' dir='ltr'><strong>Elimph·</strong></span> <span class='ocrx_word' id='word_1_618' title='bbox 682 4296 832 4351; x_wconf 67' lang='lat' dir='ltr'><strong>N⁰Vi⁸⁵imi</strong></span> <span class='ocrx_word' id='word_1_619' title='bbox 857 4299 997 4355; x_wconf 61' lang='lat' dir='ltr'><strong>Mefarilae</strong></span> <span class='ocrx_word' id='word_1_620' title='bbox 1050 4313 1168 4380; x_wconf 91' lang='lat' dir='ltr'><strong>stodire,</strong></span> <span class='ocrx_word' id='word_1_621' title='bbox 1179 4329 1232 4368; x_wconf 92' lang='lat' dir='ltr'><strong>nec</strong></span> <span class='ocrx_word' id='word_1_622' title='bbox 1243 4328 1295 4384; x_wconf 90' lang='lat' dir='ltr'><strong>per</strong></span> <span class='ocrx_word' id='word_1_623' title='bbox 1308 4312 1450 4367; x_wconf 83' lang='lat' dir='ltr'><strong>lasciviam</strong></span> <span class='ocrx_word' id='word_1_624' title='bbox 1470 4314 1501 4367; x_wconf 91' lang='lat' dir='ltr'><strong>in</strong></span> <span class='ocrx_word' id='word_1_625' title='bbox 1516 4328 1644 4368; x_wconf 90' lang='lat' dir='ltr'><strong>errorem</strong></span> <span class='ocrx_word' id='word_1_626' title='bbox 1674 4318 1721 4368; x_wconf 82' lang='lat' dir='ltr'><strong>sut</strong></span> <span class='ocrx_word' id='word_1_627' title='bbox 1749 4316 1902 4370; x_wconf 89' lang='lat' dir='ltr'><strong>immunda</strong></span> 
     </span>
     <span class='ocr_line' id='line_1_87' title="bbox 145 4379 1901 4474; baseline 0.003 -21"><span class='ocrx_word' id='word_1_628' title='bbox 145 4383 181 4438; x_wconf 61' lang='lat' dir='ltr'><strong>Ed</strong></span> <span class='ocrx_word' id='word_1_629' title='bbox 208 4379 460 4453; x_wconf 58' lang='lat' dir='ltr'><strong>Seplefllfifflalflm</strong></span> <span class='ocrx_word' id='word_1_630' title='bbox 484 4379 609 4450; x_wconf 63' lang='lat' dir='ltr'><strong>Plflssafflr</strong></span> <span class='ocrx_word' id='word_1_631' title='bbox 638 4381 690 4435; x_wconf 53' lang='grc' dir='ltr'><strong>θιὼ</strong></span> <span class='ocrx_word' id='word_1_632' title='bbox 718 4382 848 4438; x_wconf 56' lang='lat' dir='ltr'><strong>cumdii</strong></span> <span class='ocrx_word' id='word_1_633' title='bbox 871 4385 997 4439; x_wconf 60' lang='lat' dir='ltr'><strong>Rhama?</strong></span> <span class='ocrx_word' id='word_1_634' title='bbox 1050 4401 1191 4457; x_wconf 88' lang='lat' dir='ltr'><strong>desideria</strong></span> <span class='ocrx_word' id='word_1_635' title='bbox 1208 4401 1322 4456; x_wconf 88' lang='lat' dir='ltr'><strong>delluat.</strong></span> <span class='ocrx_word' id='word_1_636' title='bbox 1343 4400 1398 4457; x_wconf 86' lang='lat' dir='ltr'><strong>Sed</strong></span> <span class='ocrx_word' id='word_1_637' title='bbox 1429 4403 1509 4472; x_wconf 79' lang='lat' dir='ltr'><strong>juxta</strong></span> <span class='ocrx_word' id='word_1_638' title='bbox 1527 4401 1628 4456; x_wconf 92' lang='lat' dir='ltr'><strong>siclum</strong></span> <span class='ocrx_word' id='word_1_639' title='bbox 1658 4404 1826 4471; x_wconf 86' lang='lat' dir='ltr'><strong>sanctuarii,</strong></span> <span class='ocrx_word' id='word_1_640' title='bbox 1850 4403 1901 4474; x_wconf 88' lang='lat' dir='ltr'><strong>qui</strong></span> 
     </span>
    </p>
   </div>
   <div class='ocr_carea' id='block_1_16' title="bbox 146 4467 1900 4562">
    <p class='ocr_par' dir='ltr' id='par_1_21' title="bbox 146 4467 1900 4562">
     <span class='ocr_line' id='line_1_88' title="bbox 146 4467 1900 4562; baseline 0.001 -37"><span class='ocrx_word' id='word_1_641' title='bbox 146 4471 200 4526; x_wconf 85' lang='lat' dir='ltr'><strong>lilii</strong></span> <span class='ocrx_word' id='word_1_642' title='bbox 214 4475 308 4524; x_wconf 81' lang='lat' dir='ltr'><strong>Aaron</strong></span> <span class='ocrx_word' id='word_1_643' title='bbox 323 4467 451 4521; x_wconf 90' lang='lat' dir='ltr'><strong>minoris.</strong></span> <span class='ocrx_word' id='word_1_644' title='bbox 468 4469 501 4521; x_wconf 92' lang='lat' dir='ltr'><strong>In</strong></span> <span class='ocrx_word' id='word_1_645' title='bbox 516 4468 561 4522; x_wconf 86' lang='lat' dir='ltr'><strong>liis</strong></span> <span class='ocrx_word' id='word_1_646' title='bbox 576 4484 641 4522; x_wconf 89' lang='lat' dir='ltr'><strong>vero</strong></span> <span class='ocrx_word' id='word_1_647' title='bbox 658 4469 806 4524; x_wconf 91' lang='lat' dir='ltr'><strong>moraliter</strong></span> <span class='ocrx_word' id='word_1_648' title='bbox 828 4473 997 4540; x_wconf 87' lang='lat' dir='ltr'><strong>exprimitur</strong></span> <span class='ocrx_word' id='word_1_649' title='bbox 1051 4488 1237 4555; x_wconf 62' lang='lat' dir='ltr'><strong>0510b0152Q</strong></span> <span class='ocrx_word' id='word_1_650' title='bbox 1266 4489 1293 4544; x_wconf 73' lang='lat' dir='ltr'><strong>jd</strong></span> <span class='ocrx_word' id='word_1_651' title='bbox 1322 4495 1365 4543; x_wconf 64' lang='lat' dir='ltr'><strong>est</strong></span> <span class='ocrx_word' id='word_1_652' title='bbox 1388 4488 1545 4544; x_wconf 61' lang='lat' dir='ltr'><strong>secundum</strong></span> <span class='ocrx_word' id='word_1_653' title='bbox 1575 4489 1704 4562; x_wconf 61' lang='lat' dir='ltr'>decalogi</span> <span class='ocrx_word' id='word_1_654' title='bbox 1727 4492 1900 4561; x_wconf 52' lang='lat' dir='ltr'><strong>doctrinam,</strong></span> 
     </span>
    </p>
   </div>
   <div class='ocr_carea' id='block_1_17' title="bbox 147 4555 1903 4735">
    <p class='ocr_par' dir='ltr' id='par_1_22' title="bbox 147 4555 1903 4735">
     <span class='ocr_line' id='line_1_89' title="bbox 147 4555 1902 4654; baseline 0.003 -25"><span class='ocrx_word' id='word_1_655' title='bbox 147 4558 225 4631; x_wconf 73' lang='lat' dir='ltr'><strong>(1¹¹0d</strong></span> <span class='ocrx_word' id='word_1_656' title='bbox 239 4555 363 4611; x_wconf 59' lang='lat' dir='ltr'><strong>minimi</strong></span> <span class='ocrx_word' id='word_1_657' title='bbox 394 4555 519 4654; x_wconf 54' lang='grc' dir='ltr'><strong>960189Ῐέ</strong></span> <span class='ocrx_word' id='word_1_658' title='bbox 546 4556 652 4610; x_wconf 54' lang='lat' dir='ltr'><strong>debent</strong></span> <span class='ocrx_word' id='word_1_659' title='bbox 679 4557 832 4629; x_wconf 64' lang='lat' dir='ltr'><strong>‘fflissffllssf</strong></span> <span class='ocrx_word' id='word_1_660' title='bbox 867 4561 997 4616; x_wconf 54' lang='lat' dir='ltr'><strong>&amp;dinem</strong></span> <span class='ocrx_word' id='word_1_661' title='bbox 1051 4576 1610 4648; x_wconf 82' lang='lat' dir='ltr'><strong>quaeinduobuspraeceptischaritatis</strong></span> <span class='ocrx_word' id='word_1_662' title='bbox 1634 4579 1773 4644; x_wconf 90' lang='lat' dir='ltr'><strong>consistit,</strong></span> <span class='ocrx_word' id='word_1_663' title='bbox 1804 4580 1902 4634; x_wconf 88' lang='lat' dir='ltr'><strong>omnia</strong></span> 
     </span>
     <span class='ocr_line' id='line_1_90' title="bbox 147 4649 1903 4735; baseline 0.006 -24"><span class='ocrx_word' id='word_1_664' title='bbox 147 4663 231 4703; x_wconf 70' lang='lat' dir='ltr'><strong>suum</strong></span> <span class='ocrx_word' id='word_1_665' title='bbox 246 4661 367 4711; x_wconf 62' lang='lat' dir='ltr'><strong>sellim,</strong></span> <span class='ocrx_word' id='word_1_666' title='bbox 381 4660 433 4699; x_wconf 76' lang='lat'><strong>¹¹0⁰</strong></span> <span class='ocrx_word' id='word_1_667' title='bbox 456 4659 566 4715; x_wconf 57' lang='lat' dir='ltr'><strong>malm*a</strong></span> <span class='ocrx_word' id='word_1_668' title='bbox 592 4649 727 4716; x_wconf 89' lang='lat' dir='ltr'><strong>appetere</strong></span> <span class='ocrx_word' id='word_1_669' title='bbox 753 4663 840 4718; x_wconf 59' lang='lat' dir='ltr'><strong>‘luam</strong></span> <span class='ocrx_word' id='word_1_670' title='bbox 864 4650 998 4721; x_wconf 70' lang='lat' dir='ltr'><strong>Pf⁰l³fi¹¹⁵</strong></span> <span class='ocrx_word' id='word_1_671' title='bbox 1051 4679 1140 4735; x_wconf 85' lang='lat' dir='ltr'><strong>opera</strong></span> <span class='ocrx_word' id='word_1_672' title='bbox 1154 4679 1205 4717; x_wconf 87' lang='lat' dir='ltr'><strong>sua</strong></span> <span class='ocrx_word' id='word_1_673' title='bbox 1232 4665 1389 4720; x_wconf 77' lang='lat' dir='ltr'><strong>reseratio</strong></span> <span class='ocrx_word' id='word_1_674' title='bbox 1412 4665 1529 4721; x_wconf 89' lang='lat' dir='ltr'><strong>domum</strong></span> <span class='ocrx_word' id='word_1_675' title='bbox 1553 4667 1658 4722; x_wconf 90' lang='lat' dir='ltr'><strong>summi</strong></span> <span class='ocrx_word' id='word_1_676' title='bbox 1696 4667 1853 4722; x_wconf 89' lang='lat' dir='ltr'><strong>sacerdotis</strong></span> <span class='ocrx_word' id='word_1_677' title='bbox 1875 4672 1903 4722; x_wconf 90' lang='lat' dir='ltr'><strong>el</strong></span> 
     </span>
    </p>
   </div>
   <div class='ocr_carea' id='block_1_18' title="bbox 148 4733 372 4805">
    <p class='ocr_par' dir='ltr' id='par_1_23' title="bbox 148 4733 372 4805">
     <span class='ocr_line' id='line_1_91' title="bbox 148 4733 372 4805; baseline -0.013 -15"><span class='ocrx_word' id='word_1_678' title='bbox 148 4737 227 4790; x_wconf 87' lang='lat' dir='ltr'><strong>locus</strong></span> <span class='ocrx_word' id='word_1_679' title='bbox 238 4733 372 4805; x_wconf 86' lang='lat' dir='ltr'><strong>exposcit.</strong></span> 
     </span>
    </p>
   </div>
   <div class='ocr_carea' id='block_1_19' title="bbox 148 4839 1904 5350">
    <p class='ocr_par' dir='ltr' id='par_1_24' title="bbox 148 4839 1904 5350">
     <span class='ocr_line' id='line_1_92' title="bbox 180 4839 999 4914; baseline 0.005 -19"><span class='ocrx_word' id='word_1_680' title='bbox 180 4842 262 4895; x_wconf 80' lang='lat' dir='ltr'><strong>Vens.</strong></span> <span class='ocrx_word' id='word_1_681' title='bbox 278 4840 321 4894; x_wconf 74' lang='lat'><strong>24.</strong></span> <span class='ocrx_word' id='word_1_682' title='bbox 336 4870 371 4879; x_wconf 93' lang='lat'><strong>--</strong></span> <span class='ocrx_word' id='word_1_683' title='bbox 385 4839 434 4894; x_wconf 82' lang='lat' dir='ltr'><strong>Ad</strong></span> <span class='ocrx_word' id='word_1_684' title='bbox 466 4839 626 4894; x_wconf 86' lang='lat' dir='ltr'><strong>occidentem</strong></span> <span class='ocrx_word' id='word_1_685' title='bbox 646 4839 696 4895; x_wconf 81' lang='lat' dir='ltr'><strong>sub</strong></span> <span class='ocrx_word' id='word_1_686' title='bbox 714 4842 841 4911; x_wconf 84' lang='lat' dir='ltr'><strong>principe</strong></span> <span class='ocrx_word' id='word_1_687' title='bbox 864 4844 999 4914; x_wconf 80' lang='lat' dir='ltr'><strong>Eliosopli</strong></span> 
     </span>
     <span class='ocr_line' id='line_1_93' title="bbox 148 4926 1903 4999; baseline 0 -16"><span class='ocrx_word' id='word_1_688' title='bbox 148 4930 292 4998; x_wconf 70' lang='lat' dir='ltr'><strong>filioLoel.</strong></span> <span class='ocrx_word' id='word_1_689' title='bbox 319 4928 373 4983; x_wconf 90' lang='lat' dir='ltr'><strong>Ubi</strong></span> <span class='ocrx_word' id='word_1_690' title='bbox 400 4928 461 4983; x_wconf 88' lang='lat' dir='ltr'><strong>dics</strong></span> <span class='ocrx_word' id='word_1_691' title='bbox 489 4927 640 4995; x_wconf 88' lang='lat' dir='ltr'><strong>clauditur,</strong></span> <span class='ocrx_word' id='word_1_692' title='bbox 676 4934 752 4983; x_wconf 87' lang='lat' dir='ltr'><strong>astra</strong></span> <span class='ocrx_word' id='word_1_693' title='bbox 792 4930 935 4986; x_wconf 91' lang='lat' dir='ltr'><strong>occidunt.</strong></span> <span class='ocrx_word' id='word_1_694' title='bbox 967 4934 998 4988; x_wconf 89' lang='lat' dir='ltr'><strong>ln</strong></span> <span class='ocrx_word' id='word_1_695' title='bbox 1086 4926 1166 4980; x_wconf 71' lang='lat' dir='ltr'><strong>VERS·</strong></span> <span class='ocrx_word' id='word_1_696' title='bbox 1183 4928 1210 4980; x_wconf 79' lang='lat'><strong>2·</strong></span> <span class='ocrx_word' id='word_1_697' title='bbox 1246 4956 1281 4968; x_wconf 93' lang='lat'>-</span> <span class='ocrx_word' id='word_1_698' title='bbox 1308 4929 1379 4982; x_wconf 83' lang='lat' dir='ltr'><strong>Tolle</strong></span> <span class='ocrx_word' id='word_1_699' title='bbox 1406 4943 1548 4982; x_wconf 83' lang='lat' dir='ltr'><strong>summam.</strong></span> <span class='ocrx_word' id='word_1_700' title='bbox 1569 4927 1676 4999; x_wconf 79' lang='lat' dir='ltr'><strong>(Onia.)</strong></span> <span class='ocrx_word' id='word_1_701' title='bbox 1692 4930 1763 4986; x_wconf 84' lang='lat' dir='ltr'><strong>Cum</strong></span> <span class='ocrx_word' id='word_1_702' title='bbox 1794 4930 1826 4986; x_wconf 90' lang='lat' dir='ltr'><strong>in</strong></span> <span class='ocrx_word' id='word_1_703' title='bbox 1846 4936 1903 4987; x_wconf 81' lang='lat' dir='ltr'><strong>tres</strong></span> 
     </span>
     <span class='ocr_line' id='line_1_94' title="bbox 148 5013 1904 5091; baseline 0.006 -23"><span class='ocrx_word' id='word_1_704' title='bbox 148 5015 192 5069; x_wconf 90' lang='lat' dir='ltr'><strong>his</strong></span> <span class='ocrx_word' id='word_1_705' title='bbox 219 5015 404 5086; x_wconf 83' lang='lat' dir='ltr'><strong>significatur,</strong></span> <span class='ocrx_word' id='word_1_706' title='bbox 429 5015 506 5087; x_wconf 89' lang='lat' dir='ltr'><strong>quod</strong></span> <span class='ocrx_word' id='word_1_707' title='bbox 536 5015 660 5070; x_wconf 89' lang='lat' dir='ltr'><strong>ministri</strong></span> <span class='ocrx_word' id='word_1_708' title='bbox 686 5016 862 5072; x_wconf 89' lang='lat' dir='ltr'><strong>tabernaculi</strong></span> <span class='ocrx_word' id='word_1_709' title='bbox 893 5019 999 5075; x_wconf 88' lang='lat' dir='ltr'><strong>debent</strong></span> <span class='ocrx_word' id='word_1_710' title='bbox 1052 5013 1165 5068; x_wconf 76' lang='lat' dir='ltr'><strong>ordines</strong></span> <span class='ocrx_word' id='word_1_711' title='bbox 1180 5014 1345 5070; x_wconf 74' lang='lat' dir='ltr'><strong>dividanlur</strong></span> <span class='ocrx_word' id='word_1_712' title='bbox 1359 5014 1497 5084; x_wconf 67' lang='lat' dir='ltr'><strong>sibilavi,</strong></span> <span class='ocrx_word' id='word_1_713' title='bbox 1512 5021 1578 5083; x_wconf 69' lang='lat' dir='ltr'><strong>ele»,</strong></span> <span class='ocrx_word' id='word_1_714' title='bbox 1600 5019 1736 5087; x_wconf 72' lang='lat' dir='ltr'><strong>usquead</strong></span> <span class='ocrx_word' id='word_1_715' title='bbox 1762 5020 1904 5091; x_wconf 80' lang='lat' dir='ltr'><strong>etpurio·</strong></span> 
     </span>
     <span class='ocr_line' id='line_1_95' title="bbox 149 5100 1839 5179; baseline 0.004 -23"><span class='ocrx_word' id='word_1_716' title='bbox 149 5103 403 5174; x_wconf 87' lang='lat' dir='ltr'><strong>concupiscentiam</strong></span> <span class='ocrx_word' id='word_1_717' title='bbox 420 5105 529 5175; x_wconf 85' lang='lat' dir='ltr'><strong>lugere,</strong></span> <span class='ocrx_word' id='word_1_718' title='bbox 546 5104 670 5159; x_wconf 86' lang='lat' dir='ltr'><strong>carnalia</strong></span> <span class='ocrx_word' id='word_1_719' title='bbox 695 5104 837 5161; x_wconf 88' lang='lat' dir='ltr'><strong>desideria</strong></span> <span class='ocrx_word' id='word_1_720' title='bbox 860 5107 998 5179; x_wconf 86' lang='lat' dir='ltr'><strong>Deiadju·</strong></span> <span class='ocrx_word' id='word_1_721' title='bbox 1051 5100 1130 5155; x_wconf 90' lang='lat' dir='ltr'><strong>ribus</strong></span> <span class='ocrx_word' id='word_1_722' title='bbox 1141 5101 1270 5156; x_wconf 91' lang='lat' dir='ltr'><strong>sensibus</strong></span> <span class='ocrx_word' id='word_1_723' title='bbox 1286 5107 1314 5156; x_wconf 89' lang='lat' dir='ltr'><strong>et</strong></span> <span class='ocrx_word' id='word_1_724' title='bbox 1328 5103 1451 5158; x_wconf 89' lang='lat' dir='ltr'><strong>liberisa</strong></span> <span class='ocrx_word' id='word_1_725' title='bbox 1467 5104 1651 5159; x_wconf 75' lang='lat' dir='ltr'><strong>sacularibus</strong></span> <span class='ocrx_word' id='word_1_726' title='bbox 1666 5105 1839 5164; x_wconf 88' lang='lat' dir='ltr'><strong>indicamus.</strong></span> 
     </span>
     <span class='ocr_line' id='line_1_96' title="bbox 149 5190 1902 5268; baseline 0.01 -22"><span class='ocrx_word' id='word_1_727' title='bbox 149 5190 222 5246; x_wconf 92' lang='lat' dir='ltr'><strong>torio</strong></span> <span class='ocrx_word' id='word_1_728' title='bbox 237 5190 420 5258; x_wconf 83' lang='lat' dir='ltr'><strong>mortificare,</strong></span> <span class='ocrx_word' id='word_1_729' title='bbox 437 5192 515 5247; x_wconf 89' lang='lat' dir='ltr'><strong>diem</strong></span> <span class='ocrx_word' id='word_1_730' title='bbox 528 5193 662 5248; x_wconf 90' lang='lat' dir='ltr'><strong>ultimum</strong></span> <span class='ocrx_word' id='word_1_731' title='bbox 677 5199 705 5249; x_wconf 90' lang='lat' dir='ltr'><strong>et</strong></span> <span class='ocrx_word' id='word_1_732' title='bbox 722 5193 811 5250; x_wconf 82' lang='lat' dir='ltr'><strong>finem</strong></span> <span class='ocrx_word' id='word_1_733' title='bbox 832 5195 996 5251; x_wconf 87' lang='lat' dir='ltr'><strong>labarisex·</strong></span> <span class='ocrx_word' id='word_1_734' title='bbox 1087 5191 1145 5259; x_wconf 69' lang='lat'><strong>(11³.)</strong></span> <span class='ocrx_word' id='word_1_735' title='bbox 1162 5191 1223 5245; x_wconf 67' lang='lat' dir='ltr'><strong>Alia</strong></span> <span class='ocrx_word' id='word_1_736' title='bbox 1241 5190 1345 5258; x_wconf 54' lang='lat' dir='ltr'><strong>limfa,</strong></span> <span class='ocrx_word' id='word_1_737' title='bbox 1356 5196 1421 5260; x_wconf 63' lang='lat' dir='ltr'><strong>fllssu</strong></span> <span class='ocrx_word' id='word_1_738' title='bbox 1445 5207 1529 5262; x_wconf 61' lang='lat' dir='ltr'><strong>“illl</strong></span> <span class='ocrx_word' id='word_1_739' title='bbox 1553 5193 1590 5247; x_wconf 60' lang='lat' dir='ltr'><strong>all</strong></span> <span class='ocrx_word' id='word_1_740' title='bbox 1605 5199 1637 5247; x_wconf 62' lang='lat' dir='ltr'><strong>ul</strong></span> <span class='ocrx_word' id='word_1_741' title='bbox 1655 5193 1741 5249; x_wconf 60' lang='lat' dir='ltr'><strong>facili</strong></span> <span class='ocrx_word' id='word_1_742' title='bbox 1766 5211 1855 5268; x_wconf 74' lang='lat' dir='ltr'><strong>⁰P01&#39;ll</strong></span> <span class='ocrx_word' id='word_1_743' title='bbox 1873 5197 1902 5252; x_wconf 89' lang='lat' dir='ltr'><strong>in</strong></span> 
     </span>
     <span class='ocr_line' id='line_1_97' title="bbox 149 5277 1468 5350; baseline 0.005 -17"><span class='ocrx_word' id='word_1_744' title='bbox 149 5282 319 5350; x_wconf 87' lang='lat' dir='ltr'><strong>spectarent</strong></span> <span class='ocrx_word' id='word_1_745' title='bbox 346 5279 451 5334; x_wconf 90' lang='lat' dir='ltr'><strong>mortui</strong></span> <span class='ocrx_word' id='word_1_746' title='bbox 480 5279 587 5334; x_wconf 90' lang='lat' dir='ltr'><strong>mundo</strong></span> <span class='ocrx_word' id='word_1_747' title='bbox 616 5286 646 5335; x_wconf 91' lang='lat' dir='ltr'><strong>et</strong></span> <span class='ocrx_word' id='word_1_748' title='bbox 673 5282 798 5337; x_wconf 85' lang='lat' dir='ltr'><strong>viventes</strong></span> <span class='ocrx_word' id='word_1_749' title='bbox 826 5283 884 5337; x_wconf 88' lang='lat' dir='ltr'><strong>Deo</strong></span> <span class='ocrx_word' id='word_1_750' title='bbox 904 5284 997 5339; x_wconf 92' lang='lat' dir='ltr'><strong>dicere</strong></span> <span class='ocrx_word' id='word_1_751' title='bbox 1051 5277 1418 5335; x_wconf 68' lang='lat' dir='ltr'><strong>labernaculoleslimonii.</strong></span> <span class='ocrx_word' id='word_1_752' title='bbox 1465 5329 1468 5335; x_wconf 89' lang='lat'><strong>.</strong></span> 
     </span>
    </p>
   </div>
   <div class='ocr_carea' id='block_1_20' title="bbox 149 5356 1901 5519">
    <p class='ocr_par' dir='ltr' id='par_1_25' title="bbox 149 5356 1901 5519">
     <span class='ocr_line' id='line_1_98' title="bbox 149 5356 1901 5440; baseline 0.011 -31"><span class='ocrx_word' id='word_1_753' title='bbox 149 5356 259 5429; x_wconf 90' lang='lat' dir='ltr'><strong>possint</strong></span> <span class='ocrx_word' id='word_1_754' title='bbox 273 5357 344 5413; x_wconf 90' lang='lat' dir='ltr'><strong>illud</strong></span> <span class='ocrx_word' id='word_1_755' title='bbox 360 5357 449 5412; x_wconf 81' lang='lat' dir='ltr'><strong>:tlibi</strong></span> <span class='ocrx_word' id='word_1_756' title='bbox 462 5366 551 5413; x_wconf 87' lang='lat' dir='ltr'><strong>autem</strong></span> <span class='ocrx_word' id='word_1_757' title='bbox 577 5361 650 5415; x_wconf 85' lang='lat' dir='ltr'><strong>obsit</strong></span> <span class='ocrx_word' id='word_1_758' title='bbox 678 5362 795 5428; x_wconf 75' lang='lat' dir='ltr'><strong>nteriori</strong></span> <span class='ocrx_word' id='word_1_759' title='bbox 814 5365 907 5418; x_wconf 81' lang='lat' dir='ltr'><strong>nisiin</strong></span> <span class='ocrx_word' id='word_1_760' title='bbox 921 5378 998 5420; x_wconf 87' lang='lat' dir='ltr'><strong>cruce</strong></span> <span class='ocrx_word' id='word_1_761' title='bbox 1086 5367 1170 5421; x_wconf 76' lang='lat' dir='ltr'><strong>Varis.</strong></span> <span class='ocrx_word' id='word_1_762' title='bbox 1201 5370 1228 5422; x_wconf 83' lang='grc'><strong>3.</strong></span> <span class='ocrx_word' id='word_1_763' title='bbox 1254 5397 1289 5408; x_wconf 94' lang='grc'>-</span> <span class='ocrx_word' id='word_1_764' title='bbox 1309 5369 1342 5423; x_wconf 85' lang='lat' dir='ltr'><strong>la</strong></span> <span class='ocrx_word' id='word_1_765' title='bbox 1369 5368 1454 5424; x_wconf 82' lang='lat' dir='ltr'><strong>tuter.</strong></span> <span class='ocrx_word' id='word_1_766' title='bbox 1482 5369 1547 5440; x_wconf 80' lang='lat' dir='ltr'><strong>(ln.)</strong></span> <span class='ocrx_word' id='word_1_767' title='bbox 1569 5369 1798 5428; x_wconf 87' lang='lat' dir='ltr'><strong>Taberuaculum</strong></span> <span class='ocrx_word' id='word_1_768' title='bbox 1821 5374 1901 5429; x_wconf 87' lang='lat' dir='ltr'><strong>testi-</strong></span> 
     </span>
     <span class='ocr_line' id='line_1_99' title="bbox 156 5446 706 5519; baseline 0.002 -17"><span class='ocrx_word' id='word_1_769' title='bbox 156 5447 262 5502; x_wconf 80' lang='lat' dir='ltr'><strong>Domini</strong></span> <span class='ocrx_word' id='word_1_770' title='bbox 275 5447 362 5499; x_wconf 81' lang='lat' dir='ltr'><strong>nostri</strong></span> <span class='ocrx_word' id='word_1_771' title='bbox 375 5447 437 5499; x_wconf 84' lang='lat' dir='ltr'><strong>lesu</strong></span> <span class='ocrx_word' id='word_1_772' title='bbox 451 5446 553 5500; x_wconf 74' lang='lat' dir='ltr'><strong>curisti</strong></span> <span class='ocrx_word' id='word_1_773' title='bbox 568 5447 643 5518; x_wconf 86' lang='lat' dir='ltr'><strong>(Gal.</strong></span> <span class='ocrx_word' id='word_1_774' title='bbox 659 5449 706 5519; x_wconf 81' lang='grc' dir='ltr'><strong>ιι).</strong></span> 
     </span>
    </p>
   </div>
   <div class='ocr_carea' id='block_1_21' title="bbox 1051 4752 1565 4895">
    <p class='ocr_par' dir='ltr' id='par_1_26' title="bbox 1051 4752 1565 4895">
     <span class='ocr_line' id='line_1_100' title="bbox 1051 4752 1264 4823; baseline 0 -17"><span class='ocrx_word' id='word_1_775' title='bbox 1051 4752 1177 4806; x_wconf 90' lang='lat' dir='ltr'><strong>liliorum</strong></span> <span class='ocrx_word' id='word_1_776' title='bbox 1192 4752 1264 4823; x_wconf 87' lang='lat' dir='ltr'><strong>ejus.</strong></span> 
     </span>
     <span class='ocr_line' id='line_1_101' title="bbox 1388 4840 1565 4895; baseline -0.006 0"><span class='ocrx_word' id='word_1_777' title='bbox 1388 4840 1501 4895; x_wconf 77' lang='lat' dir='ltr'><strong>CAPUT</strong></span> <span class='ocrx_word' id='word_1_778' title='bbox 1521 4840 1565 4894; x_wconf 80' lang='lat' dir='ltr'><strong>lv.</strong></span> 
     </span>
    </p>
   </div>
   <div class='ocr_carea' id='block_1_22' title="bbox 1050 5453 1902 5526">
    <p class='ocr_par' dir='ltr' id='par_1_27' title="bbox 1050 5453 1902 5526">
     <span class='ocr_line' id='line_1_102' title="bbox 1050 5453 1902 5526; baseline 0.009 -18"><span class='ocrx_word' id='word_1_779' title='bbox 1050 5453 1150 5522; x_wconf 91' lang='lat' dir='ltr'><strong>monii,</strong></span> <span class='ocrx_word' id='word_1_780' title='bbox 1168 5460 1233 5523; x_wconf 83' lang='lat' dir='ltr'><strong>etc,</strong></span> <span class='ocrx_word' id='word_1_781' title='bbox 1247 5471 1332 5526; x_wconf 80' lang='lat' dir='ltr'><strong>usque</strong></span> <span class='ocrx_word' id='word_1_782' title='bbox 1346 5457 1384 5511; x_wconf 85' lang='lat' dir='ltr'><strong>od</strong></span> <span class='ocrx_word' id='word_1_783' title='bbox 1397 5472 1457 5512; x_wconf 88' lang='lat' dir='ltr'><strong>uon</strong></span> <span class='ocrx_word' id='word_1_784' title='bbox 1472 5457 1506 5512; x_wconf 90' lang='lat' dir='ltr'><strong>ab</strong></span> <span class='ocrx_word' id='word_1_785' title='bbox 1529 5457 1663 5513; x_wconf 89' lang='lat' dir='ltr'><strong>israelitis</strong></span> <span class='ocrx_word' id='word_1_786' title='bbox 1686 5459 1765 5514; x_wconf 88' lang='lat' dir='ltr'><strong>sede</strong></span> <span class='ocrx_word' id='word_1_787' title='bbox 1790 5461 1902 5517; x_wconf 78' lang='lat' dir='ltr'><strong>Levitis·</strong></span> 
     </span>
    </p>
   </div>
   <div class='ocr_carea' id='block_1_23' title="bbox 0 0 1964 6100">
    <p class='ocr_par' dir='ltr' id='par_1_28' title="bbox 0 0 1964 6100">
     <span class='ocr_line' id='line_1_103' title="bbox 0 0 1964 6100; baseline 0 0"><span class='ocrx_word' id='word_1_788' title='bbox 0 0 1964 6100; x_wconf 95' lang='lat' dir='ltr'><strong> </strong></span> 
     </span>
    </p>
   </div>
  </div>
 </body>
</html>
