3892 6106
140 297 193 349 715
461 285 659 341 witbertum
678 284 802 338 STRABl
822 280 921 336 utto.
945 279 1024 335 llON.
1044 278 1123 336 oet).
1147 277 1234 332 PARS
1252 277 1274 331 l.
1294 302 1331 316 -
1348 271 1576 331 Tuuotottct.
1841 278 1893 327 ‘illl

144 414 310 485 Diospolim,
322 412 350 467 id
370 417 423 480 est,
450 410 586 481 lyddam,
604 406 722 461 vicinior
743 404 815 459 mani
831 403 906 458 inter
921 419 990 456 cun·
1006 406 1029 458 Α
1047 402 1146 468 salem,
1160 404 1224 464 etc,
1250 413 1334 468 usque
1353 398 1390 452 cd
1415 401 1446 452 ut
1462 396 1560 452 omnia
1574 413 1591 452 a
1603 412 1634 451 se
1660 395 1768 452 rudera
1782 396 1898 450 aetionis

148 503 282 559 clusiles
308 501 560 569 Jerusalem3qnoe
588 512 664 550 nunc
692 498 776 565 porte
805 492 892 546 David
907 493 997 547 fertur
1051 490 1143 544 noniae
1158 489 1267 545 inutilis
1281 487 1431 542 locutionis
1457 490 1487 542 et
1514 486 1601 541 etiam
1624 484 1780 557 superflue
1797 484 1898 556 cogita·

148 589 297 661 appellari,
326 593 353 642 et
381 603 440 641 csse
466 586 558 658 prima
585 589 732 654 porterum
761 582 796 636 ad
820 581 996 635 occidentem
1050 578 1137 632 tionis
1153 576 1276 647 ejicient.

149 678 254 733 montis
284 676 362 732 Sion.
401 675 471 730 Huic
508 672 640 744 opinioni
672 671 834 725 consentire
863 671 997 724 videntur
1087 668 1167 721 Vens.
1197 668 1239 719 lii.
1266 693 1301 706 -
1320 667 1355 719 ut
1382 669 1490 734 portam
1514 665 1600 730 sentis
1628 662 1777 732 edificnuit
1804 662 1899 718 Sellus

147 767 239 820 Verba
267 765 390 832 dierum,
409 763 458 817 ubi
486 762 621 832 seriptum
649 765 691 814 cst
713 759 748 814 de
776 759 900 813 Manasse
930 773 997 828 rege
1051 753 1134 825 filius,
1151 760 1203 807 etc.
1221 753 1283 823 (lu,
1305 751 1384 822 ibid.)
1414 753 1536 806 Narrant
1549 750 1713 821 scriptores,
1739 756 1900 820 etc.,uaque

148 855 236 908 lude:
264 855 327 906 Post
348 853 396 905 boc
417 851 563 917 edificabit
577 865 685 904 murum
700 853 779 902 cetra
801 849 937 901 civitatem
947 848 998 900 Du·
1052 843 1089 896 cd
1117 842 1223 912 gradus
1246 841 1335 912 ipsius
1360 839 1488 894 Ecclesiae
1517 838 1704 894 incrementis
1719 843 1748 893 ct
1772 838 1900 909 protecti·

147 941 205 1007 oid,
227 940 484 1007 ele0llchr.x11.l
612 951 614 955 ’
1050 931 1104 985 bus
1128 931 1271 984 bonorum
1296 943 1426 1000 operum,
1452 944 1518 1000 quse
1544 943 1596 998 per
1620 927 1818 982 humilitatem
1832 927 1901 981 lium

185 1031 276 1098 (lieo,
293 1027 380 1098 ibid.)
405 1027 506 1097 Typice
526 1030 633 1092 autem,
662 1024 735 1079 sicut
762 1039 832 1094 grex
858 1021 1000 1093 siguificat
1052 1035 1232 1089 comparens.

149 1116 263 1175 Domini
292 1116 400 1180 lidclcs,
422 1120 488 1178 etc,
518 1129 603 1183 usque
629 1113 666 1166 cd
695 1111 873 1182 temporibus
902 1115 999 1164 nutem
1088 1111 1125 1163 lle
1151 1110 1260 1161 ciuitate
1286 1106 1383 1173 Dauid,
1413 1109 1466 1160 etc.
1496 1105 1602 1160 Civitus
1632 1104 1720 1159 David
1743 1104 1829 1174 juxte
1855 1104 1902 1160 lit-

150 1205 277 1261 Ezechiae
301 1203 478 1274 duplicatum
506 1202 591 1256 tuisse
615 1216 730 1254 murum
759 1199 877 1254 civitatis
909 1198 1000 1253 Verba
1054 1201 1144 1251 terem
1179 1212 1261 1249 mons
1291 1195 1357 1249 Sion
1382 1195 1552 1265 appellatur,
1581 1192 1631 1265 qni
1656 1209 1674 1248 a
1703 1193 1828 1247 meridie
1854 1209 1902 1264 po·

51 1288 62 1294 ”
150 1295 263 1350 dierum
278 1293 318 1347 sic
344 1291 515 1347 ostendunt:
541 1290 696 1359 Aldificuoit
724 1303 828 1358 quoque
844 1301 925 1355 egeus
952 1288 1000 1340 iu·
1054 1285 1124 1339 situs
1150 1299 1203 1353 pro
1241 1298 1304 1336 arce
1342 1282 1392 1336 ubi
1420 1281 1626 1352 supereminet,
1656 1285 1687 1336 et
1720 1281 1817 1353 mejer
1843 1298 1903 1354 pars

149 1382 367 1436 dustrieomnem
377 1395 496 1448 murum,
512 1383 565 1433 etc.
581 1379 691 1445 (llPur.
706 1376 798 1445 narn.)
1054 1370 1176 1425 civitatis
1202 1369 1277 1425 intre
1302 1374 1430 1424 montem
1452 1371 1529 1440 jacet
1551 1370 1581 1424 in
1609 1369 1730 1440 planitie
1746 1369 1903 1424 humilioris

103 1460 106 1467 ’
186 1469 288 1539 Typiee
310 1472 406 1521 autern
429 1467 481 1520 istc
507 1463 668 1535 sophonias
697 1479 794 1516 vocem
822 1459 955 1515 clamoris
984 1475 1000 1513 e
1054 1461 1133 1514 collis
1161 1460 1223 1513 sita.
1258 1458 1337 1515 Unde
1363 1459 1393 1513 iu
1428 1458 1501 1513 libre
1538 1460 1667 1530 Regum:
1704 1460 1789 1529 Ceplt
1820 1464 1903 1514 cutem

150 1564 233 1626 porte
256 1555 380 1625 piscium
395 1558 423 1606 et
447 1553 588 1607 ululatum
605 1551 743 1605 audirita
769 1549 912 1603 secunde:
931 1548 1000 1618 quia
1055 1549 1144 1604 Dauid
1159 1563 1247 1603 circem
1274 1549 1349 1614 Sion,
1374 1548 1428 1602 ltaec
1451 1553 1490 1602 est
1518 1551 1614 1602 ciuitas
1638 1547 1730 1601 Dauid
1749 1547 1792 1618 (11
1805 1549 1903 1616 stege).

152 1644 186 1697 ab
202 1643 331 1697 hostibus
353 1645 505 1710 utramque
522 1639 711 1709 dejiciendum
726 1636 935 1708 precognorit.
955 1636 999 1689 Fi·
1055 1637 1089 1688 Et
1117 1638 1202 1706 paulo
1232 1639 1308 1706 post:
1340 1636 1483 1690 Habitouit
1506 1641 1596 1689 autem
1618 1634 1710 1689 Dauid
1738 1636 1769 1689 iu
1799 1637 1904 1701 uree‚et

151 1731 217 1784 dem
233 1731 351 1784 enimet
370 1745 458 1799 opera
472 1729 621 1783 doctorum
644 1743 695 1796 per
710 1743 773 1797 que
788 1727 824 1779 ab
839 1725 925 1779 undis
938 1724 1003 1777 vitte
1023 1699 1042 1752 B
1057 1728 1166 1780 uocauit
1181 1741 1239 1779 cum
1252 1727 1388 1778 ciuitatem
1403 1723 1493 1778 Dauid
1505 1723 1609 1794 (idid),

151 1818 347 1890 corruptibilis
370 1822 488 1872 eeteros
511 1816 583 1882 erui,
607 1816 680 1869 etin
709 1815 859 1869 Ecclesiam
887 1817 1002 1884 oporte-
1093 1815 1178 1867 Vens.
1198 1817 1288 1868 16.-
1308 1812 1706 1883 AEdificuoitlllebemiusfilius
1720 1811 1900 1876 Asboliuete.

152 1908 202 1962 bat
224 1907 330 1975 induci,
357 1906 428 1960 sidit
456 1905 563 1959 diaboii
596 1904 707 1958 insidiis
736 1908 819 1958 terres
848 1919 907 1957 esse
936 1906 1003 1955 star·
1060 1901 1153 1970 (Brut,
1170 1901 1339 1971 uticum)
1369 1902 1434 1954 Post
1453 1905 1566 1969 portem
1591 1898 1680 1953 fontis
1700 1903 1730 1952 et
1756 1897 1900 1966 murospi·

154 1995 258 2061 nenda,
277 1994 307 2048 id
331 1999 383 2062 est,
397 2010 448 2065 per
463 1993 622 2064 appetitum
643 1998 765 2047 terrente
779 1990 934 2062 voluptatis
948 2005 1005 2044 coe·
1059 1989 1144 2043 seinse
1169 1989 1257 2056 Silue,
1287 1994 1353 2055 ete,
1383 2003 1468 2057 usque
1490 1986 1528 2041 ud
1555 1991 1584 2041 et
1606 1986 1785 2058 adregnum
1801 1986 1900 2041 coelese

153 2082 272 2137 lestibus
285 2081 398 2153 gaudiis
412 2098 472 2136 esse
489 2082 650 2151 privandos.
667 2082 741 2135 Rene
758 2086 853 2135 autem
871 2080 904 2134 ab
922 2084 1004 2133 utre·
1059 2093 1225 2132 ascensuros
1238 2080 1421 2148 cognoscant.

153 2186 210 2241 que
237 2175 330 2240 porta,
355 2170 459 2239 prima,
489 2169 605 2235 scilicet,
635 2173 663 2223 et
678 2170 813 2229 secunda,
833 2167 965 2222 interiori
977 2171 1006 2221 et
1095 2167 1194 2222 Contra
1210 2166 1361 2235 sepulcrum
1385 2163 1484 2231 David,
1501 2170 1553 2219 etc.
1580 2164 1640 2234 (ln,
1655 2163 1741 2236 ibid.)
1765 2163 1899 2220 Notalle·

155 2258 297 2324 exteriori,
322 2274 416 2312 vocem
443 2257 576 2312 clamoris
598 2263 626 2312 et
644 2258 769 2312 ulutatus
795 2258 923 2312 audivit:
938 2255 1007 2327 qnia
1059 2254 1104 2308 vid
1121 2271 1179 2308 non
1194 2254 1223 2307 in
1239 2253 1584 2324 Bethlehem,utquidam
1599 2257 1712 2323 putant,
1729 2253 1823 2308 sedin
1834 2254 1899 2307 lere

157 2345 279 2400 exterius
292 2361 389 2415 opera,
419 2350 448 2399 et
470 2346 548 2399 intus
573 2346 657 2400 corda
683 2344 798 2399 diabolo
825 2344 1005 2414 inpugnaute
1060 2346 1148 2399 salem
1172 2359 1233 2398 esse
1256 2344 1401 2414 sepultum
1420 2348 1496 2398 certa
1521 2343 1633 2397 ratione
1663 2342 1807 2414 mysterii.
1835 2342 1900 2398 Sicut

154 2434 226 2488 vidit
255 2432 456 2487 subvertenda.
486 2432 539 2487 Sed
554 2433 622 2502 quie
647 2431 785 2486 Dominus
809 2431 895 2502 erigit
909 2430 1004 2498 elisos,
1061 2433 1138 2486 enim
1150 2432 1447 2486 inBethlehemnetus
1458 2431 1525 2486 etin
1540 2435 1752 2501 regemunctus
1765 2431 1897 2487 Christum

159 2521 310 2577 Nollemias
337 2526 451 2592 portem
479 2520 600 2590 piscium
626 2526 689 2590 post
712 2520 815 2574 ruinae
840 2523 937 2573 narret
965 2519 1007 2574 in·
1062 2521 1167 2576 ibidum
1190 2521 1367 2575 naseiturum
1384 2521 1419 2575 de
1446 2535 1498 2575 suo
1514 2520 1633 2585 semiue,
1665 2524 1694 2574 et
1719 2519 1901 2591 amagissub

157 2614 331 2664 stauratam:
360 2609 428 2680 quia
461 2609 484 2661 si
512 2608 602 2679 aliqui
617 2608 838 2678 predicatorum
863 2608 1006 2677 peccando
1061 2626 1183 2680 persona
1205 2608 1280 2679 regis
1294 2609 1473 2663 adorandum
1492 2607 1640 2679 figuravit;
1656 2606 1697 2662 ita
1710 2606 1742 2662 in
1755 2608 1902 2663 Jerusalem

157 2698 328 2762 corruerint,
346 2713 403 2751 nou
427 2697 549 2751 deerunt
567 2696 701 2768 usquein
725 2697 812 2750 linem
835 2695 941 2762 seculi,
959 2696 1008 2767 qui
1062 2698 1213 2754 defunctus
1240 2702 1269 2751 et
1291 2697 1420 2767 sepultus
1444 2697 1539 2767 ipsum
1555 2695 1585 2750 in
1599 2695 1703 2751 eedem
1717 2695 1836 2752 civitate
1849 2711 1903 2767 pas·

159 2786 343 2841 succedentes
360 2790 457 2856 portes
474 2786 591 2855 justitie
606 2785 727 2839 Domino
752 2784 903 2854 adjuvante
916 2784 1007 2838 tideli-
1063 2802 1161 2841 surum
1173 2802 1204 2839 ae
1218 2785 1424 2856 sepeliendum.

158 2872 212 2928 bus
228 2873 434 2928 benevivendo
451 2880 479 2927 et
493 2873 678 2943 predicando
694 2873 833 2943 aperiant.
1101 2874 1145 2929 Ad
1155 2876 1300 2944 piscinam,
1315 2879 1368 2928 ete.
1381 2874 1442 2943 (lo,
1456 2871 1546 2943 totu.)
1565 2871 1719 2940 Piscinam,
1734 2872 1902 2944 Scriptorum

197 2963 255 3030 Ipsi
270 2966 402 3016 texerunt.
431 2962 495 3032 (lo,
517 2961 600 3030 ibid.)
622 2960 671 3014 Hie
687 2976 783 3013 versus
798 2959 886 3014 ctiam
911 2960 946 3014 dc
962 2975 1011 3014 ces.
1029 2964 1171 3031 cscilieet
1185 2962 1322 3029 divinam,
1347 2966 1412 3027 etc,
1440 2961 1572 3031 usquead
1586 2964 1614 3015 el
1633 2961 1657 3014 si
1673 2962 1766 3017 bostis
1781 2962 1903 3033 antiquus

157 3049 226 3119 teris
239 3049 338 3119 portis,
367 3052 430 3115 etc,
460 3048 590 3118 usquead
611 3048 661 3119 qui
685 3049 748 3118 plus
778 3047 898 3117 periculi
923 3040 1013 3102 uobis
1059 3050 1169 3105 fontem
1190 3050 1272 3104 uobis
1297 3049 1446 3104 abstulerit
1467 3049 1547 3104 verbi
1570 3049 1630 3116 Dei,
1655 3049 1795 3105 continuo
1817 3050 1848 3105 in
1860 3067 1901 3105 ar·

79 3198 86 3205 ,
159 3136 442 3199 laudandoellerant,
459 3134 1007 3208 quamsalutarisadminieulieuobis
1060 3155 1121 3193 cem
1138 3138 1240 3193 mentis
1250 3137 1398 3209 irrumpit.

158 3226 280 3280 ridendo
297 3225 431 3279 referant.
1096 3229 1178 3283 Vens.
1209 3230 1254 3283 ltl.
1282 3257 1316 3267 -
1342 3229 1378 3281 Et
1409 3225 1565 3295 edificavit,
1593 3230 1647 3280 etc.
1674 3226 1900 3297 (lu.,ibid.)llu·

195 3315 275 3367 Vsus.
292 3315 318 3366 6.
340 3343 373 3351 -
389 3313 434 3366 Au
446 3318 555 3381 portam
570 3316 692 3366 ueterem.
712 3313 750 3365 De
768 3328 824 3382 que
839 3310 908 3365 dicit
920 3311 1007 3364 loan-
1060 3315 1285 3386 cnsqueprimus
1301 3313 1423 3369 civitatis
1439 3330 1537 3368 murus
1554 3313 1719 3382 exstruitur,
1736 3320 1804 3384 ete,
1819 3330 1901 3385 usgue

160 3416 228 3453 nes:
256 3402 427 3467 Clarissimi,
456 3415 509 3454 sion
534 3400 694 3454 mandatum
708 3400 906 3454 novumscsibo
921 3399 1006 3467 vobis,
1061 3405 1098 3459 cd
1109 3405 1137 3457 in
1148 3420 1205 3475 quo
1218 3402 1323 3458 interni
1336 3402 1448 3457 arbitrii
1461 3402 1559 3457 oeulos
1571 3401 1762 3459 offendemus.

161 3488 295 3542 seductus
311 3487 383 3555 quod
398 3487 532 3542 habuistis
548 3487 582 3541 ab
597 3489 676 3541 initio
689 3488 714 3556 (1
735 3488 821 3540 Jocn.
838 3487 877 3555 ιι).
895 3488 1008 3542 Mundu-
1097 3494 1204 3547 Contra
1233 3507 1382 3557 ascensum,
1407 3495 1459 3545 etc.
1479 3491 1528 3545 llic
1543 3496 1587 3545 est
1610 3491 1739 3546 Christus
1753 3491 1899 3564 quiinlide

162 3580 218 3629 tum
232 3580 306 3629 cetus
319 3579 357 3629 cst
371 3575 481 3629 uerbum
496 3575 570 3644 quod
584 3575 712 3629 audistis.
729 3576 813 3629 Porta
841 3591 908 3630 vero
929 3582 1009 3631 vetus
1063 3597 1112 3634 sue
1129 3585 1156 3634 et
1183 3581 1334 3635 dilectione
1362 3580 1528 3635 ludaeorum
1556 3578 1858 3649 populumadnnavit
1882 3585 1902 3634 et
1940 3598 1942 3653 ξ

162 3663 360 3717 edificaturin
385 3664 553 3728 Jerusalem,
579 3679 642 3716 cum
672 3663 872 3718 verbnmfidei
896 3664 1009 3719 etdile·
1063 3669 1299 3740 gentium:unde
1320 3669 1392 3739 lepis
1416 3667 1561 3738 angularis
1575 3667 1690 3722 dicitur.
1716 3669 1822 3725 Contra
1834 3671 1902 3741 cujus
1940 3670 1942 3679 '

161 3751 399 3822 etiouisquodab
426 3751 507 3805 initio
523 3752 653 3806 Ecclesiae
673 3753 808 3808 traditum
828 3758 880 3819 est,
903 3756 946 3809 vel
960 3771 1009 3809 re·
1064 3773 1212 3812 ascensum
1250 3773 1384 3812 mensura
1410 3757 1535 3811 secunde
1570 3755 1741 3824 aedificatur,
1773 3774 1838 3814 cum
1863 3774 1903 3830 per

162 3844 314 3910 superatur
327 3840 359 3893 in
385 3841 554 3907 errantibus,
573 3841 618 3895 vel
648 3841 679 3895 in
708 3858 801 3914 nuper
829 3843 1009 3897 credentibus
1064 3845 1235 3901 munditiem
1259 3845 1311 3917 pie
1328 3845 1511 3916 cogitationis
1534 3843 1570 3900 ad
1588 3845 1729 3901 visionem
1742 3848 1807 3918 ejus
1822 3848 1903 3903 tendi·

161 3930 331 3984 instituitur.
1064 3950 1137 3999 murs,
1154 3950 1219 3988 cum
1248 3935 1333 3988 etiam
1358 3933 1389 3987 in
1404 3934 1458 3987 hec
1481 3932 1538 3987 vita
1565 3933 1670 3987 retenti
1685 3934 1787 3990 crebro
1797 3935 1904 3991 visionis

197 4020 266 4074 Vsus
293 4021 319 4073 8.
335 4018 423 4072 -bd
436 4034 551 4073 murum.
567 4019 750 4074 Firmitatum
774 4020 922 4075 scilieetet
946 4036 1009 4074 mu·
1064 4023 1125 4093 ejus
1151 4022 1291 4077 desiderio
1317 4021 1505 4092 suspiremus.
1532 4021 1677 4091 Sequutur
1701 4023 1823 4093 plurimi
1837 4029 1904 4079 stru·

162 4107 322 4161 nimeutum
354 4106 487 4177 perfeetae
516 4106 676 4160 dilectionis
691 4107 721 4160 in
747 4108 880 4162 cordibus
906 4108 1009 4162 electo·
1064 4117 1175 4164 ctornm
1196 4110 1320 4174 ordines,
1337 4109 1387 4180 qui
1405 4124 1568 4164 mensuram
1588 4110 1748 4166 secundem
1762 4113 1906 4168 edilium

162 4195 287 4261 rum,ed
320 4210 405 4264 quum
428 4195 613 4248 instructores
634 4195 696 4265 ejus
716 4195 884 4249 aedilleando
908 4212 1008 4266 pervc-
1064 4204 1231 4254 narrentur:
1257 4197 1324 4269 quia
1352 4197 1475 4252 maxime
1498 4196 1629 4253 Ecclesiae
1653 4203 1800 4256 structura
1820 4205 1863 4256 est
1882 4201 1905 4255 in

161 4284 257 4349 niunt,
282 4298 347 4336 cum
374 4281 404 4335 in
429 4282 563 4351 operibus
591 4281 737 4336 eharitatis
762 4282 938 4353 proficiendo
964 4283 1010 4338 di·
1065 4287 1223 4342 munimine
1248 4286 1392 4341 interioris
1416 4286 1537 4354 virtutis,
1562 4302 1628 4342 cum
1642 4287 1752 4344 scilicet
1768 4289 1905 4345 omnico-

163 4377 242 4426 cnnt:
271 4373 351 4425 Viam
365 4369 557 4424 mundatorum
585 4374 825 4438 tuorumcucurri,
849 4377 904 4427 etc.
923 4373 1009 4443 (Psul.
1063 4376 1157 4431 studia
1173 4375 1318 4430 munimus
1341 4391 1390 4429 eor
1411 4379 1551 4442 nostrum,
1571 4375 1709 4446 quoniam
1735 4377 1907 4449 exipsovits

163 4462 267 4529 crvur),
293 4459 349 4524 illa,
385 4458 492 4512 scilicet
527 4457 693 4512 dilatatione
720 4460 826 4515 mentis
850 4461 1010 4529 illustrate,
1063 4465 1200 4535 procedit.
1220 4464 1339 4535 Singula
1359 4480 1424 4518 vero
1449 4463 1485 4518 ed
1499 4463 1722 4535 intelligentium
1738 4467 1906 4538 spiritualem

163 4565 228 4619 ques
244 4552 272 4601 et
281 4547 406 4602 amicum
427 4547 456 4600 in
472 4547 529 4601 [leo
543 4551 571 4601 et
592 4546 742 4602 inimicum
754 4548 878 4620 diligunt
893 4554 1012 4619 propter
1064 4552 1271 4610 traherenimis
1286 4553 1403 4622 longum
1417 4556 1470 4606 est.

164 4639 265 4691 Derim.
1100 4643 1179 4696 Vens.
1196 4644 1241 4696 te.
1267 4671 1303 4681 —
1329 4642 1478 4699 Nutbtnaei.
1505 4640 1644 4696 Dicuntur
1663 4643 1842 4715 Gebaoutta,
1866 4642 1906 4716 qui

198 4726 277 4780 Vens.
307 4726 349 4779 13.
366 4755 400 4765 -
422 4727 458 4779 El
480 4727 587 4793 portam
611 4723 703 4779 uallis.
721 4725 815 4793 (Beni,
841 4725 1009 4795 udisupru.)
1065 4731 1094 4785 in
1109 4729 1301 4783 ministerium
1326 4729 1427 4783 domus
1456 4728 1570 4783 Domini
1591 4729 1678 4801 juxta
1696 4731 1906 4804 dispositionem

164 4814 249 4867 Vallis
270 4813 418 4882 Josaplrat,
445 4828 509 4883 quae
534 4813 739 4880 etGehennon‚
770 4819 837 4883 otc,
865 4830 949 4884 usqtse
973 4814 1011 4868 ud
1064 4820 1149 4874 Josue
1167 4817 1217 4872 ulii
1229 4818 1292 4872 Nun
1305 4817 1384 4872 fideli
1400 4817 1737 4875 devotioneserriebent.

164 4904 192 4959 id
208 4907 250 4957 est
265 4902 388 4956 humiles
402 4901 476 4955 dono
487 4901 801 4971 snpernmrefeetionis.
1099 4907 1244 4978 InOphel.
1275 4907 1367 4977 (Reos,
1395 4906 1484 4974 totu)
1502 4905 1600 4960 Turris
1628 4914 1691 4963 erat
1718 4925 1779 4965 non
1804 4911 1909 4983 longos

199 4993 234 5045 Et
246 4995 354 5060 portum
367 4991 456 5045 vullis.
473 4991 536 5058 (lo,
562 4990 643 5059 totu.)
673 4991 748 5046 Rene
762 4995 826 5062 post
839 4995 951 5062 portam
964 5009 1012 5047 re·
1064 4996 1171 5066 templo
1187 4995 1337 5050 altitudine
1356 4994 1480 5048 enormi.
1501 4995 1579 5050 Unde
1602 4995 1704 5066 Ophel,
1721 4997 1751 5053 id
1768 5005 1820 5066 est,
1837 5004 1909 5054 tene·

164 5084 253 5134 terem
283 5084 448 5133 elmerum
478 5078 587 5132 latioris
614 5079 718 5148 plateae
746 5079 904 5134 {edificetur
929 5085 1012 5150 porta
1066 5085 1182 5139 brerum
1198 5084 1242 5137 rel
1256 5083 1349 5138 nubili
1376 5099 1480 5138 nomeu
1506 5085 1626 5155 accepit,
1637 5085 1706 5157 quia
1727 5088 1854 5144 nubibus
1868 5104 1909 5143 ca·

163 5167 252 5228 vallis,
280 5165 428 5236 quiapost
454 5166 617 5220 rudimenta
632 5167 779 5221 catholice
800 5167 866 5222 fidei
881 5184 947 5239 quae
961 5183 1013 5238 per
1067 5177 1118 5243 put
1144 5170 1275 5226 inscruit.
1302 5171 1430 5242 Denique
1457 5170 1680 5226 ubiinuichaea
1702 5175 1909 5247 scriptumest:

165 5254 346 5308 dilectionem
361 5260 633 5325 operetur,neeesse
653 5260 695 5310 est
710 5260 742 5310 ut
766 5256 913 5311 humilitas
928 5256 1012 5312 nobis
1065 5264 1143 5316 Ettu
1160 5263 1245 5314 turris
1273 5262 1364 5329 gregis
1391 5259 1518 5314 nebulosa
1551 5259 1643 5331 (llttelt.
1660 5264 1711 5331 ivl,
1739 5263 1912 5321 benedicitur

164 5339 247 5410 quusi
263 5345 357 5395 eustos
373 5342 511 5397 virtutum
529 5344 654 5398 tenenda
671 5344 845 5414 insinuetur,
857 5349 888 5399 ut
904 5349 1011 5415 quanto
1064 5347 1154 5401 turris
1178 5348 1280 5418 Ophel.
1299 5349 1362 5402 lleec
1384 5348 1471 5403 turris
1485 5349 1514 5402 in
1541 5365 1598 5420 qua
1624 5356 1708 5421 perte
1731 5352 1770 5407 sit
1786 5339 1917 5418 civitatis,¹

164 5426 260 5495 rusgui
275 5444 383 5496 sumus,
399 5429 587 5485 humiliemur
599 5432 629 5486 in
642 5433 788 5488 omnibus.
1067 5435 1140 5490 liber
1161 5436 1399 5507 Paralipomenon
1428 5437 1563 5505 ostendit,
1590 5437 1689 5494 dicens
1713 5442 1793 5513 qnod
1812 5447 1913 5500 ΠΜ·

198 5516 324 5572 Etmille.
351 5518 416 5589 (ln,
438 5518 519 5586 ibid.)
549 5520 654 5574 Ferunt
669 5520 735 5591 quie
748 5522 819 5576 situs
834 5521 913 5576 urbis
930 5523 1011 5577 leru-
1066 5539 1106 5579 ses
1125 5525 1270 5594 edificavit
1283 5541 1391 5580 murum
1414 5530 1495 5581 cetra
1518 5528 1656 5583 ciuitatem
1677 5531 1771 5586 Dauid
1795 5532 1835 5588 cd
1847 5534 1914 5588 occi·
