3892 6104
100 243 172 300 lost
668 245 797 304 Gtrcssn
816 247 1019 307 otttitrtlttta.
1038 274 1077 291 ···
1095 247 1159 304 tta.
1180 247 1283 305 unct.
1783 252 1851 308 leb

95 363 215 436 iuopia,
230 364 361 439 quisquis
380 382 450 439 opes
462 365 613 440 acquisivit
626 368 784 441 sapientiae,
814 371 948 427 omnibus
961 372 988 426 t·
1003 371 1111 427 illusor.
1132 370 1231 428 Omnis
1249 371 1355 438 illusor,
1371 369 1481 441 inquit;
1503 370 1571 442 quia
1597 369 1699 428 illusor
1721 375 1772 440 est,
1801 371 1853 444 qui

96 453 177 509 enim
192 454 333 510 thesauris
349 471 455 510 munus
469 457 582 512 caeleste
596 458 742 528 precellit.
1001 461 1045 515 vel
1061 460 1146 515 verba
1168 459 1228 529 liei,
1259 475 1323 531 quse
1346 459 1434 528 novit,
1462 459 1583 531 implere
1611 460 1780 528 contemnit,
1807 461 1852 516 rel

134 544 220 598 Primi
234 548 259 598 et
272 546 424 614 purissimi.
440 545 513 621 Quia
522 545 602 600 radia
617 544 765 617 sapientie
789 545 875 602 timor
891 549 947 603 lio·
963 563 966 565 ’
1002 550 1102 605 eadem
1114 564 1248 620 perverse
1262 546 1451 619 intelligendo
1463 564 1496 603 ac
1523 547 1653 604 docendo
1679 547 1848 620 corrumpit.

96 631 180 696 mini,
192 631 222 687 bi
237 637 305 688 suut
328 632 414 704 primi
431 649 464 687 ae
477 632 623 705 purissimi
637 632 758 703 fructus,
785 640 851 705 etc,
864 652 948 709 usque
1001 636 1105 692 lllusor
1128 641 1171 693 est
1188 641 1217 692 et
1241 635 1302 705 illc,
1328 635 1379 708 qui
1397 635 1538 706 promissa
1564 635 1636 706 ejus,
1653 635 1735 707 quasi
1749 652 1848 709 prusa,

97 720 137 774 ad
150 736 166 774 a
181 720 303 775 Domino
320 721 474 793 perfectius
490 721 680 793 promittitur.
970 736 974 743 “
1003 725 1133 798 despicit,
1168 741 1200 781 ac
1222 725 1295 781 iram
1325 724 1519 793 districtionis,
1546 723 1629 798 quasi
1654 724 1850 792 tolerabilem

136 809 215 864 Vsus.
247 813 288 865 t6.
307 810 509 879 -Lonpitnrio
535 811 640 865 dierum
666 813 697 866 in
711 810 825 868 atenim
851 813 908 884 eius
922 817 949 869 et
1002 814 1119 885 spernit.
1147 815 1262 870 Necnon
1285 818 1314 869 ct
1334 813 1382 869 ille
1410 813 1461 886 qui
1485 813 1684 885 proximorum
1710 813 1847 883 simplici-

96 898 127 951 in
138 900 261 967 sinistra
278 899 392 953 visione
413 915 472 953 soa
487 899 664 967 divinitatis,
679 906 744 968 etc,
758 915 842 971 usque
854 902 892 958 ad
919 908 949 958 et
1002 903 1054 959 tati
1078 902 1229 976 improbus
1251 903 1378 959 insultat.
1405 903 1529 974 ldeoque
1546 917 1663 957 omnem
1681 901 1849 974 hujusmodi

96 985 129 1039 iu
144 987 241 1042 laturo
255 987 343 1042 vitam
354 993 505 1044 aeternam.
1001 993 1150 1048 illusorem
1172 993 1275 1048 merito
1299 991 1395 1048 divina
1409 991 1592 1047 abominatur
1615 989 1743 1062 justitia.
1774 990 1850 1047 Sene

132 1076 211 1131 Vaas.
231 1081 276 1133 ll.
295 1106 330 1119 -
345 1077 479 1146 Vinicius.
496 1075 626 1133 Actiones
641 1083 670 1132 et
696 1077 845 1144 doctrines,
873 1084 946 1161 etc,
1003 1087 1100 1137 autem
1117 1080 1274 1137 subditur:

95 1179 182 1234 usque
192 1166 229 1220 ad
239 1165 315 1236 pacis
330 1170 359 1220 et
374 1165 536 1220 dilectionis
550 1166 682 1237 exempla
697 1169 855 1239 pertinent.
1036 1173 1072 1228 Ει
1099 1186 1159 1226 cum
1197 1170 1366 1242 simplicibus
1390 1168 1578 1225 sermocinatio
1598 1169 1668 1239 ejus,
1702 1167 1771 1241 quia
1802 1184 1850 1224 su·

133 1255 218 1309 Vaas.
236 1257 279 1309 ts.
294 1284 329 1296 -
351 1253 691 1325 bianumoitaeSicutin
706 1256 802 1312 medio
821 1256 948 1328 paradisi
1001 1259 1094 1330 perbi,
1124 1259 1192 1314 dom
1224 1257 1403 1329 simplicibus
1426 1257 1561 1327 illudunt,
1589 1257 1790 1329 prudentiores
1819 1273 1850 1312 se

95 1341 377 1413 liguumritae,etc.,
402 1358 487 1413 usque
504 1343 542 1399 ad
572 1345 709 1413 presenti
737 1344 948 1402 beatificabitur
1001 1347 1069 1414 illis,
1086 1363 1158 1419 quos
1173 1346 1454 1417 irrideutjudioant.
1471 1345 1525 1403 Sed
1555 1346 1659 1401 horum
1685 1345 1849 1418 prudentia,

96 1437 224 1502 aspectu.
1001 1441 1034 1491 ut
1046 1437 1168 1491 iacobus
1182 1436 1241 1491 ait:
1267 1441 1373 1491 terreno
1395 1440 1444 1503 est,
1460 1436 1600 1504 animatis,
1623 1434 1760 1490 diabolico
1787 1434 1850 1506 (Ja-

131 1522 279 1577 Vansttt.
296 1524 634 1592 -Dominussapientia
651 1522 764 1595 Typice,
788 1523 947 1594 partilium
1002 1525 1056 1579 cab,
1076 1525 1129 1595 ru).
1159 1523 1364 1581 sermocinatio
1385 1528 1481 1579 autem
1506 1524 1626 1579 Domine
1655 1539 1721 1578 cum
1742 1522 1851 1595 simpli·

95 1608 250 1665 Ecclesiam
283 1609 353 1666 fidei
381 1610 523 1666 soliditate
560 1613 672 1679 locavit,
702 1613 840 1669 stabilivit
869 1616 946 1670 caim
1002 1613 1081 1668 cibus
1103 1618 1155 1681 est,
1198 1613 1266 1685 quia
1293 1613 1358 1668 illos
1384 1612 1532 1684 sapientiae
1570 1611 1685 1667 secretis
1713 1611 1849 1680 illustrat,

91 1697 251 1767 prudentia,
281 1714 346 1754 cum
373 1715 425 1770 per
440 1716 507 1756 eum
534 1701 702 1757 sublimium
719 1702 945 1772 predicatorum
1002 1716 1073 1772 quos
1086 1701 1193 1758 terreni
1208 1701 1296 1757 fastus
1314 1717 1347 1757 ac
1368 1700 1543 1773 duplicitatis
1565 1699 1638 1757 nihil
1652 1701 1758 1756 babere
1784 1715 1851 1755 con·

98 1788 185 1842 corda
199 1786 360 1842 illustravit.
1001 1792 1116 1848 sitierat.
1148 1791 1227 1848 Unde
1249 1790 1308 1846 uit:
1337 1789 1515 1847 Abscondisti
1544 1790 1599 1846 bac
1623 1789 1792 1860 sapientibus
1824 1792 1850 1845 st

131 1876 213 1931 Vens.
236 1878 281 1931 20.
307 1905 342 1918 -
365 1875 509 1946 Sapimtia
534 1879 609 1934 itlius
621 1883 769 1949 eruperunt
791 1880 894 1948 abussi.
914 1880 948 1936 ln
999 1879 1191 1950 prudentibus,
1208 1884 1234 1936 et
1242 1880 1368 1935 revelasti
1382 1894 1414 1934 ea
1425 1881 1550 1949 pareatis
1560 1880 1638 1947 (tue.
1650 1880 1688 1948 x).

95 1964 197 2019 diebus
226 1966 294 2032 Noe,
320 1970 384 2033 etc,
410 1980 495 2036 usque
523 1965 561 2022 ad
589 1983 713 2040 qunque
735 1968 896 2024 minoribus
915 1968 946 2024 iu
1037 1968 1117 2022 Vaas.
1135 1967 1470 2037 33.-lndomoimpii.
1499 1966 1533 2021 Ut
1560 1965 1713 2038 purpurati
1741 1964 1849 2033 diuitis,

95 2055 260 2125 exemplum
275 2060 444 2120 monstrent,
460 2056 635 2112 examinant.
1001 2056 1051 2128 qui
1067 2057 1098 2110 in
1112 2056 1166 2111 hac
1180 2055 1237 2110 vita
1262 2054 1462 2125 spiritualibus
1485 2053 1575 2125 eguit,
1600 2058 1629 2109 et
1644 2053 1757 2125 posted
1786 2059 1850 2110 tan·

130 2144 213 2198 Vsus.
241 2145 288 2200 21.
321 2174 356 2186 -
381 2146 436 2200 Fili
461 2147 509 2212 mi,
525 2161 558 2202 nc
581 2148 705 2215 effluant.
727 2147 768 2203 Ne
795 2146 947 2219 disciplina
1000 2148 1059 2201 tam
1074 2143 1203 2216 persenit
1222 2143 1359 2215 inopiam,
1376 2147 1410 2198 ut
1435 2158 1488 2198 nec
1511 2148 1621 2214 guttam
1636 2157 1729 2214 aqua,
1762 2157 1851 2215 quam

96 2231 249 2303 temporali
260 2231 405 2303 fatigatus,
414 2232 574 2305 sapienties,
586 2250 652 2306 quea
665 2240 744 2291 tauta
760 2239 812 2303 est,
824 2236 946 2308 gratiam
1001 2232 1158 2304 quaerebat,
1189 2231 1337 2303 acciperet,
1365 2231 1463 2286 unde:
1494 2231 1547 2298 Qui
1584 2230 1724 2286 benedicit
1745 2246 1795 2288 nos
1819 2234 1852 2287 in

93 2320 363 2391 perdas,praecave.
1000 2325 1074 2379 omni
1097 2323 1277 2378 benedictione
1290 2322 1432 2392 spirituali
1452 2325 1482 2376 in
1505 2321 1653 2377 conatibus
1675 2323 1705 2377 in
1727 2322 1849 2388 cbristo,

131 2410 271 2467 tassii.
290 2440 325 2452 -
342 2414 379 2467 lit
392 2413 445 2468 erit
458 2413 517 2468 uita
530 2414 629 2469 animae
643 2416 706 2471 ture.
738 2413 828 2469 tiabat
850 2413 946 2469 anima
1001 2414 1050 2482 qui
1087 2414 1117 2468 in
1151 2414 1366 2468 remuneratione
1406 2410 1541 2466 audient:
1568 2411 1672 2476 Venite,
1707 2409 1848 2476 insedisti,

93 2501 144 2552 tua
171 2499 257 2553 vitam
284 2515 350 2555 cum
375 2501 441 2565 Deo,
471 2501 495 2555 si
520 2502 583 2573 ejus
608 2502 722 2556 decreta
756 2500 944 2559 custodieris:
1002 2500 1114 2570 (blattis.
1138 2498 1194 2572 ιι),
1224 2505 1278 2555 etc.
1302 2497 1356 2555 Sed
1384 2497 1419 2552 ad
1445 2498 1571 2553 litteram
1597 2513 1674 2569 saepe
1709 2497 1852 2569 contingit

93 2586 226 2657 quamvis
241 2603 307 2642 caro
323 2588 475 2661 disciplina
489 2590 674 2645 correctionis
697 2594 747 2646 aut
761 2590 848 2647 ctiam
871 2608 947 2647 mor·
1001 2605 1060 2655 eos,
1075 2587 1228 2660 quintiana
1239 2586 1389 2657 diripiunt,
1401 2584 1436 2640 ad
1443 2586 1580 2657 ultimum
1590 2585 1689 2657 inopia
1702 2586 1849 2653 cousumi;

93 2675 131 2730 tis
149 2680 306 2747 prematur.
1001 2681 1030 2732 at
1044 2676 1109 2731 illos
1137 2676 1187 2747 qui
1206 2691 1257 2730 sua
1283 2673 1454 2746 largiuntur,
1474 2672 1678 2728 etiam-bouis
1701 2673 1850 2730 abundare

129 2767 166 2820 Et
182 2767 275 2832 pratia
299 2767 426 2834 saucibus
442 2769 506 2823 iuis.
524 2767 613 2823 Habet
631 2784 701 2839 ergo
728 2783 828 2823 seusus
856 2767 946 2825 animi
1001 2765 1133 2821 terrenis.

94 2851 192 2907 larices
205 2870 279 2920 suas,
290 2860 356 2919 etc..
372 2871 456 2924 usque
471 2855 509 2911 ad
525 2872 532 2911 :
546 2856 638 2911 beatus
649 2858 693 2911 uir
707 2859 945 2928 quisperatiueo.
1035 2855 1129 2910 Vaas.
1147 2853 1191 2909 il.
1204 2880 1236 2894 -
1251 2851 1389 2909 litusores.
1412 2853 1577 2908 llosvereus
1594 2851 1716 2908 luobus
1743 2855 1772 2907 et
1795 2852 1849 2907 Pe·

131 2942 213 2996 Vens.
232 2944 277 2998 23.
300 2972 335 2984 -
363 2945 435 2998 lhrtc
464 2945 616 3000 ambulabis
639 2944 815 3016 fiducialiter.
845 2948 875 3002 ln
900 2946 946 3002 via
962 2950 982 3006 C
1000 2942 1314 3015 trusjuxtaantiquam
1329 2941 1547 2997 translationem
1570 2945 1751 3012 posueruut:
1779 2940 1850 3007 Quia

95 3029 379 3085 uostraliducialiter
393 3031 563 3100 incedimus,
579 3037 645 3100 etc,
672 3048 756 3103 usque
770 3034 809 3089 ad
827 3034 881 3089 boc
903 3040 948 3091 cst
999 3034 1070 3088 Deus
1098 3032 1223 3102 superbis
1246 3032 1359 3100 resistit,
1374 3030 1521 3087 humilibus
1533 3035 1624 3087 autem
1649 3030 1698 3085 dat
1722 3030 1846 3099 pretium
1871 3088 1874 3092 Α

93 3117 174 3173 enim
190 3118 267 3188 quod
281 3119 412 3191 sequitur
428 3135 435 3174 :
999 3120 1107 3191 (Jacob.
1122 3120 1170 3192 ιι).

128 3208 166 3262 Et
187 3213 317 3276 perteus
344 3223 397 3263 non
418 3210 559 3277 impiimet.
590 3208 732 3274 Quoniam
759 3207 948 3281 diligentibus
1342 3243 1454 3300 CAPUT
1469 3243 1514 3299 lv·

94 3295 187 3350 Deum
203 3296 300 3350 omnia
315 3296 547 3366 cooperanturin
567 3297 675 3352 bonnm
692 3300 776 3362 (Rom.
794 3300 870 3368 virt).

128 3385 211 3438 Vsus.
227 3385 271 3439 at.
287 3414 323 3425 -
338 3385 368 3441 Si
387 3385 542 3452 dormieris,
557 3385 743 3454 nontimebit,
761 3389 893 3458 quiesces,
921 3393 947 3444 et
1037 3384 1117 3441 Vuae.
1147 3386 1172 3439 l.
1203 3412 1235 3425 —
1263 3384 1376 3454 Audita,
1403 3385 1466 3454 filii.
1489 3383 1560 3439 ilinc
1588 3381 1789 3440 exhortaturus
1813 3383 1849 3438 ad
1928 3379 1930 3384 ’

92 3475 195 3528 suauis.
211 3473 291 3528 Patet
306 3475 388 3544 juxta
412 3474 550 3542 litteram,
580 3477 647 3543 etc,
677 3488 763 3544 usque
790 3475 828 3531 ad
855 3477 946 3532 herrm
1000 3471 1226 3544 philosophiam,
1241 3471 1365 3544 qualiter
1379 3472 1440 3544 ipse
1468 3470 1640 3543 sapientium
1663 3470 1700 3525 sit
1723 3488 1739 3525 a
1767 3475 1849 3543 patre

92 3559 202 3631 ubique
216 3565 405 3631 protectorem
421 3561 508 3617 babet
521 3569 550 3618 et
564 3563 726 3619 custodem.
1000 3562 1128 3629 edoctus,
1142 3560 1275 3632 explicat.

131 3648 214 3703 tras.
248 3651 293 3704 27.
321 3641 367 3691 -’
381 3651 443 3707 Noti
470 3650 614 3720 probibere
636 3651 792 3719 benefacere
814 3666 874 3707 eum
899 3655 948 3723 qui
1036 3651 1117 3705 Vuae.
1147 3653 1173 3707 3.
1202 3679 1237 3691 -
1265 3652 1336 3708 Nam
1357 3653 1383 3704 et
1410 3665 1466 3716 epo.
1495 3647 1571 3704 Nihil
1595 3647 1687 3719 magis
1704 3647 1741 3703 ad
1768 3664 1848 3720 spem

95 3737 168 3802 Quia
183 3754 270 3808 supra
285 3738 439 3810 diligenter
451 3740 546 3811 legam
560 3741 674 3796 Domini
686 3747 715 3796 ct
729 3741 883 3797 consilium
894 3742 946 3798 ob·
999 3738 1190 3810 percipiendas
1205 3738 1353 3808 sapientiae
1368 3743 1478 3791 mentes
1490 3737 1587 3808 erigit,
1603 3752 1689 3807 quam
1700 3752 1766 3792 cum
1790 3752 1848 3803 eus,

96 3840 212 3880 servare
226 3825 349 3893 monuit,
367 3831 395 3881 et
415 3832 554 3883 aeternam
569 3829 700 3901 requiem
728 3828 946 3885 observantibus
1000 3842 1072 3898 quos
1103 3826 1135 3882 iu
1172 3826 1313 3897 sapientia
1339 3825 1401 3896 jam
1427 3825 1582 3879 clarescere
1609 3824 1759 3891 miramur,
1793 3825 1848 3879 ali-

95 3912 247 3985 promisit:
264 3929 340 3969 uunc
356 3915 563 3986 multipliciter,
584 3932 649 3988 quas
663 3917 840 3973 observanda
869 3922 945 3985 sunt,
1000 3915 1117 3987 quaudo
1132 3915 1266 3986 parrulos
1278 3919 1307 3969 et
1319 3913 1448 3968 indoctos
1468 3913 1555 3968 luisse
1571 3911 1768 3969 meminimus.

95 4001 226 4073 replicat.
245 4001 398 4075 Primoque
411 4003 447 4058 ud
462 4003 591 4075 id,quod
605 4004 808 4073 intermiserat,
821 4004 946 4068 rediens,
1038 4005 1197 4073 Uiripmitus
1221 4018 1311 4059 coram
1344 4006 1442 4058 mnne.
1470 4001 1563 4066 Quare
1590 4007 1687 4057 summ
1714 4001 1848 4058 Salomon

96 4089 324 4145 inisericordiam
346 4091 479 4163 proximo
508 4092 708 4162 exhibendam,
722 4096 751 4147 et
766 4094 855 4165 juste,
881 4109 947 4149 cum
1001 4094 1213 4160 seuniqenitum
1228 4106 1318 4147 coram
1340 4095 1427 4147 matre
1454 4088 1595 4157 nominat,
1619 4105 1706 4160 quem
1730 4091 1848 4146 tratrem

96 4177 147 4233 illo
161 4178 243 4233 docet
257 4194 319 4234 esse
338 4179 503 4236 vivendum.
521 4181 630 4238 Deinde
644 4187 674 4236 et
689 4182 723 4237 ab
752 4181 871 4237 inimico
899 4198 945 4237 ca·
1001 4181 1148 4239 uterinum
1173 4180 1351 4252 precessisse
1371 4179 1520 4251 Scriptura
1547 4182 1677 4246 testatur,
1701 4178 1758 4234 nisi
1782 4178 1850 4251 quia

95 4267 293 4338 rendumesse
304 4275 471 4339 premonet.
488 4270 551 4326 Noti
564 4286 644 4342 ergo,
662 4270 768 4343 inquit,
791 4270 945 4341 probibere.
960 4234 983 4290 D
1001 4267 1051 4324 ille
1063 4285 1129 4323 mox
1144 4273 1228 4324 uatus
1243 4269 1305 4325 sinc
1334 4268 1464 4335 uomina,
1491 4267 1574 4341 quasi
1589 4282 1739 4339 nunquam
1762 4272 1846 4336 esset,

96 4355 137 4410 lte
149 4355 251 4410 audias
265 4372 282 4410 a
297 4357 419 4412 Domino
432 4372 498 4412 cum
513 4357 686 4414 Pharisaeis.
679 4372 686 4389 ·
702 4361 759 4429 ipsi
770 4374 823 4415 non
844 4361 947 4415 introi·
999 4357 1035 4413 de
1050 4358 1107 4413 vita
1125 4357 1264 4414 decessit?

46 4474 56 4484 ν
94 4445 157 4511 stis,
168 4448 247 4499 eteos
262 4447 312 4515 qui
325 4445 476 4511 intrabant,
490 4447 672 4516 prohibuistis
687 4446 761 4517 (bue.
777 4447 826 4518 xi).
1036 4446 1129 4503 Vsus
1145 4447 1224 4502 4.-
1189 4447 1389 4516 -Suscipiat,
1399 4451 1453 4502 otc.
1470 4444 1640 4515 Huiusmodi
1664 4443 1775 4500 monita
1794 4444 1849 4501 Sa-

131 4531 213 4585 Vaas.
242 4534 283 4587 28.
312 4561 349 4574 -
371 4534 411 4591 Ne
434 4533 511 4589 dieas
536 4537 698 4591 amieotuo:
718 4535 829 4592 Vadaei
856 4552 945 4592 reuer-
1000 4532 1141 4590 lomenia
1163 4535 1251 4591 David
1268 4540 1350 4608 patre
1364 4536 1453 4590 data:
1471 4534 1522 4607 qui
1536 4533 1627 4591 Verba
1643 4532 1848 4591 dierumrcle-

95 4623 159 4687 tere,
177 4635 239 4675 cras
262 4619 342 4676 dabo.
364 4622 424 4676 Non
440 4623 532 4677 solum
558 4609 810 4695 declecmosyuis,
838 4625 945 4682 sedda
1001 4623 1054 4695 git,
1069 4621 1190 4680 iurauit.

95 4707 232 4763 omnibus
259 4709 404 4764 mandatis
425 4710 539 4777 Christi,
568 4711 618 4783 qui
631 4711 690 4768 ait:
707 4714 763 4770 Vos
790 4716 873 4770 amici
892 4716 945 4781 mei
1035 4712 1115 4768 teas.
1139 4714 1230 4767 5.—
1259 4711 1377 4767 Posside.
1415 4710 1449 4766 lu
1477 4709 1613 4767 omnibus
1652 4723 1719 4782 qun
1754 4709 1848 4782 possi·

94 4799 210 4865 estis,ei
224 4800 344 4866 feceritis
359 4799 588 4869 (lucrantem.
997 4797 1057 4867 des,
1085 4803 1152 4867 etc,
1178 4813 1263 4869 usque
1294 4799 1332 4855 ad
1358 4799 1518 4871 juventam,
1544 4788 1667 4854 venditis
1699 4796 1846 4877 omnibus,

131 4886 213 4941 Vns.
251 4888 295 4942 30.
323 4915 359 4928 -
381 4888 442 4945 Non
472 4887 620 4945 eonimdas
644 4889 777 4946 moereas
800 4890 942 4947 mminem.
998 4886 1184 4959 comparavit

95 4973 158 5028 lion
174 4976 249 5028 vetat
275 4974 446 5030 contendere
459 4975 675 5032 adversuseum
690 4976 741 5048 qui
763 4978 840 5033 male
864 4977 943 5047 lacit,
1036 4975 1112 5030 Vane.
1145 4977 1175 5031 9.
1205 5004 1240 5016 ·-
1278 4975 1365 5031 Dabit
1397 4973 1493 5044 capiti.
1528 4975 1611 5031 Patet
1648 4974 1684 5031 de
1718 4974 1848 5032 Salomo-

93 5065 126 5116 ιιι
138 5061 309 5133 corrigatur,
323 5062 390 5134 quia
401 5062 456 5117 hoc
469 5063 575 5119 frustra
589 5080 648 5120 noa
658 5065 700 5135 fit,
714 5065 790 5138 quod
799 5072 875 5122 certa
888 5083 942 5122 ns·
997 5079 1044 5132 nc,
1059 5069 1126 5134 etc,
1141 5078 1227 5133 usque
1241 5063 1279 5119 ad
1295 5068 1325 5119 ct
1349 5079 1455 5121 corona
1469 5063 1588 5136 insuper
1612 5064 1678 5120 vitre
1692 5064 1723 5122 iu
1749 5063 1846 5123 futuro

93 5149 210 5205 cassitm
224 5151 310 5222 cogit.
325 5151 386 5206 lmo
401 5151 452 5223 qui
464 5152 527 5206 sit:
545 5154 577 5210 Si
598 5157 752 5224 peccauerit
772 5156 802 5210 in
825 5160 851 5212 tc
877 5157 943 5224 sru-
995 5152 1117 5209 dabitur.

93 5242 135 5293 ter
157 5243 231 5305 tuus,
257 5241 369 5311 increpa
396 5241 475 5304 illurn
495 5242 606 5307 (blattis.
630 5243 721 5314 xviri),
735 5243 798 5314 ipse
823 5245 895 5312 vult,
912 5249 943 5301 ut
1032 5244 1115 5299 Vnus.
1137 5244 1184 5300 to.
1202 5241 1445 5312 -nadtmttmi,
1456 5240 1597 5313 Expositis
1609 5241 1655 5296 bis
1668 5258 1734 5315 quas
1762 5257 1846 5314 apa-

93 5330 248 5396 srrantem,
274 5332 416 5400 quantum
445 5329 531 5398 vales,
555 5330 592 5386 ad
624 5330 700 5388 viam
734 5331 862 5388 veritatis
892 5349 941 5390 re-
995 5336 1040 5386 trs
1065 5337 1222 5404 acceperat,
1257 5329 1332 5387 redit
1363 5330 1398 5387 ad
1426 5330 1589 5389 docendum
1612 5330 1775 5388 auditmem
1797 5348 1845 5388 aa·

91 5417 191 5472 ducas.
994 5419 1146 5492 pientiam,
1161 5437 1248 5493 quam
1262 5420 1358 5492 coepit.

128 5505 210 5560 Vras.
228 5507 272 5562 32.
302 5535 349 5593 -Q
370 5506 443 5575 Quia
469 5507 635 5565 emanatio
660 5510 770 5568 aoniae·
792 5514 832 5567 est
852 5512 941 5569 omnis
1031 5510 1111 5567 tiras.
1142 5513 1186 5567 il.
1209 5537 1244 5553 -
1269 5509 1634 5587 Per„semitasw..acuitatis.
1664 5509 1779 5573 &mites
1814 5508 1844 5569 id
