3892 6106
97 274 149 327 tlt
646 273 775 330 atussa
793 274 995 332 ouhtnnnll.
1017 302 1049 318 ···
1070 277 1137 333 tlh.
1158 275 1308 334 ustauh.
1800 285 1852 339 tlt

96 392 265 447 mitirorum
289 393 418 446 lidclium
448 391 657 463 primirelecti
683 396 760 458 sunt,
790 392 947 449 secundum
966 395 1108 466 Aquihns
1139 401 1205 451 ante
1233 396 1333 452 fideles
1364 404 1489 468 parerat,
1524 400 1727 456 abundantiori
1766 405 1860 474 gratia

94 481 187 537 illud:
221 504 231 528 ι
258 482 319 535 Non
347 497 410 534 sum
441 481 544 536 missus
572 481 628 536 nisi
649 480 684 536 ad
702 497 777 543 oves,
795 498 860 554 quae
875 484 952 554 peri·
1008 485 1209 540 manifestavit

94 574 185 624 erunt
209 570 311 624 domus
339 570 424 625 lsrael
456 571 563 640 (haret.
578 570 715 641 rr).oln
729 570 954 627 circumcisionis
1043 579 1124 632 vans.
1142 580 1184 632 t‘t.
1202 578 1348 643 —rQnae
1377 578 1482 634 renuit.
1503 599 1513 629 ι
1534 581 1593 635 Non
1609 581 1702 636 solrrm
1716 583 1859 654 legatores

94 662 276 713 sacramento
294 658 447 712 Dominicae
471 658 703 728 resurrectionis,
719 662 747 713 et
771 660 842 714 Nori
860 661 953 716 Testa·
1007 664 1177 735 despiciens,
1194 666 1243 721 sed
1269 672 1298 720 et
1313 667 1388 736 regis
1404 667 1577 737 imperinm;
1608 669 1685 724 nude
1710 669 1740 726 in
1765 672 1859 727 Evan-

94 747 188 802 menti
218 752 247 801 et
271 763 345 801 verre
374 746 615 803 circumcisionis:
646 752 753 803 elocto
773 754 841 803 sunt
865 751 953 805 benti—
1007 753 1091 823 gelio,
1109 753 1597 825 seniorlllinsapatrerogatusad
1623 758 1785 814 convivium
1801 776 1856 815 no-

95 836 225 904 tudines,
240 836 276 890 ad
290 853 361 907 quas
376 837 453 892 istud
483 837 646 892 convivium
670 838 811 909 perducit,
826 839 904 910 quod
920 841 952 894 lit
1008 842 1060 895 lnit
1076 841 1214 896 introire:
1232 842 1325 913 etqui
1354 842 1390 896 ad
1418 859 1527 897 coenam
1552 846 1654 914 vocati,
1681 847 1744 901 aliis
1770 847 1858 904 rebus

95 929 211 980 tantum
242 925 361 993 diebus;
384 925 454 980 mali
479 930 576 982 autem
604 927 830 983 convivabantur
854 927 883 981 in
903 944 953 982 no·
1007 929 1147 1000 occupati,
1161 928 1319 984 noluerunt
1342 930 1450 998 venire,
1468 932 1551 1002 juxta
1562 933 1790 1004 indignationem
1806 953 1858 1008 pa-

94 1013 201 1068 ctibus.
1007 1018 1191 1087 tristamilias,
1206 1018 1304 1089 reJecti
1332 1023 1398 1073 sunt
1413 1024 1441 1074 et
1464 1020 1513 1074 alii
1529 1021 1591 1076 loco
1618 1022 1734 1078 illorum
1750 1026 1857 1080 consti·

132 1103 214 1156 Vana.
241 1105 267 1157 6.
283 1133 322 1160 -,
349 1124 360 1151 ι
392 1103 424 1156 Et
448 1101 622 1172 pendebant.
646 1120 660 1151 »
678 1102 779 1172 Byssus
800 1102 954 1157 mortifica·
1007 1107 1072 1161 tuti.

92 1190 206 1245 tionem
222 1191 315 1244 carnis
337 1189 487 1260 significat.
519 1191 650 1260 Purpura
673 1191 844 1260 sangninem
875 1206 951 1245 mar·
1043 1195 1123 1250 Vana.
1140 1199 1183 1250 lb.
1205 1225 1239 1236 -
1266 1195 1511 1267 «Responditque
1527 1196 1702 1252 llnmueham
1718 1199 1854 1255 audiente

91 1287 176 1357 tyrii.
209 1288 355 1343 Columnas
381 1304 561 1356 marmoreae,
579 1289 746 1344 firmitatem
784 1289 946 1344 doctorum.
1008 1304 1022 1331 «
1037 1299 1104 1354 rege
1123 1288 1208 1355 atque
1223 1283 1419 1355 principibus:
1449 1285 1510 1338 Non
1537 1287 1630 1340 solnm
1653 1302 1750 1358 regem
1783 1288 1856 1344 laesit

93 1377 462 1449 Beneergodicitnrqund
490 1378 614 1433 tentoria
641 1377 746 1433 diversi
769 1375 952 1446 colorisbys·
1008 1373 1240 1443 «reginauetc.
1263 1372 1313 1427 llic
1341 1373 1798 1448 novissimnsinordineseptem
1814 1393 1857 1432 sa·

93 1463 168 1517 sinis
177 1467 206 1517 et
230 1466 383 1535 purpureis
395 1467 510 1522 funibus
534 1483 587 1537 per
600 1466 721 1522 circulos
742 1466 886 1521 eburneos
900 1465 944 1518 in·
1006 1460 1137 1532 pientnm
1148 1463 1504 1527 numeratus,sententism
1515 1464 1854 1534 promulgat,etPaulum
1911 1491 1914 1494 ⁴

93 1552 240 1606 columnis
274 1555 442 1610 marmoreis
475 1557 743 1627 suspendebantur;
773 1555 840 1627 quia
863 1555 950 1610 decor
1006 1551 1165 1620 apostolum
1186 1550 1393 1622 significatqui
1416 1550 1607 1622 dieit:«hgo
1627 1570 1691 1608 sum
1717 1554 1855 1609 minimus

95 1640 229 1695 Ecclesia
252 1641 282 1696 in
320 1643 467 1714 sapientiae
484 1644 668 1701 meditatione
697 1649 726 1700 et
756 1644 787 1699 in
812 1645 947 1699 virtutum
970 1638 1211 1726 B⁸p08t010r11¹ns
1227 1639 1276 1710 (tui
1292 1654 1351 1692 ¹¹⁰ss
1366 1654 1430 1691 ⁵¹¹OE
1460 1639 1564 1710 dignus
1593 1641 1687 1694 V⁰0³ti
1709 1641 1855 1711 ⁸P⁰⁵l⁰ll¹³

93 1729 265 1784 ascensione
288 1747 341 1802 per
367 1733 461 1787 carnis
476 1734 725 1789 mortificationem
747 1738 776 1788 et
790 1733 947 1789 castitatem
1004 1726 1033 1797 (1
1046 1728 1105 1783 Cor.
1122 1725 1206 1797 xvi»
1228 1727 1260 1781 Et
1274 1726 1534 1781 contradicentibus
1550 1727 1657 1782 Judaeis
1678 1733 1706 1782 et
1733 1729 1794 1783 zelo
1808 1745 1853 1785 re-

93 1832 165 1871 cum
197 1819 327 1890 martyrii
343 1820 483 1891 dignitate
508 1823 538 1876 in
564 1823 730 1878 doctoribus
753 1822 838 1877 debet
862 1821 949 1876 ellul-
1003 1814 1087 1885 pletis
1102 1815 1158 1869 ait:
1176 1814 1275 1880 «eria
1289 1830 1338 1868 vos
1354 1814 1487 1885 indignos
1496 1814 1629 1884 judicatis
1643 1814 1710 1870 ritas
1724 1821 1852 1884 eterne,

94 1918 186 1972 gere;
210 1910 239 1959 et
261 1905 391 1975 ipsorum
406 1909 493 1964 verbo
513 1915 541 1964 et
555 1911 689 1980 exemplo
703 1910 739 1964 ad
754 1910 877 1964 aliorum
893 1926 948 1963 no-
1003 1918 1066 1958 ecce
1081 1905 1278 1958 convertimur
1286 1903 1320 1957 ad
1332 1908 1432 1973 gentes
1447 1904 1517 1973 (Aet.
1534 1904 1605 1973 arri).
1622 1925 1636 1953 n

92 1993 190 2046 titiam
219 1996 384 2063 pervenire:
401 2002 433 2051 ut
457 1998 493 2052 ah
522 1998 567 2053 his
582 1998 715 2053 instructi
730 2003 760 2053 et
785 1997 946 2066 confortati,

95 2080 195 2135 aulam
210 2082 336 2151 paradisi
352 2092 517 2141 mereantur
531 2085 660 2142 introire.
1350 2053 1464 2108 CAPUT
1480 2054 1512 2108 Π·

134 2171 193 2224 «st
220 2171 362 2226 columnis
384 2175 553 2230 marmoreis
580 2176 810 2233 fulciebantur.»
838 2175 871 2231 ld
895 2181 947 2243 cst,
1038 2177 1119 2230 Vnus.
1135 2181 1161 2231 7.
1178 2207 1212 2216 -
1230 2198 1239 2225 ι
1259 2174 1311 2240 Qui
1336 2175 1399 2231 luit.
1416 2197 1430 2225 »
1456 2176 1556 2230 Esther
1579 2176 1683 2231 dicitur
1704 2177 1853 2248 absconsa,

95 2257 264 2313 doctoribus
287 2259 442 2333 dequibus
462 2263 582 2320 dicitnr:
603 2285 614 2314 r
636 2266 692 2336 Ego
716 2264 948 2320 confirmavico·
1003 2263 1111 2332 Edisse,
1141 2263 1366 2318 misericordiam
1391 2270 1553 2319 consecuta.
1584 2265 1648 2319 iloec
1662 2270 1704 2320 est
1724 2268 1854 2337 gentium

94 2348 212 2401 lumnas
241 2349 302 2419 ejus
327 2351 410 2418 (Paul.
444 2355 575 2424 narret.»
604 2353 772 2408 Exalibizu
794 2354 949 2409 Columnas
1004 2352 1145 2419 Ecclesia,
1162 2368 1227 2422 quae
1250 2351 1280 2406 in
1296 2351 1462 2406 abscondito
1483 2352 1577 2407 cordis
1594 2353 1722 2408 nutriens
1737 2356 1853 2411 castita·

94 2433 165 2488 lecit
188 2442 347 2505 argenteas,
380 2439 595 2495 reclinatorium
614 2456 733 2497 aureum
751 2439 846 2509 (cant.
864 2441 945 2513 nr).-
1002 2444 1061 2496 tem
1091 2441 1167 2508 fidei,
1191 2440 1415 2495 misericordiam
1445 2445 1474 2495 et
1501 2440 1624 2511 gratiam
1648 2457 1744 2497 corum
1763 2444 1855 2498 oculis

132 2522 252 2594 «Super
282 2526 519 2596 pavimentum·
550 2528 857 2600 Smaragdusanimia
879 2528 948 2582 viri·
1004 2529 1118 2584 Domini
1140 2528 1257 2596 invenit,
1282 2528 1429 2600 repudiata
1450 2543 1610 2600 synagoga,
1639 2546 1705 2601 qnae
1729 2531 1760 2585 in
1782 2531 1857 2588 Osce

95 2610 187 2665 ditate
216 2614 261 2667 sui
289 2614 328 2669 sic
356 2621 483 2672 vocatur.
511 2617 637 2684 Parium,
673 2633 763 2689 genus
797 2617 949 2672 marmoris
1003 2618 1155 2673 vocabatur
1179 2618 1287 2689 absque
1317 2617 1522 2672 misericordia.
1553 2618 1631 2672 llnnc
1660 2619 1752 2674 nutrit
1781 2621 1852 2674 llar-

95 2698 343 2756 candidissimum.
375 2704 428 2757 Per
454 2704 577 2759 virorem
605 2704 683 2759 enim
712 2704 779 2760 fidei
799 2709 827 2759 et
843 2704 948 2759 cando·
1004 2705 1138 2761 dochaens
1165 2705 1332 2778 spiritualis,
1351 2707 1510 2778 etadoptat
1525 2705 1658 2762 infiliam
1674 2707 1724 2779 qui
1744 2708 1853 2764 estdo·

94 2802 159 2840 rem
174 2788 310 2843 castitatis
331 2791 507 2846 construitur
521 2793 742 2848 tundamentum
764 2792 947 2848 humilitatis.
1003 2799 1065 2850 ctor
1076 2795 1206 2866 gentium
1221 2794 1323 2850 infide
1349 2799 1378 2850 et
1400 2796 1530 2864 veritate,
1546 2800 1575 2850 et
1598 2801 1641 2850 est
1654 2796 1690 2852 de
1705 2796 1793 2868 stirpe
1805 2798 1854 2852 Je-

98 2897 112 2922 «
126 2877 206 2929 Beati
220 2878 297 2932 enim
312 2894 453 2951 pauperes
467 2880 579 2952 spiritu,
597 2881 735 2952 quoniam
758 2881 887 2952 ipsorum
905 2887 949 2937 est
1004 2884 1086 2950 mini,
1102 2885 1156 2939 hoe
1170 2888 1213 2938 est
1229 2884 1263 2938 de
1274 2883 1363 2954 stirpe
1377 2883 1536 2954 benjamin.

94 2965 381 3034 regnumeoelorum.
411 2966 525 3038 (Mettis.
552 2968 589 3039 v).
609 2951 985 3033 »Etzntluisehnmi-c
1039 2974 1119 3027 Vnus.
1140 2975 1168 3029 8.
1197 3003 1234 3014 —
1261 2991 1274 3023 c
1305 2973 1413 3026 Esther.
1443 2991 1457 3024 s
1494 2974 1570 3027 Hane
1591 2972 1856 3028 Nabuchodonosor

95 3051 148 3104 liat
172 3052 344 3109 exaltabitur
369 3055 444 3128 (huc.
474 3059 516 3128 ι).
548 3058 580 3111 Et
604 3057 719 3112 alihiza
744 3057 948 3124 lliseiteame‚
1004 3061 1161 3133 spiritualis
1175 3066 1262 3116 ctrex
1276 3060 1479 3115 contusionisa
1506 3061 1632 3115 naturali
1655 3061 1718 3132 lege
1736 3063 1853 3117 etcultu

97 3140 166 3212 quia
182 3141 259 3196 mitis
272 3160 334 3198 sum
351 3146 458 3215 (hatti.
473 3145 522 3215 ιι),
538 3166 553 3196 »
570 3150 623 3202 etc.
1004 3150 1090 3204 unius
1106 3149 1155 3204 llei
1171 3149 1202 3203 in
1227 3148 1426 3203 contusionem
1441 3148 1612 3204 idololatriae
1627 3150 1784 3215 transtulit,
1805 3149 1855 3205 sed

134 3231 215 3284 Vsus.
229 3236 256 3286 7.
275 3263 308 3273 -
320 3255 334 3283 «
352 3232 465 3289 Vinum.
491 3253 505 3287 u
520 3234 682 3290 Secundum
709 3233 797 3289 illud:
814 3254 826 3285 r
849 3232 948 3289 Chari·
1003 3238 1096 3310 pietas
1111 3237 1208 3293 divina
1239 3237 1275 3292 ad
1288 3237 1366 3293 viem
1381 3237 1510 3293 veritatis
1524 3254 1576 3309 per
1589 3238 1793 3309 praedicatores
1806 3254 1856 3294 ra-

94 3322 140 3373 tas
169 3318 219 3374 llei
248 3320 351 3391 diffusa
378 3327 421 3377 est
446 3322 476 3377 in
505 3323 639 3378 cordibus
659 3322 764 3377 nostris
777 3322 864 3392 tltom.
878 3323 947 3393 v),»
1004 3327 1122 3383 vocarit.

95 3413 149 3462 etc.
175 3407 232 3462 Alii
261 3409 345 3464 datur
366 3426 461 3466 sermo
477 3411 611 3481 scientiae,
633 3411 682 3466 alii
711 3410 871 3483 sapientire,
897 3410 948 3466 alii
1039 3417 1120 3471 Vens.
1137 3418 1163 3472 9,
1180 3436 1243 3464 -n
1259 3416 1292 3470 Et
1315 3420 1424 3487 septem
1447 3416 1595 3487 puellas.»
1622 3417 1652 3472 [d
1679 3421 1732 3483 est,
1756 3416 1856 3473 fideles

96 3498 178 3563 fides,
195 3497 244 3552 alii
258 3499 349 3570 gratia
362 3500 529 3557 sanitatum.
1004 3505 1114 3562 animas
1131 3504 1253 3576 Spiritus
1274 3504 1364 3559 sancti
1392 3504 1484 3575 gretia
1508 3510 1690 3576 regeneratas
1702 3510 1788 3577 atque
1800 3507 1854 3562 de-

135 3608 146 3634 ·
179 3586 315 3642 Nolentes
338 3594 454 3660 cogeret
485 3588 522 3644 ad
549 3589 718 3656 bibendum,
735 3609 749 3637 n
778 3591 831 3645 etc.
859 3589 948 3643 Nemo
1004 3595 1110 3650 dicatas
1124 3609 1190 3665 quas
1205 3593 1267 3664 ejus
1292 3598 1453 3663 sequuntur
1475 3593 1604 3664 vestigia,
1629 3594 1853 3663 fide,doctrina,

96 3675 212 3746 cogitur
248 3677 397 3747 spirituale
436 3680 543 3734 donum
580 3677 736 3750 accipere:
775 3677 851 3733 lilios
888 3678 950 3733 vult
1003 3688 1032 3738 et
1046 3681 1224 3753 operatione,
1253 3680 1287 3735 de
1312 3680 1417 3751 quibus
1440 3680 1563 3735 dicitur:
1593 3681 1855 3738 «Adulescentulus

98 3765 184 3830 heus,
215 3781 273 3821 non
303 3781 411 3821 servos:
442 3767 620 3822 voluntatem
655 3766 726 3831 vult,
755 3781 815 3820 non
847 3781 949 3820 neces·
1003 3767 1352 3837 dilexerunttefnimis.»

98 3853 222 3919 sitalem,
258 3856 414 3910 secundum
450 3855 550 3911 illud:
581 3873 595 3907 a
632 3855 688 3921 Qui
721 3859 816 3925 potest
847 3870 949 3924 capere
1040 3879 1054 3908 «
1069 3857 1138 3922 Qum
1162 3854 1263 3910 nolnit.
1280 3875 1295 3905 n
1311 3854 1385 3920 Quia
1398 3859 1581 3925 peccatorum
1598 3855 1662 3910 labe
1684 3861 1713 3911 et
1723 3857 1855 3913 sordibus

97 3943 195 4013 capiat
222 3941 335 4015 (Multi.
365 3944 429 4015 rra).
447 3966 460 3993 »ι
489 3947 597 4000 Item«
625 3944 654 3999 Si
682 3943 724 3998 vis
745 3942 882 3999 advitam
903 3943 947 3997 in·
1003 3943 1174 4000 idololatriae
1202 3957 1253 4013 per
1281 3941 1455 4011 baptismum
1481 3941 1628 4010 mundata,
1660 3943 1851 4014 opprobrium

98 4032 193 4104 gredi,
207 4049 288 4087 serva
308 4034 444 4089 mandata
472 4033 565 4105 (lbtd.)
580 4055 595 4084 »
613 4033 659 4088 Et:
682 4053 696 4082 n
711 4032 739 4088 Si
753 4032 794 4086 ris
808 4031 949 4104 perlectus
1003 4031 1133 4104 pristinae
1148 4029 1309 4101 iniqnitatis
1325 4044 1384 4083 non
1411 4028 1548 4084 sustinuit
1563 4030 1647 4085 ultra.

98 4122 302 4187 esse,vadeet
328 4121 610 4195 vendeomninqure
631 4121 718 4177 habes
739 4120 877 4193 (thiagn
895 4124 947 4176 ete.
1038 4123 1118 4175 Vane.
1149 4121 1192 4175 lt.
1214 4146 1250 4159 -
1278 4136 1293 4170 a
1318 4116 1581 4189 Ingredientesque.
1620 4139 1635 4168 »
1670 4118 1853 4191 Quaecunque

134 4210 217 4263 Vans.
238 4212 264 4266 8.
281 4238 316 4252 -
340 4210 540 4282 Unusquisque
564 4210 641 4281 quod
667 4211 760 4279 vellet,
789 4232 803 4260 »
831 4212 884 4264 etc.
897 4210 948 4265 Se·
969 4209 1103 4315 Danima
1117 4212 1207 4263 certat
1220 4206 1255 4262 ad
1276 4207 1433 4262 thalamum
1462 4206 1567 4263 Christi
1592 4223 1758 4280 properare,
1787 4224 1855 4264 con·

98 4297 227 4351 cundum
263 4298 441 4352 velocitatem
467 4302 496 4352 et
518 4299 703 4369 capacitatem
731 4303 760 4353 et
797 4296 951 4352 utilitatem
1007 4296 1126 4368 dignum
1150 4313 1167 4351 a
1194 4295 1253 4350 suis
1282 4294 1444 4350 doctoribus
1469 4295 1571 4367 accipit
1599 4301 1812 4359 ornamentum,
1829 4300 1858 4352 et

99 4385 292 4457 singulorum.
321 4386 367 4442 Sic
392 4387 470 4442 enim
496 4386 682 4458 temperanda
710 4392 753 4442 est
774 4387 949 4458 praedicatio,
1004 4402 1061 4458 quo
1072 4385 1164 4456 magis
1179 4401 1209 4439 se
1223 4384 1352 4439 devotam
1367 4383 1403 4438 ad
1423 4383 1601 4455 agnitionem
1621 4383 1700 4452 tldei,
1717 4389 1746 4439 et
1772 4400 1854 4439 exer·

98 4474 177 4529 utin
195 4474 329 4529 omnibus
357 4474 436 4529 utilis
457 4474 518 4542 fiat,
535 4475 609 4530 nulli
624 4479 737 4543 noceat,
753 4479 781 4529 et
797 4475 872 4529 inter
887 4491 949 4529 om·
1004 4474 1105 4530 citium
1120 4472 1215 4544 operis
1226 4476 1378 4544 praeparat,
1400 4488 1433 4526 eo
1448 4472 1571 4543 amplius
1587 4488 1603 4526 a
1621 4472 1786 4528 doctoribus
1806 4473 1853 4528 in·

100 4562 182 4617 nium
199 4563 277 4630 vitia,
302 4563 384 4634 quasi
412 4564 524 4636 gladius
553 4580 656 4635 anceps
677 4568 813 4619 transeat.
839 4563 884 4619 Sic
897 4579 951 4635 per
1004 4563 1133 4630 struitur,
1158 4567 1190 4617 nt
1212 4561 1248 4617 de
1273 4561 1499 4633 competentium
1526 4577 1656 4627 numero,
1685 4562 1720 4617 ad
1747 4566 1853 4616 sanctae

100 4652 265 4723 snperbiam
293 4652 458 4708 rescindens
484 4653 605 4720 auferat,
622 4658 653 4709 ut
674 4669 732 4708 non
748 4658 852 4725 augeat
869 4653 951 4709 timi·
1004 4650 1152 4707 'lrinitatis
1166 4651 1309 4721 integram
1334 4649 1422 4704 fldem
1451 4653 1479 4704 et
1502 4649 1712 4706 contessionem
1733 4665 1766 4705 ac
1788 4666 1854 4721 per·

101 4741 230 4797 ditatam.
259 4741 304 4796 Sic
332 4742 431 4797 otiosis
460 4748 489 4797 et
516 4741 696 4814 torpentibus
727 4742 950 4798 sollicitudinem
1004 4741 1165 4813 ceptionem
1181 4737 1316 4811 baptismi
1335 4738 1541 4793 etunctionem
1557 4738 1730 4809 chrismatis,
1757 4744 1855 4795 utcoe·

102 4830 196 4902 operis
210 4830 371 4901 imponens,
389 4834 421 4886 ut
435 4831 571 4902 inquietis
585 4837 615 4886 et
628 4831 749 4886 curiosis
764 4848 823 4886 nou
847 4834 951 4902 augeat
1003 4831 1068 4887 lesti
1080 4845 1186 4903 sponso
1200 4829 1338 4884 veraciter
1349 4829 1501 4899 jungatur,
1518 4826 1642 4881 accedat.

101 4917 297 4988 importunam
310 4919 462 4985 actionem,
475 4919 548 4975 etsie
560 4920 594 4974 de
609 4919 725 4975 caeteris.
1038 4920 1120 4974 Vana.
1138 4918 1180 4973 lt.
1197 4948 1231 4957 -
1248 4919 1365 4987 «Atque
1391 4915 1467 4970 inde.
1493 4933 1507 4966 u
1537 4914 1591 4978 Oui
1621 4930 1651 4969 se
1666 4914 1702 4969 ab
1729 4916 1854 4972 Ecclesia

135 5008 220 5062 Vens.
240 5010 343 5062 9.-»
364 5009 396 5062 ln
424 5007 602 5079 palatio,ubi
619 5024 666 5063 rex
693 5011 867 5076 assuerus·
895 5013 949 5064 etc.
1004 5024 1057 5080 per
1069 5006 1204 5061 vitiorum
1220 5005 1318 5060 sordes
1331 5002 1516 5074 separaverit,
1535 5003 1639 5058 merito
1666 5004 1697 5058 in
1716 5006 1855 5061 secundas

101 5095 290 5162 llierusalem,
314 5096 365 5151 ubi
392 5098 532 5168 templum
549 5101 687 5151 etsancta
715 5102 890 5164 sanctornm,
906 5098 949 5152 vel
1005 5097 1081 5152 aedes
1108 5094 1267 5151 retruditur
1300 5092 1350 5148 uhi
1385 5091 1551 5147 concubinae
1584 5092 1660 5163 regis
1683 5097 1853 5149 morantur:

98 5183 128 5238 in
144 5190 250 5239 sanctae
272 5183 422 5257 Scripturae
449 5185 649 5253 meditatione;
676 5185 708 5240 in
722 5201 780 5257 qua
804 5185 949 5255 divinitas,
1005 5184 1073 5257 qnia
1097 5199 1173 5239 sanae
1200 5183 1268 5238 iidei
1293 5196 1373 5237 casus
1400 5181 1569 5235 descensum
1582 5179 1701 5235 honoris
1715 5188 1855 5252 meretur,
1928 5191 1935 5200 “

99 5272 237 5344 potentiae
250 5289 309 5327 strue
319 5274 420 5329 tribuit
428 5274 572 5330 notitiam.
1006 5289 1058 5329 nec
1077 5273 1163 5328 habet
1178 5273 1253 5327 nltra
1266 5274 1437 5342 potestatem
1446 5270 1482 5325 ad
1499 5285 1596 5342 regem
1612 5270 1716 5339 redire,
1733 5271 1790 5325 nisi
1803 5288 1854 5326 sn·

135 5363 217 5416 Vane.
253 5365 295 5416 ll.
322 5381 382 5414 -a
407 5364 442 5418 Ut
471 5364 669 5431 ostenderet·
700 5367 754 5418 etc.
772 5383 784 5414 r
803 5362 856 5418 Ubi
870 5363 952 5419 venit
1006 5378 1095 5434 perna
1110 5360 1201 5432 gratia
1211 5359 1349 5425 visitatus,
1361 5359 1390 5414 in
1416 5357 1547 5429 pristinae
1572 5362 1678 5415 statum
1704 5358 1855 5430 dignitatis
1939 5421 1941 5426 y

98 5450 251 5523 plenitudo
274 5452 425 5523 temporis,
455 5452 535 5508 misit
556 5454 631 5509 Deus
655 5453 759 5509 Filium
783 5452 859 5522 (Gal.
875 5452 951 5522 ivl.»
1007 5452 1184 5507 restituatur.

99 5543 154 5596 etc.
171 5539 337 5594 Tuncenim
368 5540 419 5596 hei
432 5541 532 5616 ‚Filius
545 5542 707 5599 incensatus
721 5541 793 5614 legis
815 5540 952 5612 mysteria
1041 5535 1679 5604 tansla-«avotntoantem.·1dest,
1704 5536 1855 5593 transactis
1910 5541 1912 5543 ’
