3892 6106
98 247 150 301 935
407 241 605 299 Wllbbl'llllll
627 242 749 297 sanuel
769 241 869 298 FULD.
894 239 979 297 uolt.
1002 239 1081 297 OPP.
1105 241 1192 297 Plus
1210 241 1236 299 1.
1259 269 1293 282 -
1313 241 1546 303 ruuotoulcl.
1803 249 1853 304 936

98 367 265 439 Principum
291 366 396 432 saeculi,
428 371 494 432 etc,
524 380 608 435 usque
630 366 667 420 od
689 365 759 420 dum
786 381 816 419 sa
837 364 980 421 dolosisrt
998 368 1116 418 storum.
1143 364 1247 421 Omnes.
1258 364 1354 436 (lirici.)
1377 366 1417 421 Ne
1430 373 1515 438 putas
1530 368 1566 424 de
1591 368 1663 424 solis
1686 370 1855 442 Apostolicis

97 457 342 526 pravavoluutate
357 455 550 525 conjungunt.
1003 451 1068 507 dici.

133 546 214 599 Vnus.
234 546 275 599 tt.
304 544 462 598 -lnlteo
493 543 700 610 (cisateaue,
727 541 896 611 unde:Epo
918 543 948 595 in
1120 610 1125 619 .
1301 523 1459 582 PSAfflUS
1497 527 1586 583 mv·

97 635 187 699 Patre,
204 631 552 696 etPoterinme.Juront,
571 646 626 684 non
642 645 785 700 pereum,
802 629 947 699 ueimpe·
1063 630 1095 684 ln
1118 633 1207 699 tinem.
1245 630 1338 702 (llus.)
1376 633 1563 705 Prophetavit
1597 634 1740 690 ieremias
1778 635 1854 708 (xxv,

99 726 143 776 ret
157 722 365 791 juramentum,
394 718 489 774 sedin
511 734 557 786 eo,
586 719 779 790 promittendo
809 718 836 774 ei
865 719 946 773 obsc-
1000 718 1078 776 xxvxi
1104 723 1170 789 post
1188 719 1369 791 septuaginta
1397 737 1487 777 anuos
1510 722 1676 780 rediturum
1703 726 1853 796 populum.

100 810 212 881 quium,
999 806 1077 860 luter
1091 806 1218 878 captivos
1232 813 1293 862 erat
1309 810 1438 866 Ezechiel
1464 814 1495 866 et
1511 810 1562 866 alii
1590 813 1755 883 prophetae.
1773 815 1854 869 Com·

383 877 539 934 PSALMUS
567 877 661 932 LXIII·
999 894 1084 965 pletis
1107 896 1290 966 septuaginta
1313 899 1397 953 annis
1428 899 1594 956 restitutum
1618 905 1663 956 est
1701 903 1854 974 templum.

145 987 244 1058 (Cass.)
273 984 403 1040 Psalmus
424 984 479 1039 isto
507 984 631 1040 breviter
648 983 795 1055 agit,ctc.‚
811 999 894 1053 usque
909 983 948 1040 od
1000 983 1106 1054 Figura
1130 989 1172 1039 ast
1195 985 1294 1055 nostri,
1319 987 1371 1059 qui
1396 987 1431 1043 de
1458 987 1616 1061 babylonia
1642 990 1681 1045 ad
1696 992 1855 1049 Jerusalem

98 1081 131 1131 ut
165 1075 195 1129 in
229 1074 409 1145 passionibus
438 1089 586 1144 speremus
616 1072 647 1127 iu
683 1071 814 1127 Domino.
851 1071 946 1144 (tuo.)
1000 1071 1188 1143 suspiramus,
1235 1074 1269 1129 da
1309 1076 1411 1131 saeculo
1443 1080 1472 1130 at
1511 1093 1630 1150 corpora
1671 1080 1787 1150 peccati
1819 1081 1855 1137 ad

100 1166 136 1221 Ut
149 1169 235 1235 caput
261 1167 404 1229 nostrum,
433 1162 474 1216 ita
493 1162 591 1217 nosiu
619 1161 849 1218 tribulationibus
862 1176 946 1231 ruge·
999 1160 1114 1216 coelum.

99 1269 173 1307 mus,
1033 1248 1116 1304 Vras.
1135 1252 1159 1304 l.
1184 1280 1219 1290 —
1242 1249 1377 1308 Jcremiae.
1405 1251 1497 1324 (Aue,
1528 1253 1620 1324 ilisa.)
1648 1255 1806 1324 Excelsus;
1827 1264 1854 1314 at

132 1343 212 1396 Vens.
235 1344 261 1394 i.
289 1371 322 1380 -
346 1338 469 1405 Maedi,
491 1342 569 1406 Deus,
587 1341 745 1394 orationem.
776 1338 811 1393 Ut
826 1336 944 1403 exaltes,
1001 1334 1213 1407 significatam,
1239 1338 1291 1410 qui
1316 1338 1552 1397 dicunt:Nostro
1567 1345 1741 1399 racematio
1764 1347 1854 1402 iaco·

94 1435 119 1486 et
134 1433 219 1500 eripe,
234 1428 303 1500 quia
321 1428 468 1499 deprecor.
484 1430 511 1481 A
536 1430 629 1482 timore
644 1428 760 1481 inimici.
778 1424 875 1497 (Cass.)
890 1425 945 1480 Sed
999 1424 1033 1478 tis
1048 1429 1095 1478 est.
1112 1427 1239 1492 Aoooeus,
1256 1425 1354 1482 festus.
1378 1427 1444 1482 lllos
1467 1428 1620 1501 significat,
1653 1431 1706 1502 qui
1721 1438 1793 1489 suut
1804 1451 1852 1506 spe

96 1536 155 1574 nou
168 1537 184 1573 a
198 1519 302 1573 timore
312 1516 423 1571 mortis.
998 1512 1165 1582 gaudentes,
1184 1513 1276 1585 quiin
1291 1515 1421 1588 reliquiis
1436 1517 1643 1588 cogitationum
1658 1520 1738 1575 diem
1749 1521 1852 1579 tastum

131 1607 212 1660 Vnus.
236 1608 261 1661 3.
284 1634 315 1646 -
340 1605 490 1659 Protecisti
516 1619 566 1658 me.
596 1603 690 1675 (Aua.)
715 1605 771 1658 iloo
797 1603 826 1657 in
851 1603 1088 1699 capiteBaguat
1103 1601 1399 1673 Domiuo;Ezeclviel,
1418 1606 1559 1661 roboravit
1573 1623 1619 1662 me
1649 1609 1803 1678 Dominus,
1824 1618 1852 1668 et

94 1692 214 1757 lactum,
239 1690 316 1763 quod
341 1697 369 1744 et
397 1689 529 1744 membra
552 1688 751 1760 experiuntur:
768 1688 822 1744 boc
848 1703 942 1742 exem·
998 1687 1139 1760 significat
1163 1689 1238 1759 illos,
1263 1691 1313 1763 qui
1341 1697 1409 1748 sunt
1431 1693 1556 1748 roborati
1583 1693 1614 1749 in
1646 1695 1794 1769 Domin03
1822 1699 1851 1755 ui

95 1779 143 1852 plo
165 1779 268 1850 reliqui
282 1778 446 1835 firmantur.
996 1777 1241 1847 prophetaverunt
1256 1779 1380 1834 reditum
1393 1780 1423 1835 iu
1432 1782 1600 1839 Jerusalem.

134 1870 215 1923 Vnae.
243 1870 269 1922 4.
295 1868 412 1933 -Quic
438 1869 604 1920 succurrunt
629 1869 659 1918 nt
682 1863 806 1931 etodium
821 1863 941 1930 linquas.
1043 1867 1188 1934 Depopulo
1225 1870 1488 1937 trommiprotionis.
1516 1871 1608 1943 (Aac.)
1643 1871 1676 1927 ld
1717 1878 1773 1940 est,
1802 1874 1850 1946 qai

94 1956 144 2011 Vel
168 1956 218 2028 qui
242 1955 349 2010 scilicet
372 1953 563 2024 malignantes
578 1959 606 2008 et
633 1959 785 2024 operantes
807 1952 942 2023 iniquita·
996 1953 1212 2023 transmigravit
1226 1954 1260 2009 de
1273 1958 1343 2011 coelo
1362 1957 1397 2012 ad
1424 1961 1540 2024 terram,
1570 1959 1606 2014 de
1620 1959 1849 2032 perfectionead

95 2050 164 2099 tam.
187 2045 301 2100 Arcum.
331 2042 459 2098 Occultos
474 2041 603 2107 insidias,
630 2045 661 2095 ut
684 2057 736 2111 per
757 2040 942 2111 discipulum,
996 2041 1143 2095 miseriam
1159 2042 1409 2100 etconiusiouem.
1431 2046 1497 2102 Cum
1521 2049 1664 2118 inciperet.
1693 2050 1848 2122 (ibid.)1n·

95 2131 172 2204 quod
186 2137 229 2187 est
250 2148 296 2186 ras
316 2146 423 2196 amara,
438 2133 471 2185 ut
486 2130 603 2185 conviva
628 2129 664 2184 sit
689 2129 830 2201 proditor.
855 2129 942 2184 Amo-
996 2128 1065 2199 cipit
1078 2129 1165 2199 exire,
1178 2130 1228 2202 qui
1251 2131 1353 2203 incipit
1375 2149 1471 2188 amara
1486 2150 1494 2201 ;
1512 2134 1634 2190 charitas
1661 2136 1760 2194 civem
1789 2140 1849 2196 iacit

94 2237 165 2275 ram,
994 2217 1162 2285 Jerusalem,
1178 2219 1318 2290 cupiditas
1341 2221 1493 2293 Babylonis
1510 2239 1517 2278 :
1533 2228 1562 2278 et
1583 2224 1714 2297 sicergo
1735 2242 1846 2300 corpora

132 2312 254 2364 vensi.
279 2339 314 2349 -
339 2307 432 2364 Subito
460 2307 640 2375 scorriosam.
662 2304 758 2377 (laid.)
792 2305 941 2372 lusidiose‚
995 2305 1139 2377 permisti,
1164 2307 1304 2363 desiderio
1319 2315 1387 2363 sunt
1402 2310 1534 2381 separati.
1551 2311 1656 2384 (Cass.)
1686 2315 1845 2372 Consolatir

94 2400 176 2471 quasi
187 2397 361 2453 nescientem
376 2397 463 2452 uteie
479 2397 592 2451 videtur
607 2395 699 2465 quise
715 2395 836 2450 creduut
852 2395 942 2450 Deum
994 2393 1026 2448 in
1042 2395 1139 2450 exsilio
1156 2412 1214 2463 ;ue
1225 2396 1288 2468 quis
1302 2396 1453 2468 desperet:
1468 2398 1536 2471 quia
1556 2399 1699 2456 certificat
1715 2403 1843 2473 reditum,

94 2488 200 2543 fallera.
230 2489 290 2546 Non
319 2487 458 2542 timebunt.
488 2484 581 2556 (ibid.)
604 2485 625 2540 0
650 2501 699 2538 eor
724 2483 842 2540 durum!
871 2483 943 2538 occi·
996 2487 1024 2538 et
1038 2498 1091 2554 per
1106 2499 1202 2555 quem,
1219 2489 1325 2555 atquae
1341 2485 1448 2542 divitiae
1477 2487 1606 2543 reversis.
1635 2489 1846 2550 Affirmatred·

93 2576 160 2631 dere
180 2576 336 2644 hominem,
352 2575 403 2647 qui
427 2579 555 2627 mortuos
574 2572 736 2640 suscitabat,
754 2577 782 2627 et
805 2572 942 2627 iudanon
995 2569 1079 2636 itum,
1094 2577 1122 2626 et
1133 2577 1275 2642 precatur.

93 2666 206 2721 timere.
219 2665 421 2720 Firmooerurrt.
452 2662 556 2734 (Cass)
578 2661 786 2729 obstinatione,
798 2677 857 2716 non
871 2660 943 2715 veri·
1030 2661 1158 2717 Vaast.
1178 2663 1260 2717 -Te
1282 2662 1368 2718 decet.
1400 2662 1462 2718 Non
1484 2663 1551 2718 deos
1579 2665 1716 2738 gentium
1739 2674 1769 2724 et
1794 2687 1848 2726 nou

93 2759 161 2823 tate,
186 2768 359 2808 sermonem.
391 2752 463 2806 Reus
484 2756 524 2806 est
550 2753 659 2805 mortis:
686 2750 741 2818 vel,
770 2750 891 2821 Erpedit
911 2754 942 2805 ut
995 2748 1073 2815 alibi,
1090 2748 1147 2804 nisi
1170 2749 1200 2803 iu
1220 2750 1471 2821 contemplatione,
1495 2750 1591 2822 idest,
1620 2752 1691 2823 ilde,
1714 2760 1745 2811 et
1761 2757 1846 2812 ibide

92 2858 162 2898 unus
186 2844 320 2897 moriatur
344 2839 413 2895 Sibi.
437 2839 533 2909 (ibid.)
559 2839 621 2894 Non
644 2838 775 2905 Domino,
800 2838 849 2894 sed
874 2839 940 2906 sibi,
994 2835 1076 2891 bonis
1099 2838 1234 2908 operibus
1264 2839 1393 2895 reddetur
1421 2844 1524 2907 votum,
1546 2841 1576 2896 in
1602 2842 1714 2899 coelesti
1735 2845 1845 2900 Jerusa-

93 2948 159 2987 oum
186 2931 297 2987 dicunt:
325 2930 443 2996 Sanguis
465 2928 524 2997 ejus
547 2943 629 2997 saper
655 2941 703 2982 nos
724 2931 749 2981 et
776 2942 859 2996 super
872 2929 943 2996 arios
958 2925 979 2982 C
997 2926 1065 2995 lem,
1076 2927 1154 2997 quod
1169 2927 1211 2982 illi
1226 2929 1376 2982 solvebant
1388 2928 1468 2983 llarti
1481 2934 1545 2999 post
1558 2930 1671 3001 praelia,
1689 2937 1720 2987 et
1738 2933 1846 2989 certeris

93 3027 211 3076 nostros.
246 3022 279 3075 Ut
292 3017 494 3072 absconderent.
514 3016 571 3071 ldos
595 3016 752 3084 malorum;
774 3015 825 3088 qui
841 3015 940 3071 dolum
995 3013 1180 3070 diisinbunc
1196 3016 1324 3071 modum.
1341 3018 1418 3073 Sion.
1447 3017 1542 3072 Patria
1569 3018 1694 3074 coelestis
1711 3022 1845 3089 estSion,

92 3113 184 3182 parat,
199 3111 281 3179 putat
294 3121 324 3160 se
339 3105 448 3170 fallere,
995 3102 1095 3158 eadem
1110 3107 1153 3157 est
1164 3104 1322 3159 Jerusalem

129 3199 212 3252 Vsus.
227 3200 253 3250 7.
271 3223 307 3234 —
329 3194 459 3249 scrutati.
475 3190 587 3262 (Cass)
611 3191 760 3255 Quomodo
774 3195 941 3246 accusarent
1030 3192 1112 3248 Vens.
1128 3195 1152 3248 3.
1167 3229 1193 3238 -
1211 3193 1329 3249 Exaudi
1356 3195 1504 3248 orationem
1525 3209 1622 3250 meam.
1648 3194 1751 3266 (Casa.)
1767 3197 1847 3253 Prius

90 3287 211 3357 justum,
240 3284 285 3338 rel
308 3282 455 3353 quomodo
480 3280 643 3351 perderent,
674 3296 709 3335 ue
739 3280 942 3351 munduspost
994 3278 1059 3334 facit
1075 3281 1151 3351 quod
1168 3282 1303 3337 acaeteris
1318 3281 1480 3338 laciendum
1499 3282 1577 3351 dicit,
1595 3283 1714 3348 scilicet,
1732 3279 1846 3342 eccur.

93 3388 161 3426 aum
187 3372 251 3426 irat.
275 3371 369 3440 (due.)
398 3368 539 3434 scrutina,
557 3368 585 3423 id
601 3372 654 3434 est,
670 3367 773 3422 acerba
787 3372 816 3422 et
830 3370 939 3424 occulta
995 3367 1171 3424 Omniscoro.
1200 3369 1289 3440 (Aue.)
1306 3371 1335 3425 ld
1352 3374 1404 3439 cst,
1426 3370 1523 3440 homo,
1539 3371 1625 3427 idest
1651 3389 1687 3427 ax
1702 3375 1785 3429 omni
1798 3391 1847 3447 ga-

93 3459 232 3522 consilia;
261 3457 310 3512 sed
337 3460 445 3527 quanto
473 3455 584 3510 acutius
611 3455 747 3525 cogitant,
777 3461 856 3510 tanto
875 3457 940 3526 plus
995 3472 1246 3529 neretpauperes,
1268 3459 1379 3529 divites,
1395 3459 1459 3527 viri,
1474 3460 1599 3529 feminae,
1622 3460 1711 3530 docti,
1726 3463 1844 3528 indocti,

94 3547 232 3604 deficiunt
246 3562 263 3599 a
277 3544 395 3599 veritate
408 3548 438 3599 at
451 3543 598 3615 aequitate,
615 3549 644 3598 et
667 3543 697 3598 in
714 3544 846 3599 tenebras
861 3561 940 3599 mer·
994 3546 1088 3617 pueri,
1103 3562 1193 3600 senes.

93 3641 222 3709 guntur:
239 3633 307 3706 quia
321 3648 388 3687 cum
404 3648 464 3687 uon
479 3631 574 3687 vident
590 3633 690 3700 Deum,
712 3637 813 3703 putant
827 3650 857 3688 se
880 3650 940 3688 non
1031 3635 1118 3689 Vnus.
1135 3635 1161 3688 l.
1172 3662 1209 3675 -
1222 3633 1313 3689 Verbo
1335 3636 1500 3706 iniquorum.
1526 3637 1626 3711 (Cass.)
1650 3637 1714 3704 Qua
1727 3656 1779 3712 spe
1793 3641 1846 3696 hoc

91 3724 210 3780 viderie
225 3724 293 3779 ileo.
307 3721 423 3777 Accedet
440 3722 525 3777 torno.
542 3720 652 3793 (dise.)
670 3723 740 3776 Nam
765 3722 814 3794 qui
828 3729 939 3777 scruta·
995 3721 1083 3776 oras?
1103 3721 1171 3793 quia
1188 3722 1227 3777 od
1242 3727 1266 3778 te
1278 3726 1364 3779 omnis
1378 3741 1441 3780 coro
1455 3727 1551 3791 uenit,
1563 3726 1842 3796 nonsolumanima‚

92 3821 141 3871 tur
167 3813 277 3883 iniqua,
307 3815 373 3880 etc,
400 3825 485 3880 usque
507 3810 544 3864 od
565 3810 613 3864 sed
641 3811 671 3864 iu
701 3809 786 3865 corde
813 3810 939 3865 hominis
994 3808 1140 3863 sedetiam
1156 3810 1249 3862 malus
1264 3809 1362 3864 homo.
1380 3812 1497 3867 Necesse
1512 3817 1555 3867 ast
1569 3817 1602 3869 ut
1625 3814 1737 3871 audias.
1753 3817 1846 3873 Verba

93 3900 263 3975 grandescit.
281 3899 378 3971 (llus.)
406 3899 538 3965 scrutati,
555 3898 604 3953 sed
619 3898 733 3965 trustra,
755 3899 824 3970 quia
837 3904 939 3969 sponte
994 3896 1071 3951 euim
1085 3895 1263 3968 iniquorum,
1288 3897 1394 3953 diaboli
1411 3905 1439 3955 et
1460 3900 1674 3970 primitivorum
1692 3909 1844 3975 parentam

92 3990 206 4046 accedet
222 3990 310 4043 homo
337 3987 373 4042 ad
396 3987 568 4058 passionem.
584 3986 631 4042 Ad
658 4003 704 4041 cor
721 3988 817 4042 citum.
838 3986 937 4057 (ibid.)
993 3984 1061 4039 Adae
1073 3986 1184 4040 etEvae.
1200 3987 1411 4044 Praeroicerunt.
1425 3987 1456 4044 ld
1469 3989 1561 4058 estin
1571 3991 1707 4047 exsilium
1717 3993 1845 4065 projece-

92 4081 159 4134 Erat
173 4079 209 4144 ei,
227 4076 296 4148 quia
322 4077 378 4131 hoc
402 4076 523 4131 iaciebat
550 4075 707 4131 secundum
731 4075 823 4131 altum
845 4075 938 4130 consi·
993 4079 1070 4140 runt,
1086 4075 1130 4129 vel
1143 4075 1258 4146 pagani,
1273 4075 1346 4130 ritus
1370 4093 1437 4131 suos
1452 4077 1519 4133 liliis
1542 4078 1600 4133 suis
1617 4087 1786 4150 suaserunt,
1797 4082 1845 4138 sed

92 4169 175 4224 lium,
954 4206 976 4260 D
994 4161 1196 4233 propitiaberis
1210 4162 1241 4216 in
1251 4162 1346 4218 hostia
1373 4163 1488 4220 Christi.
1513 4164 1606 4237 (llus.)
1624 4167 1714 4223 Verbo
1736 4171 1843 4240 iniqua·

126 4256 240 4323 Scottis
269 4253 447 4324 paruulorum
478 4254 570 4319 sactae.
600 4252 707 4324 (ωε.)
737 4253 938 4308 Enumeratam
994 4265 1065 4317 rum,
1085 4248 1114 4304 id
1127 4254 1179 4317 ast,
1194 4250 1285 4304 malos
1299 4251 1371 4306 ritas
1397 4256 1426 4307 et
1440 4267 1535 4308 moras
1561 4259 1715 4326 parentum
1729 4264 1841 4313 nostro·

92 4345 262 4416 pravitatem
276 4342 377 4397 irridet
388 4340 564 4406 iudaeorum,
580 4340 630 4412 qui
644 4341 737 4412 magis
751 4342 857 4396 turbati
871 4349 939 4398 sunt
992 4353 1058 4392 rum
1071 4337 1134 4409 (qui
1159 4343 1191 4394 ut
1206 4343 1297 4402 retata,
1326 4339 1367 4395 ita
1392 4341 1559 4396 auctoritate
1581 4344 1842 4418 praestantpueris)

91 4434 223 4488 nuntiate
237 4428 456 4496 resurrectione,
466 4429 537 4500 justi
552 4427 652 4495 laetati,
992 4426 1082 4482 secuti
1111 4443 1218 4482 sumus.
1255 4428 1466 4497 Propitioberis.
1496 4429 1586 4502 (Aac.)
1613 4433 1787 4505 Propitiatio
1813 4434 1843 4492 tlt

126 4520 211 4574 Vens.
234 4521 314 4574 9.-
335 4516 508 4575 conturbati.
540 4515 633 4586 (ibid.)
656 4516 785 4571 Fuerunt
807 4515 849 4570 illi
875 4515 937 4587 qui,
992 4531 1044 4586 per
1082 4514 1265 4583 sacrificium,
1296 4518 1373 4587 quod
1392 4518 1522 4573 sacerdos
1549 4519 1697 4577 Christum
1729 4524 1840 4581 obtulit

91 4608 191 4665 salutis
220 4623 279 4662 sura
306 4605 460 4661 consilium
487 4609 661 4676 querentes,
688 4603 836 4659 dixerunt:
865 4604 939 4668 Quid
992 4603 1125 4658 ldemast
1139 4619 1207 4674 ergo
1222 4603 1354 4660 sacerdos
1368 4609 1397 4661 et
1417 4606 1520 4662 bostis.

90 4697 223 4763 sociemus
237 4698 293 4751 oiri
304 4695 426 4766 fratres?
1028 4692 1110 4747 Vnus.
1127 4696 1153 4746 5.
1168 4722 1203 4733 -
1228 4695 1326 4749 Beatus
1351 4709 1429 4763 quem
1456 4695 1571 4764 elegisti,
1605 4701 1659 4753 etc.
1694 4699 1797 4775 (Cres.)
1812 4701 1841 4756 lit

129 4785 210 4838 Vens.
229 4784 270 4838 tt).
286 4812 321 4824 -
350 4784 382 4837 Et
397 4782 487 4836 timuit
511 4781 606 4835 omnis.
622 4779 715 4850 (Aua.)
742 4780 771 4835 Si
785 4779 869 4835 timet
883 4781 938 4836 bo-
991 4779 1092 4835 beatus
1105 4780 1199 4835 omnis
1214 4781 1262 4836 ille
1277 4797 1365 4852 quam
1387 4783 1500 4856 elegisti
1513 4800 1630 4842 amassa
1649 4789 1839 4859 perditorum.

93 4889 149 4941 mo,
174 4887 233 4927 non
249 4875 354 4925 terreat
379 4870 476 4933 homo,
492 4868 562 4941 quin
588 4867 750 4935 annuntiet,
774 4868 845 4923 sicut
863 4871 938 4940 Apo·
991 4871 1051 4926 Noa
1067 4885 1167 4924 cosme
1189 4870 1319 4938 elegistis,
1336 4871 1384 4926 scd
1404 4887 1451 4940 epo
1470 4887 1518 4928 aas
1545 4872 1651 4945 (loon.)
1678 4876 1738 4948 xv),
1764 4883 1840 4933 etas·

92 4961 168 5031 stoli,
187 4960 291 5032 quibus
319 4958 567 5013 comminaverunt
589 4956 732 5028 principes
745 4956 937 5023 sacerdotum,
993 4957 1140 5028 sumpsisti
1165 4957 1196 5013 in
1226 4963 1332 5014 sortem
1365 4964 1455 5030 tuam,
1484 4960 1515 5016 iu
1534 4967 1680 5019 aetarnam
1700 4967 1839 5040 requiem.

93 5044 736 5118 dicentas‚nepraedicareutinnominalesu.
993 5046 1085 5117 (Aac.)
1110 5046 1157 5100 l'al
1180 5047 1229 5113 sic,
1256 5048 1460 5120 propitiaberis
1488 5066 1541 5121 per
1574 5050 1693 5117 beatum
1723 5056 1839 5112 virum:

127 5137 168 5190 Et
193 5137 270 5203 scoto
296 5134 355 5203 ejus
379 5133 580 5187 intellexerunt.
610 5130 707 5203 (lbid.)
741 5131 798 5188 Cur
817 5133 938 5202 passus?
992 5137 1056 5199 eta,
1071 5149 1156 5204 usquc
1171 5135 1208 5189 od
1223 5151 1288 5208 quae
1299 5153 1356 5191 non
1372 5142 1493 5207 possunt
1507 5138 1572 5194 dici.
1596 5142 1629 5197 ln
1643 5141 1732 5199 toan.
1747 5143 1841 5216 (Cass.)

92 5239 144 5278 cur
158 5239 216 5277 non
228 5221 373 5277 descendit
387 5219 422 5275 da
437 5220 623 5291 croceiquia
639 5219 820 5275 moriendum
834 5225 897 5275 erat
910 5224 938 5276 at
992 5220 1061 5284 Quae
1089 5222 1164 5277 bona
1187 5227 1264 5294 sunt,
1280 5225 1415 5280 sauctitas
1439 5226 1469 5280 in
1494 5243 1534 5294 se,
1549 5228 1671 5300 aequitas
1694 5231 1839 5305 adproxi-

93 5310 319 5380 resurgeudum:
333 5309 411 5379 quod
426 5312 558 5363 tuncnon
572 5307 626 5362 luit
641 5308 828 5363 intellectum.
991 5325 1082 5364 mum.
1100 5311 1245 5380 Templum.
1266 5312 1398 5383 molesia,
1412 5313 1458 5369 rel
1469 5330 1535 5370 cero
1552 5316 1669 5375 Christi.

128 5398 210 5452 Vens.
228 5402 270 5453 tl.
298 5427 332 5439 -
355 5397 508 5453 Laetabitur
523 5397 615 5467 justus
632 5399 661 5451 in
686 5399 808 5452 Domino.
826 5395 936 5467 (Cass.)
1027 5398 1108 5454 Vens.
1136 5400 1162 5454 6.
1190 5400 1329 5457 llirodite.
1362 5400 1453 5473 (tae.)
1483 5403 1546 5460 Non
1567 5403 1600 5460 in
1640 5407 1839 5478 exterioribus,

93 5485 243 5542 Conclusio
270 5502 304 5542 ex
331 5485 483 5558 predictis,
499 5489 529 5541 et
542 5484 703 5541 ostenditur
726 5484 877 5556 promissio
894 5488 938 5555 ju·
991 5492 1024 5543 ut
1037 5487 1142 5543 domus
1154 5491 1249 5559 terne,
1261 5488 1354 5546 sedin
1370 5490 1493 5563 iustitia,
1511 5507 1577 5566 quc
1602 5495 1756 5566 pulchrior
1767 5499 1840 5556 iute-
