3892 6106
94 252 146 306 78³
405 248 601 304 wilarium
621 248 744 302 suntet
765 247 861 303 roto.
884 245 969 304 llud.
989 248 1064 306 OPP.
1085 247 1173 304 Plus
1191 247 1212 302 Ι.
1233 274 1267 284 —-
1287 243 1513 301 Tunetofllcu.
1801 244 1852 298 784

93 373 141 428 sed
157 372 233 444 apud
250 373 342 427 Deum
354 370 463 442 justum
479 374 530 434 cst,
548 373 578 423 ut
592 369 679 423 arbor
704 369 734 423 in
761 369 849 424 ramis
862 371 978 424 ama-A
998 370 1135 442 fugiendo
1147 369 1239 422 risum
1254 366 1386 438 perdidit,
1404 381 1439 420 ne
1464 365 1573 421 bonum
1589 365 1669 438 quod
1689 369 1746 432 cst,
1760 364 1851 420 videre

93 460 250 515 ritudinem
266 466 368 526 servet,
393 474 479 529 quam
502 457 585 512 traxit
605 473 622 510 a
648 456 752 512 radice.
778 457 843 511 lloec
857 456 944 511 etiam
999 459 1099 528 possit,
1116 458 1150 513 ad
1166 457 1242 529 quod
1258 455 1390 511 conditus
1406 455 1469 510 fuit.

30 604 35 611 ,
94 548 283 619 spiritualiter
298 547 332 603 de
359 547 420 613 tob,
446 546 623 618 quillagetla
648 545 697 599 Dei
725 544 755 599 in
774 544 898 609 turbine,
915 548 945 598 ct
1036 548 1146 612 «Quasi
1169 562 1255 600 naves
1288 560 1375 616 poma
1407 548 1589 615 portantes.»
1609 545 1712 614 (leid)
1739 548 1852 606 Fructus

95 641 226 692 metuens
240 635 381 706 praevidit,
394 639 422 688 et
446 634 604 705 praevidens
632 632 762 703 pertulit,
779 633 856 688 unde
880 631 941 686 ait:
997 634 1271 706 terraeperssuctus,
1293 637 1360 702 ete,
1385 647 1469 702 usqae
1495 632 1532 687 ad
1561 648 1628 706 quae
1652 634 1792 706 cogitatio
1818 656 1851 697 ne

96 747 107 774 ι
128 726 160 779 ut
175 724 376 794 multiplicabit
390 724 509 777 vulmua
519 738 583 777 mea
598 721 659 776 sine
669 737 766 791 causa,
781 742 790 772 ι
803 721 943 793 quianon
997 721 1542 795 insuperbiamerrumpat‚bnmiliterse
1564 722 1735 793 comprimit
1742 725 1850 785 dicens:

97 814 242 885 proculpa
256 828 407 882 percussus
422 816 472 879 est,
498 812 573 866 unde
597 827 693 882 supra,
711 832 725 860 «
740 816 772 865 ut
786 809 943 880 affligerem
1036 837 1046 862 ι
1072 814 1258 884 Nequaquam
1289 810 1329 866 ita
1355 809 1495 882 loquar.»
1522 809 1577 866 Sed
1601 810 1740 869 infirmus
1763 832 1780 869 a
1804 818 1851 873 tuli

94 919 161 957 enm
177 902 291 956 trustra.
311 922 321 948 ι
996 902 1183 973 inquisitione
1194 914 1368 971 compescar.
1386 899 1418 953 ln
1448 914 1506 971 quo
1520 898 1609 955 iacies
1633 902 1745 957 mentis
1771 920 1850 960 eorn-

140 993 221 1046 Vees.
250 993 293 1046 l8.
325 1011 388 1035 -ν
419 990 482 1044 Non
510 988 681 1043 concedit·
709 988 816 1056 (Gneo.)
856 986 944 1042 Plena
998 990 1218 1061 mutatur.quia
1242 1004 1307 1060 quae
1337 988 1395 1042 alta
1416 986 1574 1059 querebat.
1599 988 1851 1049 infirmamsevi·

91 1079 224 1150 probatio
241 1095 249 1133 ε
266 1085 344 1134 extra
370 1079 495 1133 lacerent
520 1080 674 1143 tormenta,
698 1077 776 1132 intus
791 1075 942 1147 castigant,
999 1080 1079 1149 dens,
1094 1083 1247 1134 ueneratur
1262 1077 1339 1150 qnod
1355 1077 1476 1144 ignorat.
1495 1077 1528 1132 ln
1543 1093 1601 1150 qua
1616 1085 1660 1134 est
1675 1079 1768 1147 dolor,
1787 1083 1851 1154 quia

91 1172 280 1237 tentamenta,
295 1166 371 1222 unde
387 1183 416 1221 se
436 1165 587 1237 impletum
607 1166 845 1221 amaritudinibus
876 1164 945 1220 dicit
997 1166 1281 1238 valdealssigiturqui
1296 1164 1599 1238 adintelligendaquoe
1614 1166 1776 1234 desesunt,
1793 1186 1848 1224 cte-

92 1255 143 1311 sed
158 1255 270 1327 mitigat
286 1255 345 1310 uim
364 1255 470 1310 doloris
486 1256 606 1326 aequites
619 1260 647 1310 et
661 1254 788 1326 potentia
803 1252 941 1309 ferientis.
998 1263 1087 1312 catur.
1104 1256 1153 1311 llic
1166 1254 1368 1309 communibus
1383 1252 1466 1308 malis
1480 1270 1533 1308 sua
1554 1256 1678 1326 propria
1691 1257 1850 1329 adjungere

95 1344 273 1398 Ethucest:
998 1346 1125 1400 metuit:
1145 1366 1155 1391 ι
1173 1343 1297 1398 Verebar
1311 1342 1418 1409 omnia,
1437 1363 1448 1389 ι
1470 1347 1523 1396 etc.
1577 1350 1588 1370 ·

128 1433 263 1487 Vnusltl.
291 1454 352 1482 -ι
385 1432 413 1487 Si
441 1431 579 1487 tortitudo
606 1432 755 1504 quaritur.
787 1451 800 1482 s
836 1430 941 1496 Quasi:
1035 1435 1115 1488 Vens.
1145 1435 1192 1488 28.
1226 1454 1285 1480 -ι
1312 1430 1436 1486 Verebar
1464 1430 1562 1485 omnia
1601 1448 1731 1503 opera·
1763 1435 1851 1504 (ltro.)

92 1537 176 1576 nemo
200 1521 294 1587 audet,
324 1520 391 1592 quia
413 1520 461 1574 ille
497 1521 599 1576 merita
633 1520 785 1587 examinat,
815 1519 864 1591 qui
893 1534 944 1589 per
1000 1524 1075 1577 Bona
1090 1521 1208 1594 quidem
1222 1523 1315 1583 crant,
1332 1523 1398 1585 etc,
1415 1534 1499 1588 usque
1517 1519 1554 1574 ud
1579 1520 1852 1593 quasineeperla-

92 1609 432 1665 alicnumtestimonium
457 1627 490 1662 ea
518 1626 575 1663 non
598 1610 738 1680 explorat,
767 1609 816 1664 sed
843 1608 944 1663 tacitus
998 1612 1081 1666 bores
1095 1610 1129 1664 ad
1143 1610 1230 1663 vitam
1244 1605 1401 1679 perveniat,
1420 1609 1510 1662 unde:

91 1699 341 1754 consideratordiu
369 1703 521 1769 exspectat.
554 1697 632 1751 Alius
659 1713 717 1752 nun
740 1700 834 1768 potest
857 1696 944 1751 mihi·
1035 1702 1170 1755 Vnustt.
1187 1697 1504 1753 -‹siautemetsic
1528 1697 1638 1769 impius
1666 1717 1744 1756 snm.
1763 1722 1774 1749 a
1795 1702 1851 1756 Non

92 1803 152 1842 esse
169 1788 258 1852 testis,
279 1787 347 1858 quia
361 1802 476 1857 necego
490 1785 551 1856 ipse
567 1786 649 1841 mihi.
996 1789 1119 1860 poenitct
1132 1788 1286 1852 laborasse,
1303 1786 1351 1840 sed
1366 1785 1442 1840 inter
1465 1786 1576 1841 labores
1601 1787 1636 1842 de
1665 1789 1798 1860 praemiis
1811 1791 1851 1845 in·

140 1878 220 1931 Vens.
249 1879 293 1931 to.
312 1895 376 1927 -c
403 1875 433 1930 Si
452 1875 618 1946 justificare.
650 1873 743 1946 (loia.)
768 1876 830 1929 Non
861 1873 943 1929 sulti·
996 1881 1106 1930 certum
1126 1874 1332 1930 seessedolet.
1352 1872 1589 1928 ltuestincertus
1609 1875 1850 1946 iustos,ntcou·

91 1966 135 2020 cio
149 1981 210 2020 esse
231 1965 311 2019 tostis
336 1964 517 2032 innocentiae,
543 1980 595 2019 nec
621 1965 678 2019 scio
702 1963 780 2036 quod
806 1979 870 2018 eam
896 1963 944 2018 ha·
997 1964 1075 2031 lidat,
1094 1965 1134 2017 ita
1148 1963 1264 2018 contidit
1277 1978 1312 2017 ne
1328 1978 1445 2017 securus
1456 1967 1579 2034 torpeat.

92 2055 186 2109 bearn.
1030 2054 1174 2107 «Frustra
1195 2069 1201 2106 :
1221 2074 1231 2100 ι
1252 2051 1313 2106 dico
1327 2051 1402 2123 quia.

125 2145 206 2197 vaus.
223 2145 268 2196 tl.
292 2173 327 2182 -
343 2165 354 2191 ι
372 2142 400 2198 Si
427 2142 547 2213 simplex
563 2142 654 2197 luero.
674 2163 685 2190 ·
712 2142 765 2207 Oui
791 2142 843 2196 seit
869 2142 945 2195 bone
1033 2142 1117 2196 Vsus.
1135 2143 1178 2196 30.
1191 2172 1224 2180 -
1244 2139 1302 2195 «Si
1329 2140 1405 2217 lotus
1423 2139 1505 2193 luero
1527 2139 1609 2209 qnasi
1623 2141 1708 2212 aquis
1737 2141 1847 2197 nivis.»

92 2232 320 2303 qumagitetc„
337 2246 422 2300 usquc
441 2231 542 2285 adhoc
560 2230 692 2285 exsilium
719 2229 944 2300 cecitatisagre
997 2230 1050 2295 Qui
1065 2230 1186 2284 conterit
1200 2246 1230 2284 se
1244 2234 1276 2283 ut
1288 2228 1431 2295 lamentis,
1447 2232 1513 2295 ete,
1536 2243 1622 2298 usque
1641 2229 1681 2284 nd
1708 2231 1849 2302 quicom-

92 2320 156 2384 lert,
174 2321 248 2374 unde
264 2319 359 2374 subdit
375 2336 381 2373 :
996 2319 1137 2390 pungitur
1151 2318 1181 2372 in
1197 2333 1280 2388 prece
1296 2333 1349 2387 pro
1362 2315 1494 2381 terrenis,
1521 2331 1596 2387 aqua
1607 2320 1706 2375 terres.

106 2411 167 2463 eet
191 2408 307 2463 taedebit
324 2425 369 2463 me
394 2407 457 2463 vitae
496 2424 608 2463 meaa·
640 2406 693 2462 Sed
706 2411 750 2461 est
787 2407 943 2462 consolatio
1036 2409 1169 2467 «Manus.
1189 2427 1199 2454 ι
1218 2405 1497 2476 (Ιὸἑά.]ευηῑορετα.

109 2496 340 2568 hujusealiginis
368 2497 484 2551 reducta
510 2496 606 2551 auimo
633 2496 852 2566 justapotculia
874 2495 941 2550 Dei:
1031 2520 1041 2546 ι
1071 2495 1155 2550 Velut
1183 2493 1418 2560 mundissimum
1446 2493 1529 2566 qnasi
1557 2509 1616 2549 non
1641 2510 1709 2550 uere
1739 2497 1851 2553 mundet

91 2602 157 2657 qnae
169 2590 197 2639 ct
211 2585 325 2656 iniquos
336 2584 429 2655 punit,
442 2590 470 2638 et
485 2585 577 2654 justos
593 2583 777 2638 transcendit.
997 2583 1050 2638 sub
1066 2585 1119 2638 liae
1130 2581 1325 2654 corruptione.

128 2675 207 2728 Vens.
233 2675 356 2727 aa-a
386 2674 480 2728 Unum
508 2677 551 2726 est
584 2672 661 2743 quod
687 2671 798 2727 locutus
824 2687 900 2726 sum.
927 2690 941 2725 a
1034 2674 1114 2728 Vnus.
1146 2675 1190 2728 al.
1217 2692 1278 2720 -ι
1308 2671 1454 2742 lutinges»
1485 2670 1584 2738 idest,
1610 2671 1770 2728 intinctum
1803 2674 1849 2729 de·

90 2761 249 2833 lotapvel.
268 2763 459 2815 «inuocem-
484 2759 672 2827 consumitur,
702 2764 769 2825 etc,
802 2774 888 2830 usque
906 2759 944 2814 od
997 2761 1181 2830 monstrabis,
1193 2760 1380 2833 quiaquanto
1397 2760 1462 2831 plns
1476 2760 1502 2814 ei
1518 2761 1770 2831 approximamus,
1791 2779 1851 2818 sor·

92 2853 229 2920 (nostram
244 2850 362 2920 duplam
377 2848 471 2902 carnis
485 2853 514 2902 et
528 2848 632 2903 animae
642 2848 778 2903 destruat.
996 2853 1045 2908 des
1064 2855 1174 2906 nostras
1188 2864 1222 2904 ex
1237 2850 1299 2919 ejus
1311 2848 1452 2903 munditia
1465 2849 1660 2920 agnoscimus.

127 2958 206 3011 vm,
223 2958 269 3011 23,
287 2987 320 2995 -
339 2977 350 3003 .
369 2955 546 3026 sinagauar,
571 2955 763 3009 memma.
792 2947 975 3027 (stuppae
1027 2963 1037 2989 ι
1068 2939 1284 2994 Vestimenta·
1313 2937 1520 2993 vestimentum
1548 2937 1654 2994 animas
1690 2944 1735 2996 est
1750 2957 1851 3012 corpus

92 3045 159 3101 dere
173 3044 224 3099 Dei
236 3049 280 3099 est
302 3042 463 3109 afflictioni,
491 3047 555 3109 ete,
580 3059 665 3112 usque
693 3045 731 3098 ud
758 3046 835 3116 quod
864 3045 942 3098 solus
996 3028 1224 3103 quodpraecepit
1250 3027 1382 3083 5110111011
1422 3027 1502 3082 Omni
1532 3032 1662 3098 temporo
1694 3029 1849 3085 candidum

92 3134 185 3188 cernis
199 3133 461 3203 montempertulit‚
478 3132 577 3202 aperit.
996 3135 1068 3185 esse,
1084 3123 1112 3172 et
1136 3118 1160 3172 si
1179 3116 1216 3171 sit
1240 3117 1358 3171 mistum
1389 3115 1539 3187 sanguine,
1559 3115 1589 3171 id
1614 3120 1659 3172 est
1688 3118 1850 3174 carnalibus

996 3206 1154 3271 desideriis,
1168 3205 1238 3260 dicit
1251 3204 1338 3260 Isaiae
1352 3205 1579 3261 comburendum
1594 3205 1659 3276 (teo.
1678 3209 1716 3276 9).

1030 3318 1041 3345 ι
1059 3293 1319 3359 Abomiuabuntur,
1339 3292 1461 3358 »idest
1480 3293 1705 3350 abominabilem
1722 3296 1849 3364 reddent,

573 3413 676 3467 Christi
709 3419 761 3469 epe.
796 3429 880 3484 usque
906 3415 943 3470 ap
996 3390 1029 3438 ut
1043 3384 1078 3439 de
1092 3383 1177 3444 eluda
1202 3380 1357 3436 dicitur:‹
1384 3380 1513 3436 Possedit
1538 3397 1639 3451 agrum
1656 3382 1692 3438 de
1722 3385 1848 3440 mercede

679 3455 685 3477 ⁸
767 3455 775 3480 ⁹
996 3471 1168 3544 iniquitatis,
1188 3492 1198 3517 »
1215 3469 1243 3524 id
1258 3474 1309 3530 est.
1327 3469 1467 3539 possideri
1489 3469 1565 3524 feeit.
1582 3471 1614 3525 ln
1635 3470 1847 3529 abominatione

996 3561 1081 3616 restis
1098 3560 1152 3614 hoc
1165 3559 1280 3630 gravius
1303 3557 1400 3624 habet,
1424 3559 1503 3630 quod
1526 3575 1641 3614 sensum
1671 3561 1720 3616 sui
1753 3578 1847 3634 repre-

124 3242 206 3294 t'nas.
223 3241 266 3294 at.
283 3261 342 3289 -ι
358 3239 443 3292 Terra
458 3237 533 3292 data.
550 3257 563 3288 u
581 3238 628 3292 Vel
644 3258 658 3287 e
686 3238 798 3293 tradita.
817 3259 831 3290 u
856 3240 943 3294 Terra

95 3344 168 3392 caro,
187 3328 293 3398 impius
309 3325 448 3380 diabolus.

129 3416 285 3470 ‹Manus›
311 3414 383 3484 ejus,
419 3412 558 3468 occisores

93 3520 181 3576 qnam
195 3503 324 3558 Christus
334 3500 453 3555 venerit.

130 3612 211 3665 Vnus.
237 3612 281 3664 25.
294 3638 328 3651 -
343 3626 357 3659 u
382 3607 447 3663 Dies
472 3607 528 3661 mei
553 3607 708 3662 velociores
731 3609 849 3664 fuerunt
873 3626 941 3665 cur·
1104 3648 1110 3658 .
1142 3647 1148 3658 .

47 3679 50 3683 ’
920 3700 925 3711 ,
997 3651 1127 3705 hensorss
1141 3651 1265 3718 ignorat.

94 3716 169 3755 sore.
192 3697 315 3768 ·(lttd.)
343 3695 472 3752 Cursoris
502 3701 555 3764 est,
587 3703 718 3751 secutura
742 3699 944 3754 nuntiare:src
1034 3737 1114 3790 vm·
1132 3738 1226 3789 32·—
1244 3756 1254 3783 ί
1272 3734 1369 3806 Neque
1386 3733 1463 3789 enim
1481 3735 1577 3790 viso.»
1603 3737 1681 3792 mer
1708 3739 1843 3803 homine&

100 3805 199 3844 omnes
226 3787 307 3841 electi
329 3791 396 3841 aute
424 3784 578 3841 adveutum
607 3786 770 3840 nuntiantes
798 3788 942 3843 Christum
998 3829 1026 3878 et
1040 3824 1173 3878 audimus
1187 3822 1297 3877 ‘'b-ecia
1330 3829 1360 3878 et
1385 3822 1463 3878 adea
1490 3840 1535 3878 ms
1557 3825 1631 3880 undo
1742 3835 1752 3884 t
1804 3828 1827 3885 d.

93 3894 222 3932 cursores
237 3874 434 3942 lueruut32ed
451 3874 517 3947 quie
530 3879 596 3929 ante
619 3875 790 3941 moriuntur,
821 3875 943 3930 transire
997 3931 1075 3969 mur,
1098 3915 1191 3968 sedin
1219 3840 1322 3969 iudicio
1341 3914 1390 3968 Dei
1412 3914 1422 3968 i
1444 3931 1473 3970 se
1538 3841 1555 3895 p
1610 3841 1738 3971 finni
1768 3845 1843 3976 Ἢ

94 3966 257 4021 sercloeius
279 3981 393 4019 cursore
418 3964 526 4032 dolent,
556 3969 660 4019 utnon
683 3963 797 4018 videant
820 3980 944 4034 praesen-
998 3957 1096 4058 omnia
1146 4018 1190 4057 um
1214 3931 1225 3984 J
1249 4002 1323 4057 imus
1360 3931 1750 4060 sedpnonnosugsmlss'qm
1775 3936 1832 4018 ”i

93 4059 150 4153 tem
161 4056 242 4110 illum
260 4055 309 4126 qui
322 4053 508 4126 singulariter
524 4053 617 4107 bonus
631 4051 810 4119 dicitur3de
839 4053 943 4125 quibus
999 4092 1076 4164 quod
1095 4019 1275 4163 eiqatspliiu
1298 4045 1383 4163 pl’ene
1423 4108 1479 4148 non
1505 4024 1842 4167 intelhgimugung'ogug

93 4147 179 4197 emm
194 4142 273 4197 adda
1006 4198 1090 4253 aeqno
1105 4185 1200 4252 potest
1215 4179 1320 4235 audiri.

125 4251 206 4305 VERS·
237 4252 280 4303 2⁶·
313 4247 631 4312 -1011111111111·’
663 4246 716 4312 0111
738 4263 824 4318 11011111
849 4251 980 4357 immin
1036 4270 1170 4324 linastt.
1194 4290 1257 4317 -ι
1290 4270 1450 4341 Utrumque
1469 4269 1583 4326 valeat:
1606 4271 1664 4327 »id
1690 4278 1736 4328 est
1762 4274 1840 4329 [teum

93 4338 180 4393 odore
192 4336 307 4403 fruitur,
335 4340 400 4400 ete,
425 4334 562 4404 usquead
584 4350 636 4405 per
650 4335 878 4405 compassionem
905 4336 942 4393 ad
995 4364 1080 4414 emo
1094 4356 1202 4429 possit:

92 4441 191 4480 eornm
206 4423 341 4479 duritiam
357 4437 472 4494 quoque
487 4438 581 4476 sermo
595 4421 779 4477 vertiturita.
1033 4450 1220 4518 ,Quom
1251 4445 1364 4517 must,
1393 4445 1444 4518 qui
1468 4462 1502 4501 ΒΧ
1520 4447 1689 4504 auctoritato
1719 4449 1839 4513 rationis,

129 4533 341 4586 vaauen-1
365 4528 437 4584 Cium
460 4528 577 4583 dixero:
603 4545 796 4601 nequaquam.
816 4553 826 4579 ι
844 4531 919 4602 (leid
932 4533 940 4602 l
996 4541 1068 4603 ete,
1086 4551 1171 4604 usqae
1194 4535 1318 4607 adquod
1332 4535 1418 4591 corde
1434 4535 1666 4608 delinquentium
1681 4545 1838 4596 mansuetu·

92 4620 179 4676 lsrael
195 4624 226 4673 ut
240 4618 320 4690 prius
334 4616 426 4671 uoluit
437 4617 527 4689 loqui,
543 4633 609 4671 cnm
633 4633 720 4689 quem
746 4620 879 4690 praedixit
894 4636 942 4674 ne·
995 4624 1062 4679 dine
1077 4624 1173 4695 potius
1188 4640 1275 4696 quam
1286 4628 1395 4679 terrore
1410 4623 1540 4691 correxit,
1554 4626 1632 4681 unde
1647 4627 1747 4684 addit:

92 4709 170 4780 gavit
190 4725 196 4762 ε
213 4707 243 4762 ἰιι
258 4723 315 4778 qno
334 4705 418 4760 iacies
443 4707 504 4776 ejus
528 4705 648 4759 interior
671 4712 864 4762 commutatur
883 4725 941 4763 sor·
1030 4712 1108 4765 Vnus.
1124 4712 1167 4765 34.
1183 4741 1218 4753 -
1235 4734 1245 4761 ι
1261 4711 1379 4767 Auferet
1393 4727 1465 4767 ame
1479 4713 1612 4784 virgam»
1631 4715 1704 4787 legis
1720 4732 1777 4790 qua
1790 4731 1838 4787 pu·

92 4798 176 4853 dibus
190 4795 319 4869 perfidiae
331 4800 363 4849 ut
378 4811 432 4849 non
453 4798 653 4867 agnoscatura
683 4797 750 4863 Deo,
767 4796 941 4853 underestat
994 4800 1114 4867 nit3sed
1129 4816 1193 4854 eam
1207 4800 1349 4855 Christum
1365 4800 1536 4872 abstulit,et
1564 4818 1617 4873 per
1650 4803 1839 4862 mansuetudi-

92 4886 220 4958 torquari
235 4884 381 4941 doloribus
395 4885 522 4939 [eternis.
994 4904 1059 4943 nem
1070 4889 1130 4943 vias
1142 4888 1207 4944 ritae
1222 4890 1356 4945 ostendit.
1378 4890 1474 4945 Voluit
1487 4896 1520 4946 ut
1546 4890 1621 4946 Deus
1631 4892 1739 4961 timeri,
1755 4893 1801 4949 sed
1815 4895 1841 4946 ut

136 4997 146 5024 ι
178 4974 243 5028 Dies
272 4972 328 5027 mei
347 4971 472 5027 velocius
497 4971 715 5028 transierunt.»
746 4973 840 5044 (leid.)
877 4975 940 5030 Pri·
991 4983 1077 5048 pater
1088 4977 1188 5032 amari.

91 5078 155 5118 mus
169 5063 256 5117 homo
270 5060 451 5116 sicconditus
466 5066 517 5128 est,
535 5065 566 5116 ut
589 5060 646 5116 rita
660 5061 720 5132 eius
734 5077 787 5132 per
810 5069 940 5134 tempora
1039 5067 1123 5124 Vens.
1149 5068 1192 5135 35„
1224 5087 1287 5115 -ι
1319 5067 1433 5138 loquar
1458 5071 1484 5121 et
1512 5083 1572 5122 non
1598 5066 1708 5126 timebo
1742 5087 1837 5128 eum·

91 5154 178 5223 possit
194 5151 285 5217 tendi,
313 5167 370 5205 non
392 5150 483 5206 evolvi
499 5171 507 5218 ς
529 5151 578 5206 sed
594 5150 662 5222 quia
686 5151 811 5221 peccavit
838 5152 939 5206 decur-
994 5152 1091 5225 (leia.)
1102 5155 1163 5209 tam
1177 5170 1235 5209 non
1249 5154 1465 5222 hebetmetum,
1481 5155 1528 5211 sed
1544 5161 1577 5211 nt
1591 5155 1627 5211 ad
1641 5163 1756 5228 patrem
1767 5160 1841 5216 adec-

91 5239 394 5311 sumpertulit,qucm
422 5238 508 5293 homo
538 5254 651 5308 semper
674 5240 783 5304 toleret,
801 5244 939 5296 ettamen
991 5245 1064 5297 tum.
1085 5243 1153 5297 Eece
1177 5242 1307 5311 baculus,
1332 5243 1361 5299 id
1393 5249 1436 5298 est
1464 5243 1552 5298 timor
1575 5244 1649 5315 legis
1673 5248 1841 5306 missusnon

90 5334 179 5399 optat,
195 5328 264 5383 dum
292 5328 386 5382 vivere
413 5328 530 5398 appetit.
556 5327 645 5398 Hujus
672 5327 808 5383 decursus
834 5329 939 5384 damna
993 5332 1112 5386 suscitat
1126 5348 1273 5403 puerum;
1297 5332 1347 5387 sed
1374 5331 1435 5403 ipse
1459 5331 1587 5402 Elisaeus,
1610 5351 1703 5406 puero
1719 5342 1842 5394 contem·

89 5431 157 5471 roce
167 5415 287 5470 humani
301 5414 416 5486 generis
431 5416 530 5485 gemit.
991 5424 1118 5491 paratus,
1132 5426 1160 5475 et
1175 5421 1281 5491 septies
1299 5421 1440 5490 aspirans,
1455 5420 1484 5476 id
1501 5426 1543 5476 est
1564 5438 1615 5492 per
1641 5440 1770 5483 amorem
1784 5408 1840 5498 spi·x

129 5527 138 5548 ι
164 5505 348 5576 Fugemnt·
377 5504 493 5576 quiaad
523 5504 617 5560 lucem
636 5507 710 5561 stare
728 5507 815 5562 luomo
832 5506 937 5570 noluit,
991 5508 1077 5564 ritus.
