3892 6106
137 267 185 320 liii
442 266 638 322 ivutsl'tuut
660 267 783 321 stultu
803 268 900 324 Foth
923 267 1009 324 ΜΘΝ.
1028 268 1104 326 ΟΡΡ.
1126 268 1213 323 PARS
1232 268 1253 323 Ι.
1275 297 1308 305 -
1329 267 1556 325 indoluerat.
1732 284 1750 309 „
1836 275 1883 326 listi

135 390 237 456 voeat3
252 380 461 454 dilueremus
476 387 519 442 rel
536 387 697 454 uoeouudu,
717 387 835 443 moralis
849 392 902 454 est,
919 404 980 444 mo·
999 389 1129 446 licendo
1153 387 1231 444 enim
1255 393 1363 445 corratio
1392 394 1462 445 suut
1485 390 1640 447 infantium
1667 393 1752 449 uitam
1775 399 1882 465 tegere,

134 492 180 530 ros
206 475 365 548 componit,
394 476 595 532 verecundiam
618 476 701 532 docet
731 482 760 531 et
788 476 980 533 honestatem.
1035 477 1212 540 mentiendo,
1226 493 1320 532 suam.

136 565 204 621 tdihi
216 569 314 620 tamen
334 564 412 636 (quia
432 564 502 620 dicit
517 565 664 636 Scriptura
678 565 713 619 do
727 564 771 620 his
785 565 864 636 quod
888 567 981 621 timue
1069 565 1163 635 (Aeo,
1180 565 1211 620 iu
1227 565 1278 621 lib.
1302 565 1336 620 de
1350 567 1540 624 locutionibus
1559 570 1588 622 iu
1607 568 1710 637 huod,
1726 572 1797 624 tom
1823 571 1883 640 ΙΙΙ.)

136 659 202 709 rurrt
225 656 317 722 Deum,
338 657 364 708 et
389 669 443 708 nou
466 655 589 721 feceruut
610 652 695 723 jueta
722 659 887 724 preceptum
908 655 981 723 rcqie
1036 654 1150 726 thuia
1172 654 1333 709 timuerunt
1355 652 1523 710 obstetrices
1540 655 1728 724 ileum,eto.,
1744 657 1884 728 usquead

138 740 260 814 AEqypti)
283 741 417 797 videntur
430 741 581 814 utriusque
594 741 767 797 Testamenti
784 743 906 813 liguram
921 758 980 797 ser·
1035 745 1067 795 ut
1081 742 1117 797 ad
1138 740 1231 812 ipsam
1256 741 1373 796 domum
1392 742 1551 797 faciendam
1574 743 1717 815 pertinere
1740 744 1880 811 videatur,

137 848 212 898 rare,
242 835 271 886 et
298 830 435 902 Sephora,
467 846 532 901 quae
552 844 648 900 posuer
669 829 886 902 iuterpretatur,
911 829 978 901 legi,
1034 829 1110 900 quod
1135 834 1376 901 consequentera
1397 829 1491 885 liuban
1510 846 1619 887 meroes
1642 832 1793 888 statuenda
1813 849 1880 906 poo-

136 935 202 990 quoe
221 917 378 989 spiritualis
397 922 449 985 est,
467 917 642 972 convenire:
659 918 912 990 Phuavero‚qure
931 932 980 972 ru·
1033 919 1159 990 ponitur.

19 1058 24 1067 ,
137 1006 201 1060 brus
215 1006 259 1060 rel
273 1005 434 1076 ucreouudo,
450 1004 577 1060 indicare
599 1006 761 1078 Erangelia,
783 1021 848 1078 quae
874 1005 980 1062 Christi
1070 1007 1155 1062 Vens.
1179 1007 1227 1062 ti.
1254 1035 1289 1047 -
1312 1007 1442 1076 Praecepit
1467 1022 1531 1076 erqo
1554 1008 1673 1076 Phorco,
1699 1013 1753 1064 etc.
1776 1009 1879 1079 (Ome,

134 1091 274 1163 sanguiue
289 1092 404 1163 rubent,
419 1093 693 1164 atpernuiversum
710 1094 851 1151 mundum
869 1093 979 1166 passio·
1034 1095 1125 1149 boarit.
1142 1093 1181 1165 t.)
1201 1093 1335 1165 AEgyptii,
1357 1095 1461 1166 quibus
1490 1095 1538 1150 bic
1562 1096 1826 1169 precepitPharao
1850 1103 1883 1156 ut

134 1181 180 1236 nis
194 1196 296 1236 cruore
311 1180 439 1236 rutilant.
452 1181 496 1237 Ab
509 1181 554 1237 his
567 1198 636 1252 ergo
664 1183 768 1238 enimse
783 1199 847 1255 quae
860 1197 980 1238 nascun-
1033 1181 1154 1238 feminas
1182 1187 1296 1238 mutum
1319 1182 1472 1252 vivificent,
1494 1183 1615 1239 odorant
1638 1186 1787 1241 masculos.
1811 1185 1882 1242 Ode·

134 1269 226 1324 turin
251 1268 382 1339 Ecclesia,
393 1270 473 1326 relnt
491 1270 690 1327 obstetricibus
708 1271 896 1339 medicantur,
912 1270 980 1343 quia
1034 1275 1103 1328 runt
1127 1269 1205 1326 enim
1231 1271 1361 1338 virtutes,
1387 1271 1455 1326 uitia
1470 1272 1646 1327 nutrierunt.
1663 1273 1743 1327 Nunc
1764 1286 1881 1343 qnoque

135 1356 339 1428 descriptoris
359 1361 460 1413 cuncta
475 1357 644 1414 eruditionis
669 1358 861 1415 medicamina
883 1359 979 1415 confe-
1033 1358 1204 1416 insidiantur
1224 1358 1360 1432 AEgyptii,
1377 1358 1402 1415 ei
1422 1362 1556 1415 nascetur
1574 1360 1718 1416 masculus
1741 1360 1880 1427 llcbrmis,

134 1450 248 1501 ruutur.
264 1447 366 1503 Tentat
378 1452 476 1503 tamen
491 1447 602 1503 l‘harao
616 1464 668 1519 per
683 1448 733 1504 bas
751 1464 856 1507 necaro,
867 1463 978 1505 mescu·
1034 1448 1171 1504 utstatim
1186 1448 1370 1517 interficiant,
1389 1447 1445 1503 nisi
1461 1451 1587 1516 careant,
1611 1448 1761 1504 observent
1774 1454 1805 1505 ct
1831 1465 1880 1504 oc·

134 1533 187 1601 los,
201 1550 266 1590 cum
287 1535 422 1591 studiosis
449 1537 480 1591 iu
503 1536 607 1593 divinis
629 1537 781 1610 scripturis
804 1538 928 1593 hereses
949 1542 980 1593 et
1033 1537 1150 1591 cultant.
1167 1536 1263 1592 lietert
1280 1535 1425 1608 Scriptura
1439 1535 1517 1608 quod
1530 1535 1566 1591 de
1587 1535 1663 1591 tribu
1689 1535 1755 1592 heri
1774 1535 1880 1609 aliquis

133 1638 222 1694 praru
240 1624 374 1696 dogmata
401 1625 538 1697 suggerit.
565 1625 619 1682 Sed
638 1630 693 1681 stat
706 1626 853 1683 immobile
876 1625 978 1682 lunda·
1033 1625 1133 1697 gennit
1145 1625 1315 1693 masculum,
1336 1623 1456 1680 stridit
1478 1623 1617 1681 infantem
1632 1641 1693 1681 esse
1716 1625 1880 1698 elegantem

135 1716 265 1768 ruentum
304 1712 365 1768 liei.
395 1714 511 1770 Timent
536 1714 702 1771 obstetrices
733 1717 834 1783 Deum,
867 1714 898 1770 id
924 1718 976 1780 est,
993 1682 1014 1740 Β
1034 1719 1063 1770 et
1076 1713 1226 1770 occultavit
1239 1730 1317 1769 oum.
1340 1712 1379 1767 Ne
1402 1728 1471 1785 ergo
1487 1713 1630 1784 justitiam
1650 1712 1880 1769 nostramtacia·

134 1799 269 1856 timorem
285 1800 335 1856 liei
351 1800 466 1864 docent,
483 1802 534 1874 qui
556 1808 600 1859 est
625 1802 741 1860 iuitium
758 1804 917 1875 sapientise.
933 1803 978 1858 Sio
1032 1816 1215 1857 muscarum
1252 1800 1428 1867 homiuibus,
1462 1800 1512 1856 sed
1536 1801 1632 1856 clauso
1661 1801 1735 1856 ostio
1765 1817 1882 1857 oremus

134 1888 345 1959 competentius
359 1895 473 1963 aptatur
491 1891 568 1963 qnod
588 1893 726 1963 sequitur,
752 1893 821 1964 quia
839 1893 980 1948 timebant
1033 1892 1146 1946 l‘atrem
1161 1894 1292 1946 nostrum
1315 1888 1483 1953 inocculto,
1505 1893 1535 1944 et
1556 1889 1663 1945 nesciat
1680 1889 1798 1946 sinistra
1811 1889 1881 1963 quid

135 1977 301 2034 obstetrices
320 1979 422 2048 mrim,
438 1978 567 2035 lecerunt
585 1980 639 2036 sibi
660 1980 769 2037 domos.
783 1981 866 2047 Qiiod
880 1996 979 2036 secun·
1032 1978 1118 2035 iaciat
1132 1978 1258 2043 dextera,
1276 1994 1312 2034 ne
1328 1976 1483 2051 diripiatur
1497 1976 1533 2033 ab
1551 1977 1700 2050 AEgyptiis,
1717 1978 1884 2046 invadatur,

133 2065 203 2122 dum
227 2055 365 2134 litteram,
388 2067 499 2124 uultum
517 2069 752 2141 consequentiam
771 2070 858 2126 habet
886 2090 893 2126 r
920 2085 978 2125 nou
1033 2066 1168 2124 fluetibus
1195 2066 1406 2138 submergatur.
1431 2065 1460 2122 Si
1487 2066 1560 2122 facio
1582 2068 1795 2138 eleemosynam
1813 2067 1884 2140 quia

134 2154 212 2210 euim
234 2159 386 2227 propterea
412 2155 516 2211 domus
540 2156 583 2225 tlt,
608 2157 677 2230 quia
700 2157 820 2214 timetur
841 2160 925 2215 Deus.
951 2157 980 2214 Si
1033 2161 1077 2211 est
1092 2171 1165 2227 opus
1190 2154 1251 2219 nei,
1272 2155 1430 2210 masculum
1455 2170 1575 2228 genero;
1590 2155 1640 2211 sed
1659 2155 1684 2210 si
1704 2155 1821 2212 laudem
1844 2157 1882 2212 ab

134 2246 230 2297 autem
246 2242 344 2298 rideas
369 2244 514 2315 quomodo
542 2245 696 2318 scripturae
718 2245 789 2302 Nori
818 2251 847 2302 et
871 2245 981 2302 Veteris
1033 2242 1325 2316 hominibusquero,
1340 2247 1369 2298 et
1387 2259 1447 2298 non
1472 2245 1598 2319 occulto,
1610 2244 1722 2317 rapitur
1734 2245 1771 2301 ab
1797 2247 1881 2316 AEgy·

135 2330 309 2387 Testamenti
328 2331 463 2388 timorem
489 2333 541 2389 Dei
565 2333 699 2390 docentes
725 2334 828 2390 domos
850 2334 980 2390 Ecclesiae
1033 2333 1110 2406 ptiis,
1125 2332 1155 2388 in
1177 2333 1285 2388 lluruon
1301 2332 1450 2403 mergitur,
1471 2336 1500 2387 et
1517 2337 1598 2389 tanto
1617 2334 1716 2391 lubere
1745 2340 1883 2408 mutoque

135 2419 251 2483 iaciant,
267 2424 294 2475 et
309 2424 402 2476 totum
417 2421 515 2477 orbem
531 2421 662 2476 domibus
677 2422 815 2477 orationis
830 2422 979 2494 impleout,
1035 2420 1128 2477 studio
1144 2421 1281 2493 AEgyptiis
1301 2421 1460 2478 masculum
1475 2421 1574 2492 genui.

136 2509 346 2565 rationabiliter
359 2509 497 2582 scriptum
512 2510 663 2566 ridebitur.
678 2509 725 2566 Sic
750 2527 818 2583 ergo
842 2510 904 2566 istae
931 2510 980 2565 ob·
1071 2509 1216 2581 Quidquid
1229 2511 1358 2577 seminini
1374 2511 1515 2580 (liranum,
1534 2512 1564 2565 iu
1579 2512 1780 2579 Ecclesiastcu„
1800 2527 1825 2566 o.
1841 2515 1880 2579 3).

137 2598 277 2666 stetrices,
305 2598 372 2670 quia
400 2597 503 2653 timent
531 2599 632 2666 ileum,
656 2599 684 2656 id
704 2603 756 2668 est,
774 2599 906 2655 timorem
931 2597 981 2654 usi
1037 2598 1205 2669 Ubicunque
1222 2597 1251 2652 iu
1266 2596 1422 2670 scripturis
1442 2596 1549 2652 semiue
1563 2598 1669 2669 legitur
1687 2606 1716 2654 et
1730 2615 1813 2655 sexus
1827 2600 1882 2655 lra-

135 2687 251 2752 doceut,
275 2703 333 2742 non
361 2686 469 2743 iaciunt
496 2692 673 2760 preceptum
687 2687 762 2760 regis
784 2687 907 2760 AEgypti‚
932 2688 981 2743 sed
1036 2686 1132 2757 gibet,
1147 2686 1182 2742 ad
1195 2686 1322 2741 matoriae
1334 2685 1554 2757 intelligentiam
1569 2688 1783 2744 transieramus.
1803 2687 1882 2744 Unde

136 2776 281 2832 vivificant
303 2778 452 2844 masculos,
469 2792 522 2832 nec
545 2781 642 2832 mmeu
664 2777 768 2833 dicitur
787 2776 855 2849 quia
878 2793 981 2850 parue-
1037 2781 1065 2830 et
1086 2775 1196 2831 Pharao
1224 2790 1283 2830 uon
1307 2776 1368 2830 rult
1394 2776 1534 2828 masculos
1555 2775 1644 2842 nasci,
1671 2777 1720 2831 sed
1749 2776 1883 2844 feminas,

136 2871 203 2921 runt
229 2864 352 2920 feminas
379 2865 564 2921 vivificantes.
598 2866 657 2937 Ego
686 2870 781 2922 aulem
806 2865 983 2922 confidenter
1037 2880 1102 2937 quae
1117 2864 1246 2920 uictoriae
1267 2868 1333 2919 sent
1360 2862 1471 2932 vicium,
1486 2867 1515 2918 at
1532 2864 1676 2918 contrario
1693 2864 1790 2920 nullus
1815 2881 1883 2920 san·

138 2954 213 3021 dico,
237 2970 293 3009 uon
313 2954 458 3011 rivillcant
478 2954 610 3010 feminas.
628 2956 726 3027 Neque
741 2953 819 3010 euim
841 2954 910 3010 uitia
933 2960 983 3010 aut
999 2974 1019 3030 ρ
1037 2958 1150 3009 aterum
1166 2951 1223 3008 nisi
1241 2967 1357 3024 perraro
1376 2951 1497 3009 laminas
1520 2950 1654 3022 genuisse
1675 2957 1820 3007 narratur.
1835 2952 1885 3008 Su

137 3042 251 3098 luxuria
263 3041 293 3096 in
309 3042 433 3097 Ecclesia
448 3042 597 3111 docentur,
614 3048 663 3098 aut
676 3047 791 3115 peccata
805 3042 981 3109 nutriuntur,
1037 3043 1141 3113 iusque
1156 3040 1301 3112 salphaat,
1316 3039 1366 3112 qui
1380 3039 1410 3095 iu
1424 3037 1547 3110 pcccatis
1566 3045 1696 3094 mortuus
1715 3045 1769 3107 est,
1784 3056 1885 3095 omnes

138 3130 216 3200 qood
236 3131 298 3185 vult
320 3130 432 3185 Pharao
447 3147 512 3186 cum
527 3130 665 3187 viviticari
683 3131 806 3187 leminea
816 3131 909 3202 jubet,
933 3131 984 3186 sed
1037 3130 1112 3186 illias
1123 3131 1225 3201 genuit
1240 3145 1247 3184 :
1262 3129 1348 3185 iacob
1361 3126 1524 3184 irnisrslilire
1537 3133 1618 3199 pater
1628 3134 1681 3199 est,
1698 3134 1725 3184 et
1740 3130 1777 3184 ob
1793 3129 1885 3201 ipsam

138 3218 200 3273 sola
213 3217 304 3272 virtus
313 3219 451 3274 excolitur
463 3224 491 3275 et
501 3219 634 3275 nutritur.
648 3221 754 3275 Verum
765 3220 826 3275 hoec
835 3219 871 3275 ad
881 3234 983 3275 unum·
1036 3218 1223 3289 periclitatur.

137 3321 282 3377 quomque
297 3305 464 3362 referamus.
479 3307 508 3362 Si
521 3308 605 3362 times
620 3309 720 3375 ileum,
736 3323 794 3363 non
810 3307 894 3362 iacias
909 3322 982 3377 prae·

138 3400 253 3465 coptum
268 3394 345 3467 regis
363 3397 476 3467 AEgypti
494 3412 500 3450 :
517 3396 565 3451 illo
581 3396 656 3451 enim
673 3396 802 3468 praecipit
820 3401 853 3451 ut
866 3395 897 3450 in
912 3395 982 3451 deli-

137 3483 455 3554 eiisvivas‚praesensia
471 3483 729 3556 concupiscas3tu,
745 3484 866 3540 sitimus
882 3484 981 3552 Deum,
1074 3485 1158 3538 Varis.
1183 3485 1235 3538 Ι-5.
1264 3511 1294 3522 -
1318 3485 1449 3552 Egressus
1468 3487 1517 3551 est,
1542 3487 1595 3539 etc.
1612 3483 1693 3555 (lieu.
1725 3487 1753 3538 tu
1781 3483 1885 3545 deod..

137 3576 168 3627 et
182 3571 297 3627 exhibes
325 3571 450 3627 oiilcium
477 3572 645 3637 obstetricis,
665 3573 770 3628 animae
793 3578 850 3628 tuce
874 3572 897 3626 si
915 3587 982 3627 con·
1037 3579 1108 3629 tom.
1125 3572 1170 3640 ll.)
1185 3570 1255 3626 lliuo
1270 3571 1408 3643 iosephus
1424 3572 1486 3626 ait:
1506 3573 1632 3626 Metuens
1652 3577 1749 3628 etitem
1767 3575 1885 3628 Amram

1386 3359 1499 3414 canui
1516 3360 1549 3414 ll.

20 3700 30 3708 .
139 3661 213 3716 torre
235 3660 328 3731 cupis,
356 3659 480 3715 vivificas
505 3662 654 3731 masculos,
676 3661 704 3716 id
733 3667 787 3729 est,
815 3660 983 3716 interiorem
1037 3678 1073 3717 ne
1085 3666 1185 3733 captus
1197 3659 1284 3731 regiae
1303 3660 1355 3715 irre
1368 3661 1575 3728 succumberet,
1590 3664 1655 3725 otc,
1670 3675 1759 3731 usque
1772 3660 1811 3716 ud
1825 3661 1885 3716 sire

139 3748 298 3816 huminem,
315 3748 365 3821 qui
388 3749 419 3804 in
437 3754 465 3805 te
480 3756 531 3814 est,
548 3749 699 3806 medicaris
726 3755 756 3805 et
776 3751 863 3819 loves,
879 3753 908 3804 et
933 3765 985 3821 per
1037 3750 1167 3815 educere,
1179 3752 1212 3803 ut
1227 3754 1269 3803 est
1283 3748 1372 3803 lloses
1386 3749 1421 3803 de
1437 3748 1556 3803 tlumiue
1568 3748 1695 3803 eductus.

138 3841 217 3892 ectus
234 3842 262 3892 et
276 3836 436 3893 intellectus
450 3838 543 3893 bunos
558 3838 646 3893 vitam
661 3837 784 3910 acquiris
799 3842 946 3893 internam.
1073 3838 1161 3905 aileu.
1178 3838 1315 3893 Parentes
1328 3835 1407 3903 ldosi,
1436 3851 1561 3908 quorum
1583 3837 1671 3891 tidem
1688 3841 1717 3891 et
1739 3852 1827 3908 opero
1842 3837 1886 3892 lex

175 3926 256 3981 Vsus.
290 3929 385 3981 ΙΙΙ-ΙΙ.
418 3955 450 3969 -
475 3927 509 3981 Si
532 3927 669 3983 musculus
693 3929 789 3995 suerit,
818 3930 872 3982 etc.
897 3925 982 3997 (lero.)
1039 3926 1176 3982 nutriretis
1191 3925 1344 3981 decorabat
1367 3924 1430 3994 (ln,
1452 3924 1545 3994 torui,
1564 3939 1649 3995 usquc
1666 3924 1703 3979 od
1728 3923 1791 3996 ipsa
1814 3940 1886 3996 quo·

139 4015 300 4083 dileqorice.
325 4014 410 4070 iubet
439 4016 547 4072 l‘hurao
566 4017 707 4071 musculos
732 4015 833 4083 occidi,
862 4014 985 4070 feminas
1040 4030 1095 4086 quse
1110 4015 1226 4069 docetur
1241 4012 1408 4069 erubescere
1423 4011 1499 4067 idola
1513 4013 1618 4067 colere.

139 4103 256 4158 virere:
278 4102 318 4158 sic
333 4103 472 4171 diabolus,
489 4120 525 4159 ne
540 4103 803 4177 possituoburlidci
820 4104 984 4177 praevalere,
1079 4104 1128 4159 Vir
1154 4103 1188 4158 de
1210 4101 1299 4171 domo,
1325 4105 1378 4156 etc.
1404 4101 1514 4173 (Dion.)
1544 4101 1606 4155 Non
1634 4100 1696 4155 siue
1728 4100 1887 4157 aeconomia

140 4190 298 4247 interfectis
323 4191 487 4259 virtutibus,
505 4192 565 4247 solt
579 4192 646 4248 vitiu
659 4193 764 4263 rivere,
790 4192 935 4264 fortesque
957 4196 986 4247 et
1038 4197 1120 4266 pater
1141 4191 1249 4248 Moseoe
1267 4189 1522 4262 praetermittitur:
1540 4188 1655 4258 nam1et
1682 4188 1824 4256 Christus,
1836 4205 1886 4245 cu·

140 4279 237 4335 uiriles
262 4279 352 4334 uuimi
371 4295 481 4346 sensus,
496 4280 601 4352 quibus
617 4281 712 4337 divina
735 4282 872 4353 sapimus,
888 4281 918 4336 id
933 4284 985 4346 est,
1000 4265 1022 4322 li
1036 4281 1085 4351 jus
1097 4285 1197 4353 lypum
1213 4278 1331 4351 gerebat
1340 4279 1440 4348 lloses,
1457 4277 1518 4333 sine
1535 4285 1614 4348 patre
1627 4283 1678 4335 est.

141 4369 294 4435 rationem,
304 4367 500 4439 prudentiam,
511 4368 986 4441 constantium,innocentiamque,
1078 4370 1159 4423 l’ers.
1174 4369 1201 4422 t.
1222 4369 1305 4422 —Et
1317 4366 1424 4436 videus,
1439 4371 1493 4422 etc.
1512 4367 1684 4434 (Crassum,
1708 4368 1779 4422 bom.
1804 4367 1839 4422 bt
1858 4370 1887 4423 iu

141 4465 170 4514 et
183 4459 269 4514 lldem
286 4457 388 4513 nititur
408 4456 556 4526 occidero;
576 4464 604 4513 et
619 4459 695 4529 quod
710 4458 878 4527 femineum,
896 4457 987 4514 imbe·
1041 4457 1102 4512 Act.
1120 4454 1230 4527 apost).
1248 4454 1374 4510 llirabilo
1385 4459 1429 4510 est
1443 4455 1519 4526 quod
1533 4470 1591 4510 uon
1604 4470 1656 4526 per
1664 4471 1699 4510 ea
1713 4470 1778 4527 quae
1792 4454 1888 4510 viden·

141 4550 251 4616 cilium,
266 4545 368 4619 lrugile
387 4551 417 4601 et
431 4561 554 4618 pronum
576 4552 619 4602 est
639 4547 675 4603 ad
689 4546 767 4613 vitia,
789 4547 869 4618 cupit
890 4562 988 4620 super·
1040 4552 1087 4600 tur
1100 4543 1261 4601 securitatis
1276 4544 1420 4622 essehsed
1441 4546 1527 4616 plane
1543 4561 1595 4616 par
1617 4545 1774 4613 contrarie,
1789 4544 1886 4600 omnia

141 4652 214 4706 esse,
242 4635 272 4691 id
306 4639 357 4700 est,
386 4619 587 4702 ambitionem,
623 4634 799 4705 violentiam,
825 4634 987 4706 libidinem,
1040 4651 1092 4707 pro
1106 4633 1190 4689 nobis
1203 4633 1287 4689 liunt.
1303 4635 1392 4690 tussit
1408 4634 1519 4690 Pharao
1535 4634 1566 4689 in
1581 4633 1691 4690 ilumen
1706 4633 1807 4706 projici
1819 4647 1888 4705 pue·

140 4721 330 4791 iracundiam,
359 4727 387 4777 et
410 4722 455 4776 his
475 4719 590 4790 similia,
616 4737 682 4792 que
703 4721 876 4777 laminarum
895 4722 987 4795 ligura
1040 4739 1102 4791 ros3
1119 4720 1176 4778 nisi
1186 4720 1308 4794 projecti
1325 4721 1445 4778 luissent
1462 4721 1557 4793 pueri,
1571 4737 1631 4776 non
1645 4721 1745 4777 luisset
1759 4725 1888 4777 serratus

141 4816 217 4865 sunt.
1040 4812 1148 4868 lloses:
1177 4811 1293 4882 quando
1322 4809 1498 4878 servabatur,
1528 4826 1589 4866 non
1613 4814 1675 4866 erat
1701 4811 1732 4865 in
1756 4809 1886 4876 honore;

177 4899 257 4953 Vnus.
275 4903 318 4955 sa.
333 4928 367 4939 -
384 4899 446 4966 Qua
464 4897 671 4968 responderunt,
687 4902 739 4952 etc.
754 4897 834 4969 (suc.
857 4902 886 4954 iu
909 4898 986 4965 (iou,
1040 4900 1155 4973 quando
1169 4898 1314 4971 expositus
1337 4903 1390 4967 est,
1404 4902 1473 4954 tunc
1490 4898 1582 4955 iactus
1603 4899 1634 4954 in
1648 4899 1758 4955 honoro
1774 4903 1827 4954 est.
1841 4897 1887 4954 tli-

141 4990 211 5042 tom.
229 4987 285 5057 ΙΙΙ.)
301 4987 446 5053 Queritur
465 4991 562 5043 utrum
583 4987 652 5042 talia
668 4985 815 5041 mendacia
830 4986 988 5058 approbata
1041 4991 1124 5043 natus
1141 4992 1184 5043 est
1197 4987 1240 5043 illi
1255 4986 1382 5054 ludens,
1406 4986 1527 5042 dicans:
1549 4986 1690 5057 Numquid
1707 5002 1748 5042 me
1770 4986 1889 5042 occidere

141 5075 203 5130 sino
218 5076 389 5132 auctoritate
400 5076 506 5146 divina,
521 5081 587 5145 etc,
602 5090 688 5146 usque
700 5075 737 5129 od
752 5089 876 5146 quorum
891 5078 986 5129 suuni
1040 5081 1070 5132 tu
1080 5078 1146 5133 uis?
1165 5081 1195 5132 et
1208 5076 1262 5132 hoe
1276 5076 1319 5131 illi
1332 5075 1441 5148 profuit
1456 5079 1487 5132 ut
1514 5074 1765 5147 philosopharetur
1780 5076 1809 5130 in
1829 5075 1890 5130 soli·

138 5163 200 5234 jam
215 5164 433 5219 couversatioin
448 5164 526 5220 coelis
542 5168 595 5232 est,
609 5179 669 5219 nou
685 5179 734 5220 eos
755 5161 866 5218 aestimo
880 5162 986 5233 lingue
1041 5165 1141 5220 tudine
1156 5181 1188 5220 ao
1201 5180 1300 5222 secura
1315 5164 1431 5220 rivaret.

142 5251 261 5306 modom
276 5249 350 5307 cirea
364 5252 511 5308 raritatem
526 5252 738 5325 falsitatemque
752 5251 883 5324 exemplo
897 5250 985 5306 obste
1076 5253 1180 5323 (Ouio,
1192 5253 1262 5310 boui.
1278 5254 1316 5326 t.)
1337 5255 1500 5322 Aiteqorice.
1517 5250 1675 5310 Pharaonis
1699 5250 1759 5307 lilia
1783 5256 1828 5307 ost
1844 5252 1889 5306 Ee

142 5338 247 5393 tricum
258 5339 362 5394 debere
372 5340 536 5397 informare.
1041 5341 1127 5396 clusin
1152 5341 1341 5414 degentibus
1363 5346 1548 5414 congregata,
1565 5341 1611 5396 cui
1641 5356 1692 5412 per
1716 5340 1889 5412 prophetam

178 5428 288 5494 (Gara,
311 5430 420 5496 llorul,
446 5429 495 5484 lib.
520 5433 769 5500 xxxr111‚cap.t‚
795 5431 831 5485 sl
855 5429 985 5485 Summo·
1041 5429 1144 5484 dicitur
1160 5446 1166 5484 z
1184 5431 1344 5487 obliviscere
1366 5432 1495 5501 poputum
1516 5437 1591 5486 turim
1614 5435 1640 5485 et
1668 5429 1777 5485 domum
1799 5433 1889 5499 putris

143 5533 213 5588 prere
227 5518 384 5573 curandum
409 5522 452 5572 est
466 5516 656 5585 incudocium,
681 5525 747 5585 ete,
767 5519 905 5588 usquead
925 5533 988 5590 par·
1041 5522 1092 5586 tui,
1122 5521 1189 5588 quio
1207 5521 1358 5590 coricupioit
1381 5536 1431 5576 reu
1457 5521 1572 5591 species
1591 5523 1665 5574 tuom
1688 5518 1778 5584 (Psoi.
1802 5520 1887 5589 xciv.)
