3892 6106
88 280 91 285 '
144 230 195 325 lbi
449 262 648 322 waterutbl
667 262 790 321 Slllbssl
814 261 915 320 PULD.
936 261 1019 317 tlon.
1037 259 1114 317 ΟΡΡ.
1138 257 1226 313 PARS
1246 257 1268 312 l.
1288 285 1323 296 -
1341 253 1570 313 THEOLOGle.
1849 260 1901 315 tua

142 388 280 460 accipere.
306 386 444 443 Similiter
466 384 522 439 duo
545 388 575 437 et
601 382 669 450 duo,
691 397 749 436 non
781 383 914 452 quatuor,
943 379 1037 437 sedA
1087 375 1494 448 (usatoeareasotatqnaeri
1510 379 1608 432 utrum
1631 379 1715 431 tanta
1740 378 1902 448 rapacitate

141 476 333 543 tantumdem
354 474 512 530 masculum
541 477 571 527 et
597 471 744 525 laminam.
772 470 804 524 lit
833 468 993 524 notandum
1046 472 1153 539 quanta
1167 465 1346 531 describitur,
1361 463 1498 519 animalia
1509 463 1835 537 omniaquasingressa
1857 467 1903 523 dl·

143 567 219 638 quod
237 566 345 620 munda
359 561 495 619 animalia
510 559 612 630 impari
628 573 759 625 numero,
789 556 818 611 id
834 561 877 610 est
901 561 991 628 septe·
1046 560 1160 619 cuntur,
1175 559 1203 608 et
1217 570 1294 608 escas
1308 569 1409 608 eorum
1421 551 1496 608 terre
1519 552 1675 624 pomeutt
1694 553 1779 620 Quod
1805 555 1905 613 cubito

142 654 224 708 erario
243 648 636 717 introducuntur,immunda
654 663 721 702 vero
750 645 834 717 pari;
862 644 993 716 qoiaim·
1046 649 1219 720 geometrico
1253 647 1336 702 solvit
1356 647 1502 718 Origenes,
1547 663 1677 703 asserem
1712 664 1773 704 non
1793 649 1904 705 trustra

141 757 195 814 par
216 757 355 796 numerus
383 737 497 794 virtutis
532 737 657 809 speciem
676 734 832 807 portendit,
842 749 896 804 par
925 748 992 787 rere
1046 736 1153 792 dictum
1167 752 1229 792 esse
1243 737 1337 793 Mosen
1362 736 1394 790 in
1421 735 1502 791 omni
1528 735 1669 808 sapientia
1698 738 1902 810 dlgyptiorom

142 829 347 884 infirmitatem.
361 828 447 882 Plura
458 831 525 880 sunt
543 823 662 884 munda,
677 828 710 877 nt
723 838 854 894 egressus
883 822 942 876 Noe
958 820 993 875 de
1046 826 1133 882 luisse
1144 826 1300 894 eruditum,
1314 825 1363 895 qni
1373 823 1560 895 geometriam
1574 823 1750 895 dilexerunt,
1774 831 1805 882 et
1817 827 1902 883 eubi-

142 933 207 972 orca
221 917 339 972 baberet
353 915 421 987 quid
431 913 594 969 immolaret
607 916 636 967 et
650 912 844 966 manducaret
1046 918 1108 969 tum
1122 914 1327 986 geometricum
1350 916 1492 984 quantum
1520 928 1567 966 ser
1591 917 1707 967 nosnos
1738 913 1897 970 continere.

177 1005 254 1075 (luo.
275 1008 305 1058 in
333 1001 493 1072 Gen.)slit
525 999 660 1055 omnibns
690 997 992 1061 animantibus,oete·
1083 1003 1280 1071 lleas.l5,l6.
1308 1020 1372 1052 -r
1401 1003 1509 1056 binaet
1536 1000 1616 1070 bina,
1634 1018 1648 1055 s
1668 1006 1723 1058 ete.
1756 1005 1899 1073 (Aeanti

142 1093 287 1164 Nonquod
302 1089 545 1163 pluressintboni
566 1103 653 1160 qnam
674 1087 833 1153 mali,etc.,
855 1086 994 1156 usquead
1045 1090 1152 1159 supra)
1181 1090 1320 1160 Praecepit
1357 1089 1489 1159 superios
1526 1095 1646 1160 septena
1672 1094 1704 1144 et
1729 1096 1852 1161 septena
1864 1092 1902 1149 de

141 1182 296 1254 quidiesa
329 1179 462 1251 passione
489 1177 590 1232 tertius
617 1177 648 1231 in
669 1190 791 1230 numero
818 1173 932 1230 dierum
943 1176 992 1246 qni
1047 1179 1172 1244 mundis,
1194 1179 1251 1234 duo
1279 1183 1308 1232 et
1340 1178 1398 1233 duo
1422 1177 1485 1232 tolli
1507 1177 1544 1232 de
1567 1176 1737 1234 immundis.
1750 1179 1903 1244 Quomodo

140 1284 287 1341 peremne
301 1274 414 1340 tempus
447 1267 610 1324 volvuntur,
630 1270 660 1318 et
683 1264 806 1333 primos,
820 1267 850 1317 et
867 1267 991 1318 ormam.
1046 1282 1116 1336 ergo
1130 1282 1205 1319 nunc
1220 1264 1288 1319 dicit
1299 1265 1355 1319 duo
1370 1269 1400 1319 et
1412 1265 1470 1319 duo
1488 1264 1617 1329 intrasse,
1642 1264 1702 1320 sire
1711 1265 1748 1320 de
1772 1267 1901 1337 mundis,

175 1356 388 1429 (Aretullae.)
414 1354 558 1421 Quaritur
587 1358 684 1406 utrum
712 1356 772 1406 tarn
797 1366 902 1422 magna
928 1366 994 1406 arca
1046 1354 1105 1409 sire
1120 1354 1155 1409 de
1166 1353 1345 1409 immundis‘l
1363 1352 1418 1409 Sed
1444 1353 1497 1407 boe
1522 1352 1647 1408 retertur
1675 1353 1903 1412 nonadnume·

138 1445 351 1500 centnmannis
370 1441 643 1514 potuitiabricaria
664 1445 788 1512 quatuor
815 1438 992 1514 bominibus,
1047 1459 1111 1498 rum
1124 1443 1295 1498 mundomm
1311 1446 1341 1496 et
1354 1441 1581 1509 immundorum,
1608 1440 1710 1497 adad
1739 1443 1902 1502 masculum

140 1536 242 1602 idest,
272 1530 667 1602 lt'oeettiliisejustribusl
689 1529 743 1586 Sed
770 1529 865 1583 sinon
886 1527 992 1599 potuit,
1046 1523 1234 1579 etlemlnam.
1252 1521 1431 1576 lnomnibus
1455 1520 1532 1574 enim
1559 1522 1617 1575 duo
1645 1528 1723 1587 sunt
1755 1524 1904 1580 macana

140 1628 422 1692 noneratmugnnm
453 1620 524 1675 alios
553 1619 650 1674 fabros
676 1618 823 1681 adbibere,
850 1615 991 1688 quamvis,
1047 1611 1206 1667 etlemina.

138 1711 286 1783 operissni
312 1708 442 1762 mercede
474 1708 588 1778 adepta,
619 1723 677 1760 mm
699 1710 874 1761 curaverunt
894 1709 992 1758 utrum
1084 1704 1637 1776 Notendnmreroquoddlcitur:stu
1663 1710 1796 1778 qmrat
1819 1708 1905 1780 spiri,

142 1801 201 1855 llos
238 1798 381 1868 sapienter
405 1812 441 1851 an
463 1796 587 1850 inaniter
609 1795 724 1857 laceret,
750 1801 779 1849 st
802 1795 831 1849 iu
854 1809 918 1848 eam
936 1807 993 1845 riou
1047 1795 1182 1858 tnsritae,
1202 1816 1212 1844 ι
1230 1793 1458 1859 noneolnm,de
1478 1792 1652 1861 hominibus,
1672 1795 1766 1851 sedet
1795 1795 1834 1852 de
1849 1813 1903 1868 pe·

140 1893 329 1958 intraverunt,
346 1885 416 1957 quia
432 1901 490 1939 non
505 1883 701 1950 crediderunt,
712 1882 789 1954 quod
800 1883 848 1938 ille
860 1879 990 1937 eredidit.
1047 1885 1161 1939 ceribus
1174 1883 1295 1939 dictum:
1312 1883 1379 1954 qnia
1404 1881 1523 1955 quidam
1550 1880 1587 1939 de
1609 1882 1717 1954 Spiritu
1738 1890 1841 1940 sancto
1852 1902 1901 1939 vo·

179 1978 262 2030 vans.
280 1976 316 2029 t.
343 2005 377 2014 -
394 1996 405 2022 ι
423 1974 483 2044 Ego
508 1973 620 2044 pluam,
636 1992 651 2022 a
669 1976 723 2028 etc.
736 1972 814 2041 (ism.
842 1970 941 2037 Queat.
963 1970 992 2023 in
1047 1974 1110 2029 lunt
1125 1971 1248 2042 intelligi
1263 1972 1337 2042 qnod
1352 1971 1490 2041 scriptum
1520 1975 1601 2037 ests
1625 1969 1786 2028 insuillrrit
1810 1973 1842 2029 iu
1858 1976 1900 2029 ia·

142 2064 223 2131 Gen,
250 2063 322 2131 el.)
352 2061 425 2127 Quia
453 2061 547 2116 omnis
575 2064 670 2114 reatus
707 2065 808 2115 contra
825 2059 992 2129 decalogum
1047 2059 1473 2132 ciemejusspiritrrmritre;a
1499 2058 1548 2114 sed
1575 2058 1695 2130 quidam
1724 2060 1837 2116 eodiees
1851 2062 1901 2117 ba·

139 2152 331 2208 committitur
352 2166 404 2222 per
432 2151 597 2204 universum
636 2148 745 2215 orbem,
777 2146 826 2219 qui
862 2147 994 2217 partibus
1046 2146 1504 2213 hentmelirrs‚allatrrmritae.s

140 2238 431 2314 qrratrrordiriditer:
456 2242 561 2309 quater
587 2252 655 2290 reru
680 2236 778 2290 decem
801 2233 993 2307 qnadraginta
1091 2238 1172 2290 Vuae.
1197 2237 1289 2290 ll-lll.
1319 2263 1354 2275 -
1383 2253 1397 2286 o
1435 2233 1627 2305 Quadraginta
1666 2235 1810 2305 diebus»
1844 2244 1898 2294 etc.

141 2329 215 2385 liunt
231 2345 238 2396 ;
255 2328 312 2382 sire
327 2331 423 2381 reatus
437 2325 621 2381 contrabatur
640 2340 673 2378 er
689 2324 890 2396 prosperitate,
915 2323 992 2394 quod
1048 2324 1136 2396 (Aac.)
1150 2323 1380 2396 Quadragenurio
1405 2339 1526 2379 numero
1550 2323 1647 2394 pluria
1672 2324 1835 2396 inundarit,
1849 2328 1898 2400 qui

141 2418 266 2490 pertinet
279 2416 312 2471 ad
325 2415 386 2471 dies
401 2428 409 2483 ;
426 2413 526 2469 siresa
544 2411 728 2478 adversitate,
744 2411 820 2484 quod
836 2411 869 2465 ad
885 2416 992 2476 noctes,
1047 2414 1263 2468 tribulationem
1294 2405 1471 2484 poenitentiu's
1516 2412 1652 2468 ostendit.
1681 2414 1750 2469 Post
1772 2416 1899 2487 quadra·

141 2507 171 2562 iu
186 2505 328 2576 baptismo
343 2502 481 2559 abluitur.
1047 2503 1128 2573 ginta
1148 2503 1207 2557 dies
1223 2502 1280 2556 Noe
1307 2501 1460 2556 fenestram
1479 2500 1603 2571 aperuit,
1631 2501 1800 2574 significans
1826 2505 1899 2577 Jeju-

176 2593 265 2647 vass.
296 2594 350 2647 be.
374 2608 434 2642 -o
470 2589 546 2644 Fecit
570 2603 639 2660 ergo
669 2588 728 2644 llos
756 2587 899 2653 omnim»
938 2591 991 2642 etc.
1047 2591 1182 2646 nantibus
1196 2592 1299 2646 emtum
1314 2589 1431 2661 aperiri.
1446 2588 1526 2645 Unde
1539 2590 1655 2662 Moyses,
1682 2591 1812 2660 Bliaaet
1837 2594 1899 2667 ipse

143 2699 157 2734 a
175 2682 297 2752 Eratque
311 2685 509 2734 sexcentorum
527 2692 679 2743 annorum,
699 2698 710 2725 ι
729 2679 782 2730 etc.
803 2676 889 2745 (lain,
908 2675 992 2746 ittet.)
1047 2679 1184 2746 Salvator,
1200 2678 1428 2750 quadragenario
1443 2694 1563 2734 numero
1579 2678 1692 2751 jejunia
1713 2683 1897 2750 consecrarit,

142 2769 369 2841 Quingentorom
397 2782 537 2822 annorum
565 2770 626 2821 erat
653 2766 785 2821 Noenum
817 2763 993 2836 pracepitei
1048 2773 1185 2841 tanquam
1201 2769 1293 2825 tribus
1312 2767 1491 2840 temporibus
1510 2768 1683 2840 necessaria,
1711 2775 1780 2827 ento
1804 2773 1896 2844 legem

144 2858 284 2915 Dominus
314 2863 347 2913 ut
374 2873 469 2911 arcam
497 2856 686 2925 laceret,etc.‚
719 2868 803 2923 usque
839 2853 994 2925 adquiest
1047 2858 1187 2930 sublege,
1204 2858 1372 2929 subgratia.

141 2946 464 3017 ternariusquadratus.
1009 2956 1029 3013 c
1083 2948 1273 3002 lanato-it.
1292 2945 1532 3012 -oQuindeeim
1561 2946 1665 3002 enbitis
1689 2946 1787 3015 altior,
1813 2952 1895 3004 aete.

179 3036 332 3090 lensi-9.
357 3055 419 3081 -ι
450 3033 599 3103 lngressns
627 3034 671 3085 est
696 3030 755 3084 Noe
782 3036 812 3085 et
837 3028 888 3085 lilii
908 3030 991 3101 ejus„
1046 3035 1175 3106 (boeio
1191 3037 1269 3103 Gerr.)
1282 3036 1312 3092 Si
1326 3042 1403 3090 terra
1426 3035 1538 3106 Olympi
1551 3035 1657 3091 montis
1684 3035 1728 3108 (ut
1754 3036 1898 3093 tradillri·

146 3146 160 3173 «
173 3139 253 3187 trior,
271 3143 285 3171 o
301 3126 354 3177 ete.
371 3121 465 3193 (Rau.)
481 3120 643 3174 Notandum
659 3118 734 3190 quod
755 3135 883 3173 seorsum
899 3118 993 3190 ingre·
1047 3125 1144 3194 storia)
1160 3125 1254 3195 potnit
1269 3124 1403 3180 invadere
1415 3123 1540 3195 spatium
1553 3123 1700 3196 tranquilli
1733 3125 1819 3191 aeris,
1830 3130 1896 3192 ela..

144 3209 375 3265 diturinarcam
393 3209 451 3262 Noe
467 3222 532 3261 eum
549 3207 740 3271 liliissuis,et
765 3222 865 3260 uxores
891 3222 990 3261 eornm
1046 3227 1131 3283 napae
1159 3211 1197 3266 od
1222 3212 1438 3283 annuendam
1467 3211 1637 3284 quietemet
1671 3210 1760 3269 tidem
1798 3229 1898 3271 resm-

145 3313 285 3354 senrsnm.
301 3296 369 3351 ldco
386 3295 517 3351 distincta
533 3295 651 3350 dicitur:
669 3315 683 3342 a
698 3294 844 3363 lugressus
868 3299 910 3349 est
933 3295 992 3350 Noe
1046 3299 1189 3354 rectionis.

146 3394 175 3442 et
196 3386 247 3441 lilii
270 3387 343 3456 ejus,
358 3407 372 3434 a
389 3388 417 3439 et
446 3383 578 3439 distincte
600 3381 757 3445 additum
786 3398 858 3437 uror
884 3385 946 3454 ejus
964 3388 994 3440 et
1083 3387 1287 3452 «Quindecim.
1307 3410 1318 3436 ι
1335 3388 1407 3444 Sunt
1422 3387 1471 3460 qui
1495 3391 1598 3460 putant
1618 3402 1669 3443 nee
1692 3390 1897 3463 terrae‘qnali·

50 3471 58 3487 ‘
145 3491 250 3531 uxores
265 3474 392 3531 filiorum
408 3472 630 3543 ejus.oilixtim
641 3474 735 3524 autem
748 3471 802 3526 riri
829 3487 894 3526 eum
928 3487 992 3526 mu·
1046 3476 1145 3542 tatem,
1165 3490 1217 3529 nec
1236 3474 1416 3530 altitudinem
1440 3476 1582 3531 mondum
1610 3479 1720 3532 tantam
1745 3479 1895 3535 antedilu·

147 3564 265 3620 lieribus
274 3563 380 3634 egressi
395 3565 471 3624 suut,
487 3560 526 3615 sie
540 3559 616 3614 enim
631 3559 821 3628 scriptumest
837 3577 844 3616 ε
862 3582 876 3609 «
894 3561 993 3632 Egres·
1046 3563 1125 3617 rium
1142 3563 1227 3617 luisse
1246 3563 1339 3634 qualis
1353 3567 1382 3618 et
1396 3568 1503 3634 quanta
1515 3568 1557 3618 est
1568 3564 1668 3620 bodie.

146 3657 245 3709 ausast
273 3652 332 3706 Noe
353 3654 381 3706 el
421 3663 493 3704 uxor
519 3650 590 3719 ejus.
613 3649 738 3719 Tempus
774 3649 850 3702 enim
883 3649 992 3720 ample·
1081 3650 1221 3718 Vens.23,
1241 3652 1360 3706 il.-«
1389 3652 1486 3707 Deleta
1518 3653 1635 3708 suutde
1664 3656 1750 3710 terra.
1775 3656 1896 3726 albae.)

144 3741 240 3797 etendi
255 3744 406 3810 ettempns
417 3737 578 3792 abstinendi
591 3738 685 3806 (Ereti.
703 3737 778 3808 m).o
1047 3738 1113 3794 ldeo
1124 3739 1216 3811 magis
1238 3744 1353 3795 terrena
1377 3741 1513 3796 animalia
1538 3757 1625 3813 quam
1646 3741 1787 3815 aquatilia
1804 3745 1896 3815 perie-

181 3831 266 3885 Vuns.
283 3830 327 3884 ltl.
345 3857 380 3868 -
396 3847 410 3880 s
434 3826 563 3898 Cumque
591 3825 795 3895 transissent»
811 3830 865 3881 ete.
890 3827 965 3895 (lsro.
981 3829 991 3896 )
1046 3832 1124 3896 runt,
1140 3827 1256 3900 quiade
1272 3829 1422 3885 maledicta
1438 3836 1514 3885 terra
1527 3830 1636 3887 vivunt.

139 3918 215 3984 Ostia
226 3917 255 3972 in
269 3934 319 3988 spe
334 3916 437 3972 futurae
448 3915 560 3988 qnietis,
576 3931 663 3987 qnam
690 3904 841 3986 signiticat'
854 3915 993 3986 septimus
1364 3920 1477 3974 CAPUT
1491 3919 1561 3975 lllll.

143 4009 215 4067 dies.
242 4005 430 4078 baptizamur,
451 3995 545 4059 omnis
572 4019 637 4059 earo
663 4008 743 4059 extra
772 4019 865 4058 aream
885 4003 991 4058 diluvio
1083 4007 1162 4062 Vens.
1195 4008 1249 4062 l-3.
1274 4036 1308 4048 ·-
1341 4027 1355 4055 r
1399 4007 1572 4064 Recordatur
1603 4011 1646 4063 est
1686 4013 1784 4065 autem
1819 4010 1897 4067 Deus

142 4100 311 4166 consumpta
323 4098 365 4149 est
378 4111 385 4159 ς
398 4093 466 4165 quia
481 4097 561 4148 extra
575 4093 730 4149 Ecclesiam
744 4109 820 4165 aqua
846 4092 990 4165 baptismi,
1046 4114 1060 4146 a
1078 4096 1147 4162 Noe,
1164 4115 1178 4146 o
1194 4101 1248 4152 ato.
1264 4095 1409 4151 abdduxit
1423 4095 1557 4167 spirltum
1573 4111 1660 4167 super
1688 4100 1824 4160 terram.»
1837 4103 1893 4154 ete.

142 4183 273 4254 quiamris
286 4183 387 4237 eadem
409 4182 454 4247 sit,
476 4196 534 4237 non
562 4183 638 4238 ralet
664 4181 702 4237 ad
730 4183 863 4251 salntem,
891 4184 941 4240 sed
956 4184 989 4238 ad
1047 4181 1182 4253 (aarum,
1198 4189 1291 4254 quast.
1315 4186 1345 4238 tu
1362 4183 1443 4255 Gen.)
1459 4185 1498 4239 lle
1515 4184 1565 4239 illo
1583 4184 1683 4257 spiritu
1703 4184 1828 4258 intelligi
1846 4204 1896 4259 po-

141 4271 306 4344 perniciem.
1047 4277 1103 4327 test
1116 4272 1151 4326 de
1167 4288 1224 4344 quo
1240 4272 1412 4341 dictumest,
1428 4292 1442 4324 s
1458 4273 1580 4344 Spiritus
1597 4273 1647 4329 osi
1672 4273 1819 4330 ferebatur
1846 4292 1894 4330 sn·

177 4363 267 4417 Vana.
284 4360 373 4415 rr-rt.
394 4395 421 4405 -
436 4376 451 4409 a
466 4360 548 4413 Anno
571 4357 783 4426 sexcentesimo,
813 4365 887 4416 neto.
915 4362 988 4417 Alle-
1041 4375 1095 4432 per
1113 4376 1202 4432 aquas
1220 4376 1226 4416 :
1244 4382 1258 4408 »
1275 4361 1507 4427 tnnclerebatnr,
1522 4367 1562 4429 ut,
1574 4363 1754 4434 congregatis
1766 4362 1798 4418 in
1809 4379 1894 4420 suurn

88 4486 95 4493 -
140 4448 418 4520 prraesumendum
444 4447 522 4519 quod
542 4446 746 4502 sexcentesimo
766 4464 842 4502 anno
865 4448 988 4504 inunda-
1079 4448 1147 4517 (at.
1162 4447 1274 4517 unum.)
1290 4449 1476 4515 locum‚terra
1490 4455 1642 4522 appareat:
1657 4466 1733 4506 nuuc
1743 4450 1895 4508 adducitur

141 4536 459 4611 reruntaqnediluril,
480 4535 641 4607 quiasexta
661 4540 742 4589 atate
770 4537 872 4592 mundi
895 4537 988 4609 primo
1042 4541 1076 4591 ut
1089 4536 1190 4592 ablatis
1203 4538 1285 4607 aquis
1302 4538 1411 4606 diluvii,
1426 4538 1527 4594 laciem
1556 4543 1640 4594 terrea
1662 4539 1812 4596 revelaret.
1836 4541 1893 4596 Po-

139 4627 371 4685 commeudatum
395 4627 438 4679 est
469 4627 679 4677 sacramentum
704 4623 851 4695 baptismi,
878 4630 908 4680 et
935 4626 989 4681 boc
1042 4625 1305 4698 testperspiritnm
1323 4634 1422 4683 ventus
1437 4628 1572 4700 intelligi,
1596 4628 1760 4699 juxtaillnd
1788 4630 1893 4702 psalmi

138 4718 259 4789 septima
272 4713 438 4771 decimadie
459 4711 575 4767 secundi
610 4710 728 4774 mensis,
757 4712 826 4784 quia
854 4714 988 4769 denarius
1042 4712 1188 4767 cv1:«nt
1215 4713 1292 4768 stetit
1323 4714 1439 4787 spiritus
1467 4717 1640 4787 proeellre,»
1669 4718 1750 4789 cujus
1783 4717 1893 4774 scilieet

137 4805 306 4877 decalogum
321 4802 471 4876 significat.
486 4799 669 4872 Septenarius
695 4805 814 4871 propter
833 4800 986 4857 Sabbatum
1042 4801 1155 4856 llatibns
1168 4818 1242 4874 aqua
1255 4801 1410 4860 recederet.

136 4895 287 4965 septimam
313 4892 442 4964 requiem
473 4889 624 4962 signillrat,
661 4892 689 4942 et
716 4889 783 4959 qnia
799 4888 829 4944 iu
852 4890 988 4964 decalogo
1076 4891 1161 4946 Vens.
1178 4890 1204 4945 4.
1230 4912 1292 4940 -o
1331 4891 1539 4965 nequieritque
1570 4908 1636 4948 arca
1662 4910 1762 4950 menae
1804 4893 1893 4966 septi·

138 4979 311 5035 renuntiatio
322 4980 456 5034 vitiorum
468 4978 589 5045 ridetur,
609 4975 774 5048 quicunqne
788 4977 817 5032 in
844 4977 986 5050 baptismo
1041 4998 1055 5026 α
1076 4994 1135 5046 mo,
1153 4997 1167 5027 »
1185 4982 1238 5032 etc.
1257 4979 1342 5049 (lero.)
1358 4979 1553 5052 septenariam
1568 4981 1894 5056 requiemsignibmtet

137 5067 277 5132 initiatur,
304 5072 423 5138 propter
450 5072 587 5121 {eternam
606 5063 748 5137 requiem,
772 5065 986 5121 omnibusritiis
1040 5066 1107 5138 quia
1132 5065 1252 5137 perlecti
1275 5069 1457 5140 requiescunt
1486 5070 1537 5138 ibi,
1567 5072 1736 5143 supradictae
1776 5087 1892 5146 quoque

136 5172 166 5212 ee
175 5155 377 5211 abrenuntiare
394 5154 554 5226 profitetur.
1038 5154 1222 5227 quadratura
1237 5173 1374 5214 numerus
1387 5158 1595 5216 iteratur.Nam
1617 5159 1756 5232 vigesima
1770 5160 1894 5233 septime

172 5244 365 5300 «Cataracta.
383 5264 394 5290 ι
412 5243 564 5308 reposti-a,
580 5241 672 5297 nubes
686 5239 803 5310 seilicet,
825 5258 890 5314 quae
918 5246 986 5298 sunt
1039 5244 1218 5302 dissecandi
1241 5247 1350 5303 mensis
1377 5248 1596 5306 commendatur
1623 5255 1849 5316 sacramentnm,
1864 5255 1894 5305 et

135 5337 251 5407 aperlae,
267 5335 299 5387 nt
313 5329 380 5386 inde
395 5330 518 5386 insolite
532 5334 561 5385 et
575 5332 698 5403 majores
711 5331 816 5404 plurire
831 5331 984 5388 funderen·
1038 5347 1138 5387 rursus
1147 5332 1285 5405 vigesima
1299 5336 1420 5407 septima
1434 5337 1481 5393 die
1505 5336 1621 5410 septimi
1648 5337 1756 5394 mensis
1785 5337 1893 5395 conlir·

134 5427 191 5477 tur.
208 5422 362 5478 Cataractes
381 5433 448 5471 vero
461 5418 576 5490 proprie
595 5423 663 5474 sunt
682 5420 754 5476 ostia
774 5421 840 5490 Nili,
874 5421 922 5478 sed
936 5422 984 5477 ab
1037 5425 1143 5490 matur,
1157 5438 1224 5478 cum
1238 5439 1304 5479 arca
1330 5425 1486 5497 requierit:
1512 5426 1590 5498 quod
1613 5426 1693 5483 enim
1714 5427 1893 5501 promittitur

135 5511 213 5568 usire
229 5526 280 5582 pro
294 5506 428 5564 omnibns
439 5506 569 5561 lenestris
578 5513 732 5579 pnnnntur.
1039 5509 1067 5565 in
1082 5526 1143 5584 epe,
1154 5511 1309 5569 exhibetur
1322 5511 1352 5568 in
1366 5529 1408 5569 re.
