3892 6106
44 260 99 313 829
621 260 749 317 utossa
766 261 967 319 ORDINARIA.
986 293 1020 300 -
1040 264 1104 318 tiu.
1124 262 1241 320 aevu.
1763 265 1817 320 330
1898 286 1904 293 ·

44 381 74 435 in
90 380 274 452 paenitentiae
290 380 467 448 bominibus,
483 380 690 436 abominabiles
710 387 777 436 sunt
803 387 899 437 tamen
916 384 939 439 Α
957 384 1050 441 iudai
1064 384 1092 438 iu
1107 385 1169 455 lege
1189 388 1218 440 et
1228 383 1401 456 prophetis;
1427 382 1478 439 sed
1492 399 1575 439 crura
1600 383 1757 441 habeamus
1772 402 1816 442 rc-

46 469 75 522 in
92 469 221 540 hisquae
240 469 699 541 moventurctvivuntinaquis,
728 469 796 542 qnia
819 487 905 543 rege·
960 471 1268 538 eta,sicutChe1·ubin,
1289 471 1445 542 dequibus
1468 471 1590 527 dicitur:
1621 473 1713 530 Crura
1728 486 1820 528 cerunt

48 557 233 612 narationem
247 559 384 618 stultam,
409 574 494 629 qoam
510 558 541 612 in
562 559 704 630 baptismo
724 565 905 630 acceperunt,
959 565 1045 628 recle,
1060 561 1086 614 el
1099 563 1213 628 pennoti
1221 559 1302 631 pales
1316 576 1407 615 eorum
1424 560 1533 630 (Ezeclr.
1563 563 1591 627 1).

48 646 176 700 vivendo
188 648 264 701 male
276 651 475 718 corrumpunt.
997 650 1078 703 Vsus.
1095 651 1138 703 22.
1153 650 1312 704 —Brucua
1332 648 1385 713 Qui
1399 648 1502 715 exsilit,
1523 647 1572 702 sed
1601 648 1696 703 minus
1732 663 1820 719 quam

83 733 173 788 Vens.
192 738 283 788 ll.-
310 734 420 790 Curuus.
447 734 528 806 (Rae.
552 736 582 788 in
609 734 713 802 Lavit.)
744 735 908 790 Cumsuem
963 742 1080 802 attacus,
1096 737 1139 791 vel
1156 738 1272 804 locusta,
1288 752 1353 809 quar
1367 737 1458 810 magis
1477 737 1623 792 exsiliunt,
1648 736 1822 815 Talassunt‚

50 822 197 893 probibet,
216 827 281 889 etc,
302 823 439 892 usquead
461 827 624 893 querentes
645 823 777 878 tenebras
807 822 908 879 noctis.
963 824 1015 896 qui
1029 825 1303 897 compeccatoribus
1321 830 1535 896 conversantur,
1560 825 1598 880 ad
1625 825 1817 881 conversatio·

83 910 514 978 l'eas.13.-Haeaurttquae
544 909 577 964 de
598 911 774 975 uoibuaetc.
804 910 910 981 (isica.)
964 930 1042 976 nem,
1059 931 1117 969 non
1133 915 1166 969 ad
1178 915 1403 970 consensumvel
1422 914 1625 969 imitationem.

50 997 119 1062 0¹¹ae
135 997 173 1051 ad
197 997 486 1070 contemplativorum
511 998 598 1053 vitam
624 999 781 1069 pertinent,
806 999 910 1071 adjun·
999 1001 1211 1071 Opbiemacbus.
1230 1001 1283 1066 Qui
1296 1008 1408 1074 pugnat
1431 1018 1497 1057 cum
1516 1000 1708 1074 serpentibus,
1734 1000 1818 1056 nobis

51 1088 102 1158 git,
117 1091 186 1152 etc,
202 1102 289 1156 usquc
302 1087 340 1141 ud
353 1088 524 1142 mulierculas
537 1090 643 1157 peccati
657 1093 791 1143 arcuatus.
966 1093 1062 1144 autem
1077 1105 1175 1161 pugna
1189 1095 1234 1145 est
1248 1107 1315 1146 cum
1344 1090 1464 1163 antique
1495 1095 1626 1162 serpente
1658 1095 1685 1145 et
1713 1089 1824 1162 angelis

86 1177 173 1231 Vens.
210 1179 251 1230 lt.
274 1204 310 1217 -·
338 1177 477 1231 l'ulturem
496 1176 582 1245 iustu
607 1191 692 1243 penus
733 1192 821 1231 suum.
848 1176 909 1246 (lo.)
967 1178 1027 1248 ejus
1038 1179 1133 1248 (ripae,
1153 1177 1216 1248 ιιι).

51 1264 106 1330 Qui
126 1265 211 1319 bellis
229 1264 345 1336 gaudet.
380 1264 458 1319 Unde
483 1264 615 1336 seqnitur
633 1264 801 1330 exercitum,
829 1281 912 1337 expe·
1003 1266 1083 1320 Vens.
1099 1268 1142 1320 25.
1159 1295 1195 1306 -
1211 1267 1353 1336 Utportet.
1384 1264 1461 1321 Sicut
1480 1266 1530 1337 qui
1559 1265 1628 1320 dicit
1642 1264 1752 1320 malum
1772 1262 1824 1319 bo·

52 1360 133 1408 ctans
150 1353 292 1407 cadavera
310 1357 586 1407 mortuorum:non
614 1351 699 1407 debet
727 1352 804 1408 enim
820 1353 913 1407 alieno
969 1370 1049 1423 num,
1066 1359 1237 1422 ctamarom
1255 1355 1476 1424 dulcellsu.v):
1505 1353 1740 1410 laudandoeoim
1759 1369 1821 1407 ma·

53 1444 134 1496 luctu
154 1441 245 1512 pasci,
257 1440 307 1512 qui
326 1440 374 1495 dal
389 1457 505 1511 operam
532 1440 778 1512 contemplationi.
886 1442 889 1446 ’
970 1445 1027 1497 Ιιιιιι
1046 1461 1063 1497 a
1081 1459 1138 1514 quo
1154 1442 1307 1514 prohibere
1318 1443 1467 1509 debuerat,
1484 1460 1567 1497 suurn
1583 1442 1650 1497 iacit
1674 1445 1813 1513 etportat

90 1532 176 1586 vaes.
195 1533 237 1584 l6.
267 1561 302 1569 —
330 1529 664 1586 Strutbiouem.Struthio
692 1529 752 1583 avis
789 1535 840 1595 est,
866 1528 914 1582 sed
1006 1531 1085 1584 Vens.
1109 1532 1154 1585 26.
1178 1561 1212 1570 —
1241 1531 1323 1586 Omne
1342 1533 1445 1585 animal
1468 1530 1550 1601 quod.
1582 1529 1685 1601 (laren.)
1708 1529 1824 1585 Nullum

53 1622 150 1675 volare
166 1637 226 1673 nou
241 1623 346 1690 potest,
362 1624 390 1673 et
408 1635 522 1690 semper
543 1618 618 1672 cirea
645 1622 752 1673 terram
772 1624 825 1685 est,
842 1617 914 1671 sicut
969 1623 1117 1688 peccatum
1129 1619 1258 1689 praeterit
1274 1618 1330 1686 ler;
1348 1635 1527 1691 quaecunque
1541 1617 1572 1673 in
1590 1617 1744 1690 Evangelio
1758 1634 1825 1689 pro·

55 1708 176 1778 quidam
203 1707 260 1760 lieo
288 1705 444 1759 militantes
469 1710 498 1759 et
524 1705 708 1759 saecularibus
736 1704 859 1777 negotiis
883 1720 914 1758 se
970 1706 1107 1761 hibentur
1126 1706 1207 1777 Legis
1234 1707 1437 1778 enigmatibus
1466 1706 1677 1777 exprimuntur,
1692 1710 1723 1760 ut
1741 1707 1827 1760 inere

56 1795 240 1866 implicantes
254 1794 314 1863 (iob
330 1810 428 1864 axam
446 1796 472 1849 ll
487 1797 556 1849 Tira.
575 1793 614 1865 ιι).
969 1794 1084 1849 dirorum
1098 1796 1206 1849 testium
1221 1797 1272 1850 stet
1293 1810 1370 1850 omae
1397 1795 1507 1849 uerbum
1537 1794 1651 1866 (Multis.
1683 1796 1779 1864 xviri),
1798 1796 1826 1847 ct

92 1886 235 1940 Nostrum.
273 1884 336 1936 llaec
356 1882 436 1936 aiunt
458 1882 489 1936 in
522 1890 604 1936 nocte
642 1888 723 1936 acute
750 1881 860 1950 videre,
888 1885 916 1936 et
969 1878 1133 1954 inutraque
1148 1883 1210 1954 lege
1226 1883 1326 1939 laudes
1342 1885 1443 1952 Deum,
1458 1888 1496 1953 et,
1518 1882 1592 1938 sicut
1610 1882 1761 1954 prohibet,
1777 1881 1824 1936 lu·

59 1989 163 2044 parum
176 1973 208 2027 in
222 1971 278 2027 dic.
299 1973 381 2026 Tales
393 1976 459 2025 sunt
487 1971 537 2042 qui
564 1970 645 2042 Legis
660 1970 822 2042 gloriantur
848 1985 916 2025 con·
970 1971 1032 2043 gias
1047 1972 1167 2028 malum.

59 2060 299 2133 templalione‚ct
316 2060 461 2130 Evangelii
491 2062 584 2113 lucem
607 2075 707 2129 capere
731 2075 791 2113 non
810 2059 915 2113 valent.
1007 2061 1088 2115 Vens.
1104 2064 1149 2115 27.
1165 2062 1292 2128 -Qucd
1307 2061 1430 2116 ambulet
1454 2076 1536 2132 super
1565 2076 1673 2128 munus,
1701 2064 1754 2116 etc.
1771 2058 1833 2125 Qui·

61 2153 237 2220 nycticorae.
254 2150 382 2203 lnnocte
398 2152 509 2202 mulum
533 2147 616 2219 rapit.
640 2148 721 2202 Tales
749 2152 816 2202 sunt
843 2163 917 2218 gen·
970 2149 1164 2221 evangelicam
1186 2150 1432 2205 comessationem
1456 2151 1569 2221 migrat,
1606 2150 1656 2205 scd
1693 2149 1826 2205 manibus

62 2244 101 2292 les
117 2237 213 2292 noctis
238 2236 374 2308 operibus
396 2235 548 2302 inhiantes,
578 2251 644 2307 quae
665 2241 732 2291 sunt
755 2235 915 2302 fornicatio,
970 2240 1107 2304 ambulat,
1125 2238 1229 2309 turpis,
1246 2238 1363 2305 scilieet,
1391 2238 1464 2293 lucri
1489 2255 1574 2294 causa
1601 2254 1704 2293 manus
1730 2238 1826 2308 impo-

65 2325 257 2393 immunditia,
279 2323 458 2396 impudicitia
468 2324 540 2393 (Gal.
566 2325 603 2393 r).
971 2330 1076 2398 neus(l
1093 2330 1162 2383 Tim.
1176 2333 1224 2398 ιι),
1253 2327 1298 2382 bic
1323 2335 1397 2382 recte
1425 2327 1559 2383 omnibus
1583 2326 1681 2382 bestiis
1696 2341 1825 2397 compa,

95 2417 210 2471 burum.
231 2415 319 2468 Larus
347 2420 390 2467 est
413 2412 520 2467 animal
544 2418 603 2467 tam
629 2412 659 2467 in
679 2429 754 2485 aqua
783 2413 916 2484 quentin
970 2425 1060 2483 ratur,
1077 2414 1345 2471 utveladulterum
1362 2415 1448 2482 dicas,
1480 2416 1522 2469 vel
1543 2430 1671 2482 ararum,
1699 2412 1826 2469 homici-

65 2508 137 2557 terra
151 2501 304 2557 habitans:
322 2501 628 2556 volaienimctnalat.
656 2502 726 2556 Huic
757 2500 915 2556 assimilan-
971 2508 1077 2563 damet
1092 2503 1364 2559 siutiiiazomnibus
1397 2505 1474 2559 euim
1503 2520 1555 2575 per
1576 2519 1695 2576 pravam
1722 2518 1826 2557 manus

69 2593 174 2663 torqui
196 2590 447 2645 circumcisionem
473 2595 502 2644 et
533 2589 708 2661 baptismum
730 2594 915 2652 uenerantur,
971 2593 1184 2663 impositionem
1195 2592 1398 2648 communicat.

98 2683 276 2750 accipitrem.
292 2678 434 2750 Accipiter
455 2678 530 2733 inter
562 2694 680 2749 rapaces
706 2683 749 2733 est
777 2693 853 2744 ares,
868 2679 917 2756 sed
1007 2683 1088 2737 Vaas.
1103 2684 1150 2737 28.
1184 2711 1219 2722 -
1246 2683 1300 2746 Qui
1325 2684 1476 2752 perluceret
1503 2680 1662 2751 hujusmodi
1688 2678 1824 2735 cadavera

71 2769 249 2834 mansuescit,
275 2773 303 2823 et
329 2766 461 2839 rapinam
481 2783 546 2823 cum
580 2765 744 2821 hominibus
770 2772 914 2838 operatur.
972 2772 1053 2826 Falsa
1067 2770 1367 2834 dicendotestimonia,
1388 2769 1639 2842 dignumdicendo
1660 2768 1823 2838 indignum.

72 2861 143 2913 dunc
158 2857 313 2913 imitantur
331 2860 381 2929 qni
395 2855 689 2922 mansuetividentnr,
706 2855 755 2909 sed
780 2871 847 2909 cum
865 2871 917 2926 po·
972 2865 1000 2915 et
1016 2860 1155 2914 mundum
1171 2858 1364 2914 immundum.

71 2944 338 3003 teoubnsetavaris
361 2950 446 3016 atque
470 2944 619 3017 rapacibus
648 2960 749 3015 rapere
773 2945 952 3030 nituntur.9
1007 2948 1086 3002 Vens.
1107 2950 1152 3002 29.
1173 2979 1207 2986 —
1233 2947 1359 3002 Mustela.
1386 2946 1554 3019 lngluriem.
1592 2946 1652 3001 idus
1679 2944 1756 3000 enim
1770 2959 1824 3016 pro

10 3070 12 3075 ,
98 3037 291 3104 aequumst
311 3034 548 3106 ibiultoeelongi
571 3033 638 3088 colli
658 3037 734 3101 suut,
764 3037 794 3087 et
822 3032 918 3088 cibum
972 3036 1310 3107 rentrisingluvicnnlla
1332 3037 1403 3091 uitat
1426 3035 1562 3108 pericula.

70 3145 95 3182 er
108 3123 402 3199 profunditaleterrae
416 3124 459 3178 rel
481 3139 565 3195 aquae
584 3122 628 3194 (ut
653 3121 767 3194 dicitnr)
789 3121 916 3189 trabunt,
1007 3125 1171 3183 crocodilus,
1187 3125 1242 3191 Qui
1255 3125 1334 3180 dum
1362 3124 1434 3180 curi,
1461 3129 1489 3180 02
1518 3122 1676 3180 malitiosus
1701 3122 1763 3177 luto
1776 3137 1825 3194 pa.

71 3232 113 3270 nee
130 3212 276 3270 imitanda
293 3216 368 3266 sunt.
395 3211 450 3276 Oui
471 3212 549 3266 enim
574 3211 811 3281 contemplationi
838 3216 919 3266 vacat
972 3215 1070 3270 scitur.

70 3304 97 3357 ad
111 3298 362 3372 superioradebet
375 3299 503 3366 tendere,
527 3313 580 3354 nee
609 3298 643 3352 de
658 3296 843 3353 inferioribus
862 3298 917 3354 sol·
1008 3305 1088 3359 vass.
1117 3304 1162 3358 30.
1190 3333 1224 3343 -
1250 3301 1424 3359 Cleometaeoa.
1441 3301 1604 3371 Miserescit,
1631 3306 1659 3357 et
1690 3318 1750 3375 prae
1775 3300 1824 3356 in-

69 3392 157 3447 licitus
172 3403 246 3444 csse.
971 3390 1106 3446 firmitate
1116 3393 1298 3444 anansnctum
1311 3406 1340 3444 sc
1351 3390 1444 3460 lingit,
1473 3406 1539 3445 cnm
1567 3389 1682 3445 crudele
1697 3389 1744 3445 sit.

98 3484 184 3536 lans.
204 3481 246 3535 19.
271 3507 307 3522 -
335 3480 469 3549 upapam.
500 3478 564 3532 ltaec
592 3476 722 3548 lugubris
750 3480 794 3530 cst
820 3481 849 3531 et
869 3477 917 3531 lu·
1008 3480 1104 3550 Tulpu.
1122 3478 1234 3535 Animal
1258 3478 1416 3534 caecumdc
1444 3483 1521 3533 terra
1545 3478 1686 3550 genitum.
1707 3477 1826 3533 Creator

67 3577 140 3627 ctum
156 3585 268 3624 amans.
284 3566 386 3624 Saeculi
408 3571 505 3621 autem
530 3566 646 3621 tristitia
670 3558 792 3619 moriem
816 3581 917 3636 opera·
970 3567 1213 3638 enim,utaiunt,
1230 3567 1265 3623 dc
1284 3571 1361 3622 terra
1377 3567 1522 3639 compluta
1542 3573 1570 3622 et
1598 3567 1748 3633 lutulenta,
1776 3565 1825 3621 sed

66 3667 121 3716 tor.
137 3658 308 3724 Ouiautem
331 3656 422 3711 Deum
442 3653 546 3726 diligit,
576 3653 661 3708 debet
689 3652 826 3724 gaudere,
856 3653 917 3708 sine
971 3656 1205 3728 priuseorrupta.

66 3746 278 3803 intermissione
313 3761 406 3813 orare,
448 3745 480 3799 in
522 3743 657 3798 omnibus
695 3741 801 3813 gratias
833 3758 918 3814 agere
1006 3746 1089 3800 Vens.
1116 3746 1160 3800 31.
1191 3774 1226 3785 -
1266 3744 1319 3811 Oui
1353 3747 1483 3814 tettperit,
1517 3748 1570 3799 etc.
1597 3743 1626 3800 Si
1656 3745 1827 3801 naturaliter

67 3836 251 3906 (liberer).
972 3838 1065 3888 essent
1097 3832 1257 3900 immunda,
1279 3832 1447 3887 immundus
1478 3835 1553 3887 esset
1586 3832 1710 3887 viventia
1736 3833 1824 3888 etiam

101 3923 356 3996 vespertilionum
373 3923 448 3978 circa
474 3928 582 3978 terram
605 3921 693 3988 volat,
735 3920 839 3992 pennis
864 3937 917 3993 pro
973 3923 1173 3995 quitangeret.
1190 3919 1450 3975 Morticinatalinm
1466 3919 1592 3974 actiones
1620 3925 1698 3987 sunl,
1722 3921 1753 3975 id
1772 3927 1822 3985 est,

66 4016 188 4086 pedibus
204 4013 406 4086 utitur:quod
425 4012 552 4067 alienum
567 4014 610 4067 est
625 4010 660 4066 ab
675 4009 776 4082 eisqui
790 4016 918 4066 contem·
972 4011 1063 4078 dolus,
1086 4010 1205 4075 lurtum,
1236 4006 1400 4077 duplicitas,
1420 4011 1449 4060 et
1472 4005 1640 4077 hujusmodi
1667 4006 1825 4077 inquibus

66 4105 192 4175 piantur,
209 4120 246 4158 ne
266 4102 470 4174 contemplatio
500 4117 600 4156 eornm
627 4100 658 4154 in
686 4101 807 4155 terrenis
832 4117 917 4157 occu·
973 4098 1177 4154 morsanimae.

66 4198 159 4264 petnr.
1008 4190 1090 4243 Vens.
1107 4189 1149 4242 32.
1166 4215 1200 4227 -
1219 4187 1255 4241 nt
1279 4199 1361 4254 super·
1387 4183 1470 4255 quod,
1491 4188 1545 4239 etc.
1566 4181 1673 4255 (isica.)
1696 4183 1826 4239 Admira-

98 4283 181 4338 llras.
198 4283 245 4337 ull.
260 4312 294 4321 —
309 4281 393 4338 Omae
411 4278 609 4336 moolucnbus
637 4277 710 4347 quod
733 4249 955 4345 proditurau-1>
972 4276 1024 4332 bili
1050 4274 1188 4330 divisione
1211 4272 1301 4328 utitur
1317 4271 1477 4343 legislator,
1496 4275 1565 4340 etc..
1590 4287 1675 4344 usquc
1702 4273 1739 4327 ud
1766 4277 1826 4327 tam

64 4387 112 4441 per
125 4375 247 4442 quatuor
257 4369 350 4439 pades,
366 4373 421 4423 etc.
450 4367 505 4433 Qui
524 4364 755 4436 contemplativis
783 4363 919 4417 ridentur
976 4383 1025 4421 vas
1038 4365 1166 4437 ligneum
1183 4378 1270 4435 quam
1285 4360 1498 4417 vestimentum.

66 4458 475 4530 essesimiles,scdtanquam
501 4454 617 4526 reptilia
636 4452 759 4508 terrenis
780 4450 923 4506 inherent
1011 4453 1146 4510 Vras.34.
1175 4483 1210 4493 -
1236 4451 1328 4507 Omnis
1350 4450 1437 4520 cibus,
1462 4455 1516 4506 etc.
1548 4448 1650 4505 Cibum
1677 4455 1706 4505 el
1727 4455 1825 4523 polum

66 4546 311 4621 concupiscentiis,
324 4546 434 4602 etiamsi
464 4545 495 4600 in
521 4549 646 4616 quatuor
674 4541 795 4614 pedibus
818 4539 922 4594 ambu-
975 4544 1153 4616 operaboua
1169 4540 1388 4611 intelligit‚ideo
1409 4540 1501 4595 dixit:
1527 4539 1608 4596 Cibus
1637 4555 1715 4609 quem
1740 4556 1826 4596 comc-

67 4639 135 4706 lent,
151 4638 238 4693 idest
256 4636 280 4691 si
293 4635 486 4708 evangelicam
505 4632 737 4705 predicationem
774 4628 920 4695 simulent,
975 4635 1044 4689 deris
1068 4637 1093 4686 et
1120 4632 1225 4701 liquens
1254 4628 1327 4699 quod
1362 4628 1474 4696 bibitur,
1508 4632 1561 4683 etc.
1588 4627 1661 4693 Quia
1685 4629 1826 4685 malarum

68 4723 502 4799 quserocatadpoenitcntiam;
523 4721 592 4793 quia
614 4737 673 4775 non
693 4734 759 4773 rere
788 4716 921 4773 socialem
975 4720 1120 4776 actionum
1135 4718 1258 4774 etcibus
1273 4721 1397 4788 etpotos
1416 4716 1593 4788 prohibetur,
1615 4733 1650 4771 ne
1667 4717 1732 4789 quis
1760 4735 1826 4790 par.

69 4818 281 4889 amplectuntnr
296 4814 394 4881 ritem,
413 4811 606 4883 voluptatibus
629 4809 794 4875 servientes,
811 4805 920 4862 abomi-
975 4809 1081 4881 ticipet.
1098 4808 1126 4863 Si
1139 4823 1207 4879 ergo
1223 4805 1306 4861 bonis
1321 4805 1491 4874 actionibus,
1504 4821 1569 4876 quae
1597 4810 1664 4860 sunl
1691 4805 1721 4861 in
1748 4808 1828 4863 omni

69 4906 175 4961 nabiles
189 4908 267 4959 sunt.
974 4913 1049 4963 vase,
1068 4896 1097 4952 id
1112 4896 1194 4951 estin
1217 4895 1297 4950 omni
1320 4893 1436 4949 homine
1462 4892 1610 4964 quodlibet
1643 4895 1828 4954 morticinum

100 4995 190 5051 usas.
215 4996 311 5049 2¹.-
333 4989 480 5061 Quidquid
507 4993 598 5044 eutem
621 4986 753 5053 ambulat,
783 4982 921 5049 aleonis
975 4985 1118 5052 inciderit,
1143 4983 1303 5039 necessario
1331 4982 1482 5037 immunda
1505 4980 1578 5035 actio
1607 4981 1670 5038 erit.
1694 4983 1723 5040 si
1749 4985 1828 5042 enirn

72 5104 130 5144 com
143 5089 205 5144 sint
218 5089 355 5154 incarne,
371 5102 429 5140 non
443 5084 599 5139 secundum
629 5097 744 5136 carnem
770 5079 921 5134 ambulant
975 5073 1190 5136 uenerationi,
1206 5071 1451 5143 superbiadolus,
1480 5069 1640 5140 hypocrisis
1667 5074 1710 5128 rel
1737 5075 1827 5146 quod-

74 5177 179 5248 (licor.
198 5176 344 5249 x),seda
373 5173 496 5230 sordidis
536 5171 698 5226 actionibus
725 5167 870 5234 exsiliunt,
894 5173 922 5222 et
975 5160 1250 5228 libetmorticinum,
1279 5160 1375 5225 idest,
1400 5158 1584 5230 participanti
1609 5165 1733 5217 mortem
1753 5163 1830 5219 inle-

74 5268 189 5325 lcnenis
214 5265 381 5322 hominibus
412 5261 631 5336 permiscentur,
659 5263 692 5313 ut
728 5258 871 5312 instruant
893 5263 922 5312 et
976 5269 1041 5307 rens
1056 5250 1199 5317 inciderit,
1226 5253 1255 5303 et
1272 5248 1319 5302 bic
1341 5247 1511 5302 immundus
1533 5248 1729 5305 erittbonam
1750 5253 1828 5307 enim

76 5360 201 5414 doceant:
222 5357 296 5412 sicut
312 5353 528 5409 Dominuscum
550 5347 746 5422 peccatoribus
770 5351 799 5401 et
825 5343 921 5416 publi·
976 5342 1117 5398 actionem
1133 5339 1208 5393 mala
1222 5337 1351 5391 incidens
1368 5336 1486 5391 intentio
1508 5337 1620 5407 polluit.

76 5445 334 5517 caislarum).
366 5442 475 5498 Habere
511 5456 562 5496 nos
590 5440 703 5510 oportet
727 5450 811 5491 crura
835 5435 922 5490 subli-
1025 5431 1105 5485 Vnae.
1136 5428 1179 5483 ti.
1203 5455 1239 5467 -
1272 5425 1391 5493 siresa
1432 5426 1517 5493 tuerit
1545 5440 1626 5496 super
1663 5443 1723 5483 eum
1746 5445 1830 5498 oque.

77 5537 156 5593 nien
169 5535 306 5611 pedibus,
329 5548 367 5588 ne
387 5529 580 5587 claudicemus
598 5530 721 5599 utroque
751 5523 832 5596 pede.
848 5522 921 5580 sicut
975 5522 1069 5592 (duo,
1083 5520 1177 5587 quast.
1194 5517 1229 5570 37
1258 5516 1289 5570 iu
1309 5514 1406 5584 Lavit.)
1446 5514 1486 5569 lio
1511 5530 1586 5584 vase,
1609 5515 1715 5573 scilicet
1751 5519 1830 5590 quod

222 5608 368 5674 Parnoi.
396 5603 506 5671 cxlll.
1513 5659 1519 5670 .
1613 5594 1650 5652 Η
