3892 6106
5 4812 9 4825 ·
98 4778 189 4834 donec
212 4777 389 4849 octingentos
412 4776 561 4832 occiderat.
582 4775 639 4831 Alii
660 4776 737 4832 hune
757 4777 843 4833 David
859 4777 948 4833 intel-

91 239 142 295 647
403 235 603 293 wesselum
622 235 746 292 srahel
764 236 863 294 FULD.
884 236 966 292 llos.
987 233 1068 291 OPP.
1085 233 1174 291 esus
1192 233 1214 288 l.
1227 260 1262 274 -
1281 230 1510 289 resonemus.
1793 227 1847 284 648

91 362 135 413 ter
148 356 372 419 observantium.
397 357 571 413 contribules
586 357 641 426 sui,
656 357 685 413 id
700 363 743 412 est
756 357 854 412 fideles
870 369 938 408 con·
952 358 976 411 A
1031 357 1113 410 llam.
1134 358 1176 410 ii.
1190 386 1225 395 -
1248 354 1390 411 thebites.
1414 352 1519 420 shohi,
1534 357 1567 409 ut
1585 351 1700 409 ilebrsei
1720 352 1845 418 tradant,

91 447 171 502 tinue
187 446 294 515 dolent,
308 451 337 502 et
359 447 441 518 quasi
463 452 573 518 septem
597 445 698 502 diebus
709 446 850 518 Jejunant.
878 445 943 498 i‘er-
995 442 1083 500 irater
1095 444 1150 499 fuit
1172 443 1228 497 issi
1242 442 1331 515 patris
1345 441 1444 510 David,
1459 443 1541 514 cujus
1563 442 1642 498 illins
1656 442 1714 498 init
1724 443 1845 508 Eleazar,

92 541 175 608 cepto
207 539 303 591 eutem
333 534 469 606 mysterio
496 540 601 590 octsvoe
628 534 685 590 diei
712 532 940 599 resurrectionis,
995 533 1046 605 qui
1061 532 1115 588 init
1128 533 1204 587 inter
1219 535 1278 586 tres
1300 530 1525 601 potentissimus,
1549 547 1625 604 quos
1649 531 1789 603 tesepbus
1805 531 1848 586 di·

94 626 208 697 utrique
220 629 358 696 perpetua
369 624 521 679 festivitate
536 623 714 695 gaudebunt.
995 621 1035 676 cit
1048 637 1110 676 esse
1126 620 1280 676 Eusebium
1299 619 1391 675 tilium
1406 620 1561 688 richimere,
1577 625 1607 676 et
1620 621 1743 676 Eleazar
1755 619 1847 675 illium

128 714 271 769 liorsliter
293 718 390 768 eutem
411 712 464 767 viri
492 712 583 768 sencti
614 712 792 767 detestentur
818 714 940 765 mortem
995 707 1382 775 hildensemensium
1398 708 1471 764 lieli.

93 802 260 874 impiorum,
283 807 311 856 et
335 802 466 873 exempla
488 817 587 856 eorum
614 801 768 872 sepultores
789 799 941 854 oblivionis
1030 799 1141 867 (Cane,
1162 797 1473 867 nemetensem.)
1499 795 1695 868 Cogitandnm
1719 811 1848 852 summo·

94 891 220 946 tradunt.
242 889 358 961 Septem
379 889 439 944 dies
459 889 602 961 jejunant,
618 889 647 944 id
662 893 805 943 estomne
827 891 942 958 tempus
995 902 1063 958 pere
1089 889 1143 954 est,
1173 890 1239 952 etc,
1267 900 1353 955 usque
1371 884 1409 941 ud
1432 889 1530 941 contm
1552 901 1583 941 se
1598 884 1713 958 rigidus
1732 884 1847 941 chama

92 979 181 1050 hujus
194 979 271 1045 vitae,
286 978 366 1050 quod
380 977 540 1050 septenario
553 977 666 1033 dierum
676 993 797 1032 numero
807 975 939 1042 solvitur,
995 973 1079 1029 licitis
1094 974 1263 1030 abstinebat.

94 1068 123 1122 in
137 1067 313 1122 continentis
337 1067 456 1135 ducunt,
472 1072 501 1123 et
514 1066 704 1123 abstinentab
720 1065 801 1122 omni
813 1068 889 1120 malo
904 1080 942 1119 ns
1031 1064 1111 1118 vias.
1137 1066 1182 1119 21.
1204 1092 1241 1104 -
1262 1065 1455 1120 Verumtamen
1481 1079 1567 1135 moue
1590 1063 1629 1119 od
1652 1068 1709 1119 tres
1732 1064 1844 1134 primes.

94 1156 227 1212 similiter
242 1156 411 1212 moriantur.
996 1151 1046 1207 ilic
1073 1156 1193 1223 apparet
1220 1153 1296 1224 quod
1323 1151 1418 1207 Abissi
1442 1152 1578 1225 princeps
1602 1156 1665 1209 erst
1691 1152 1770 1207 inter
1794 1155 1846 1207 tres

995 1245 1155 1311 sequentes.
1183 1240 1238 1296 Sed
1262 1241 1298 1295 ad
1325 1245 1390 1304 tres
1408 1241 1518 1313 primos
1542 1257 1602 1297 non
1626 1239 1772 1313 pervenit,
1791 1241 1845 1296 tes·

432 1295 545 1352 CAPUT
560 1296 604 1351 m·
995 1329 1089 1396 haam,
1103 1331 1269 1386 Eleazarum
1283 1334 1312 1385 et
1324 1330 1467 1385 Semmss.

128 1423 208 1478 Vens.
237 1424 264 1479 3.
291 1451 326 1464 -
353 1422 482 1492 Majores.
520 1420 612 1492 (lise.)
638 1419 790 1489 Prophetae
819 1417 943 1490 apostoli
1031 1418 1143 1489 Mystico
1156 1422 1252 1473 autem
1267 1417 1446 1489 significatur
1463 1417 1541 1491 quod
1564 1434 1651 1473 nemo
1673 1421 1843 1483 sanctoruni,

91 1510 154 1582 pari
175 1510 325 1566 devotione
340 1510 375 1565 ad
391 1510 534 1565 Christum
557 1512 731 1562 concurrunt
745 1507 822 1562 unde
838 1524 845 1562 :
862 1510 941 1579 Prin·
996 1506 1063 1562 licet
1083 1506 1236 1562 virtutibus
1262 1508 1398 1576 emineat,
1425 1507 1460 1563 sd
1490 1507 1686 1579 aequalitatem
1713 1505 1843 1578 potentie

92 1603 164 1669 cipes
187 1600 283 1669 populi
303 1603 484 1654 conuenerunt
497 1600 528 1653 in
542 1613 625 1652 unum
646 1612 707 1652 eum
727 1599 779 1652 Deo
800 1596 941 1652 Abrohom
997 1594 1088 1651 Patris
1100 1601 1129 1649 et
1143 1595 1207 1650 Filii
1221 1600 1250 1650 et
1265 1595 1389 1667 Spiritus
1405 1595 1497 1650 sancti
1517 1595 1678 1666 perveniet.
1695 1595 1842 1663 Quoniam,

94 1688 179 1756 (Psoi.
194 1686 237 1758 n).
997 1687 1060 1756 quis
1099 1687 1127 1740 tn
1154 1686 1270 1742 nuditus
1307 1686 1463 1757 aeqmsbttur
1499 1688 1632 1742 Domino?
1671 1691 1726 1741 etc.
1767 1686 1842 1756 (Psoi.

130 1777 208 1831 linas.
226 1779 252 1832 5.
275 1805 312 1816 -
331 1777 526 1845 Diueruntque.
552 1775 645 1829 Caecos
671 1779 701 1828 et
721 1773 836 1828 claudos
859 1780 888 1829 et
902 1775 943 1829 le-
997 1773 1146 1840 birrum.)

92 1881 192 1937 prosos
207 1866 242 1921 ad
256 1869 455 1936 contemptum
469 1863 543 1933 regis
562 1866 717 1918 statuentes
731 1877 817 1933 super
831 1878 940 1930 muros,
1033 1861 1114 1914 Vens.
1137 1862 1181 1913 m.
1202 1888 1240 1901 —
1260 1859 1340 1916 Arist
1357 1859 1447 1926 Moab,
1472 1858 1502 1914 id
1525 1862 1567 1913 est
1587 1858 1701 1927 leones,
1724 1857 1799 1914 sicut
1817 1858 1842 1912 in

93 1953 257 2008 etdicentes
270 1953 340 2024 quin
352 1952 565 2023 prohibuerunt
579 1967 645 2006 eum
660 1950 727 2006 caeci
743 1955 772 2006 et
784 1950 887 2006 claudi.
997 1948 1106 2018 Regum
1133 1948 1247 2016 dicitur,
1278 1948 1355 2003 viros
1383 1949 1491 2004 scilicet
1512 1948 1686 2005 fortissimos
1709 1948 1741 2004 in
1761 1964 1841 2020 regno

128 2041 250 2111 Mystice,
275 2040 361 2094 David
380 2039 542 2094 iebusaeum
563 2038 598 2093 de
624 2039 783 2093 ierusalem
814 2037 941 2109 ejiciens,
997 2037 1078 2092 ldoab
1093 2041 1231 2107 tannsm
1247 2037 1356 2092 leones.

92 2127 235 2198 significet
252 2127 394 2182 Christum
410 2126 555 2181 doemones
570 2126 761 2197 expellentem
777 2142 794 2180 s
808 2125 942 2180 cordibus
1031 2127 1170 2191 interfecit
1194 2127 1302 2181 honen.
1327 2125 1464 2180 liebroens
1485 2125 1563 2180 bunc
1577 2125 1692 2180 leonem
1713 2125 1786 2179 loab
1800 2141 1842 2179 sr-

92 2216 234 2282 iidelium,
258 2220 286 2270 et
309 2214 417 2270 ibidem
445 2215 625 2270 mansionem
649 2231 731 2269 suam
758 2217 941 2269 statuentem.
997 2212 1129 2279 bitratnr,
1143 2213 1194 2285 qui
1209 2213 1239 2267 in
1258 2214 1344 2269 domo
1364 2213 1480 2268 Domini
1495 2218 1595 2268 tenens
1616 2229 1726 2269 cornua
1753 2213 1843 2269 altaris

92 2304 238 2359 iebusaeus
263 2303 339 2358 enim
363 2301 569 2374 interpretetur
590 2304 770 2369 conculcatus,
785 2302 943 2358 Jerusalem
997 2302 1105 2357 occisus
1126 2307 1179 2357 est.
1202 2301 1298 2358 Altare
1322 2302 1400 2357 enim
1417 2302 1541 2356 cisterna
1559 2301 1674 2368 dicitnr,
1694 2302 1765 2374 quia
1778 2301 1844 2357 sicin

92 2395 162 2448 nisio
188 2393 274 2466 pecie.
302 2391 380 2446 Unde
396 2396 424 2446 et
451 2391 599 2462 discipulis
624 2390 682 2446 suis
708 2391 767 2445 ait:
794 2393 861 2447 Ecce
880 2389 945 2444 dedi
996 2407 1071 2462 uqira
1086 2389 1215 2445 cistemae
1230 2392 1359 2458 mundet,
1372 2390 1412 2446 its
1424 2391 1618 2446 sanctuarinm
1631 2389 1685 2446 Dei
1699 2390 1842 2447 bominum

91 2480 166 2536 uobis
182 2485 340 2550 potestatem
364 2480 490 2535 calcandi
514 2493 596 2548 super
623 2483 767 2548 serpentes,
794 2483 846 2533 etc.
867 2479 941 2548 (buc.
997 2480 1091 2551 expiat
1105 2484 1229 2550 peccota.

92 2571 129 2640 x).
161 2571 236 2625 Bene
258 2586 328 2641 ergo
350 2569 382 2623 in
395 2568 506 2639 Regum
529 2569 666 2641 scriptum
689 2573 743 2635 est,
758 2569 833 2640 quod
848 2568 944 2639 ejectis
1034 2568 1128 2638 (lisa.)
1145 2567 1450 2639 Dusmliberiiegum,
1466 2566 1845 2637 etc.,uspueedetbastsm

92 2658 174 2713 eaecis
198 2663 224 2711 ei
245 2656 354 2712 claudis
376 2657 427 2729 qui
442 2656 577 2712 odiebant
597 2655 734 2722 enimam,
760 2656 848 2711 David
867 2655 944 2727 cepit
998 2673 1085 2730 quem
1098 2673 1157 2711 non
1172 2661 1248 2711 recte
1264 2656 1390 2724 tenebat,
1406 2656 1533 2711 extorsit.

92 2762 187 2801 arcem
211 2745 290 2812 Sion,
317 2760 457 2816 suamque
481 2744 624 2800 civitatem
643 2745 764 2811 vocavit,
789 2744 858 2815 quis
873 2743 943 2799 dum
1035 2748 1161 2815 Tempore
1193 2747 1275 2800 niue.
1310 2744 1373 2810 Due
1395 2749 1489 2815 potest
1517 2741 1611 2815 gratis
1640 2743 1755 2807 Christi,
1784 2759 1845 2815 qim

92 2834 222 2890 Christus
250 2833 391 2905 malignos
419 2833 536 2905 spiritus
558 2838 585 2889 el
606 2834 721 2889 turbam
748 2832 885 2888 vitiorum
908 2832 944 2887 de
997 2833 1106 2888 mundo
1131 2832 1318 2904 resplenduit,
1343 2839 1372 2887 et
1390 2832 1483 2904 frigus
1503 2831 1660 2899 charitatis,
1685 2848 1745 2904 quo
1767 2831 1846 2887 retri-

92 2924 190 2978 anima
214 2922 340 2995 expellit,
370 2922 539 2978 illuminsns
566 2939 630 2978 eam
659 2921 810 2993 sapientia,
840 2921 943 2976 merito
959 2932 980 2987 c
999 2927 1117 2992 gescunt
1139 2921 1281 2988 homines,
1304 2920 1469 2992 signiilceri.
1493 2920 1614 2975 Densius
1628 2936 1707 2990 vero,
1721 2920 1772 2993 qui
1783 2919 1849 2975 edi·

92 3028 143 3068 arx
156 3012 235 3079 Sion,
247 3011 276 3066 id
298 3016 340 3065 est
362 3010 565 3081 speculationis
586 3016 613 3065 et
636 3011 707 3065 visio
720 3010 799 3082 pacis
814 3015 941 3076 vocatur,
998 3014 1093 3072 tentor
1120 3013 1248 3066 Dominus
1275 3010 1489 3083 interpretatur,
1519 3009 1665 3066 Christum
1695 3009 1844 3081 significat,

93 3101 128 3157 de
156 3116 213 3172 qua
244 3103 319 3155 recte
348 3098 453 3154 dicitur
479 3099 552 3171 psal.
585 3116 654 3155 nxxv
679 3116 686 3155 :
714 3101 768 3158 Nos
792 3102 821 3154 in
848 3099 944 3154 ludeo
998 3100 1111 3170 dequo
1139 3098 1260 3153 dicitur:
1286 3099 1435 3168 AEdificons
1460 3099 1609 3155 tenentem
1630 3101 1772 3167 Dominus,
1795 3104 1845 3154 etc.

92 3189 367 3258 Deus‚etin1sroel
388 3203 518 3257 mopnum
541 3204 636 3244 nomen
659 3190 726 3259 ejus.
750 3192 786 3244 Et
800 3191 891 3256 sectus
905 3192 945 3243 est
1000 3189 1097 3257 (Psoi,
1123 3186 1222 3258 crevi.)
1239 3187 1287 3242 llic
1302 3188 1392 3242 multa
1406 3204 1494 3259 opera
1513 3187 1702 3259 perpetravit,
1719 3188 1771 3260 qni
1785 3187 1846 3243 ait:

93 3276 123 3327 in
136 3288 204 3343 poce
218 3274 289 3327 loom
306 3273 375 3340 ejus.
1001 3279 1082 3334 Pater
1099 3292 1173 3332 meus
1187 3292 1272 3347 usque
1293 3276 1371 3332 modo
1393 3282 1532 3347 operatur,
1545 3283 1571 3333 et
1584 3292 1632 3346 epo
1646 3292 1743 3348 operor
1763 3279 1846 3348 (less.

130 3362 210 3416 Vens.
234 3362 260 3414 8.
289 3388 323 3402 -
345 3359 420 3415 Joob
448 3365 538 3416 cutm
565 3362 672 3430 reliquo
698 3361 774 3416 urbis
794 3363 943 3418 eustmtstt.
998 3367 1035 3429 sl.
1052 3365 1102 3420 iiic
1116 3369 1159 3420 est
1180 3364 1216 3420 de
1239 3365 1365 3431 Cabseel,
1381 3366 1409 3420 id
1424 3371 1476 3431 est,
1499 3365 1534 3421 de
1554 3366 1779 3438 congregatione
1794 3367 1845 3421 Do·

94 3451 148 3504 Per
161 3446 331 3503 iudustriam
356 3447 433 3502 enim
454 3447 554 3503 militis
577 3449 720 3504 civitatem
743 3449 876 3505 munivit.
894 3450 944 3505 to·
999 3453 1082 3519 mini,
1104 3453 1172 3525 quia
1186 3453 1221 3508 ed
1238 3469 1304 3508 eum
1324 3453 1418 3508 omnis
1437 3458 1601 3510 sanctorum
1617 3458 1707 3510 cretus
1726 3454 1847 3527 pertinet

94 3536 199 3609 sephus
218 3540 315 3591 temen
330 3534 401 3589 dicit
421 3535 510 3591 David
533 3537 710 3608 superiorem
725 3538 868 3593 civitatem
881 3553 945 3592 mu·
998 3543 1049 3615 qui
1073 3542 1248 3598 descendens
1271 3542 1305 3597 de
1325 3542 1414 3607 coelis,
1439 3547 1468 3597 et
1490 3543 1580 3598 iectus
1603 3543 1702 3608 bomo,
1725 3544 1846 3609 leonem,

94 3624 180 3693 nisse,
212 3623 297 3695 eique
328 3623 491 3694 copulando
516 3639 612 3678 arcem
635 3640 727 3679 unum
748 3641 851 3696 corpus
876 3625 943 3680 etie-
997 3630 1026 3686 id
1042 3636 1085 3686 est
1107 3630 1254 3686 diabolum
1273 3630 1324 3702 qui
1342 3630 1519 3686 infidelitatis
1539 3631 1723 3704 seufrigore
1737 3638 1847 3704 torpen-

94 3713 165 3768 cisse
195 3716 223 3767 et
250 3717 352 3767 cuncte
379 3727 463 3767 muro
491 3712 718 3769 circumdedisse.
748 3713 839 3784 Super
871 3730 944 3785 opus
999 3725 1058 3774 tem
1081 3719 1224 3774 mundum
1247 3719 1421 3791 possidebat,
1445 3725 1537 3775 morte
1556 3736 1608 3775 sua
1627 3720 1805 3776 interficiens
1817 3721 1845 3776 in

94 3807 192 3858 numm
217 3816 366 3856 murorum
387 3800 567 3856 constituisse
591 3803 687 3869 Jacob,
704 3802 846 3873 expulisse
858 3803 943 3857 tohu·
999 3808 1143 3863 infernum
1167 3808 1314 3863 demersit.
1332 3809 1382 3863 ilic
1400 3808 1576 3880 AEgyptium,
1594 3807 1622 3863 id
1638 3814 1693 3875 est,
1706 3808 1847 3865 Antichri-

94 3906 166 3948 saeos
187 3895 216 3946 et
233 3890 440 3963 lerosolymam
465 3906 587 3946 vocasse.
611 3891 677 3946 tero
702 3891 781 3946 enim
806 3891 944 3947 iiebraice
999 3903 1076 3951 stum
1099 3896 1222 3967 peccatis
1247 3895 1449 3967 nigerrimum,
1469 3896 1499 3952 id
1513 3897 1697 3969 estquinqus
1722 3897 1847 3953 sensibus

96 3980 219 4037 munitio
248 3984 300 4035 est.
338 3980 465 4036 Christus
491 3996 606 4052 quoqne
631 3980 663 4034 in
686 3980 785 4035 tudseu
816 3980 943 4051 primurn
999 3986 1128 4057 corporis
1140 3985 1306 4041 abutentem
1320 3984 1358 4040 nd
1370 3986 1487 4053 scelera,
1502 4001 1554 4057 per
1570 3985 1681 4058 virgam
1696 3987 1847 4043 cruciem-

94 4069 278 4140 Evangslinm
293 4068 465 4140 predicavit.
481 4069 515 4124 Et
529 4069 677 4124 ecclesiam
693 4068 760 4123 tidei
775 4085 834 4123 sum
848 4069 944 4125 muni·
998 4089 1114 4144 perans,
1131 4074 1248 4145 pmpris
1261 4089 1343 4128 reum
1359 4073 1490 4145 nequitia
1503 4073 1607 4130 virtute
1622 4074 1773 4131 damnavit
1786 4090 1846 4147 per·

94 4159 172 4214 tione
195 4157 330 4212 firmavit.
356 4157 437 4226 Joeb,
467 4156 517 4228 qui
546 4156 658 4228 reliqua
691 4157 770 4213 urbis
796 4158 944 4228 exstruxit,
998 4165 1096 4233 petua.
1121 4162 1266 4218 lndiebus
1288 4162 1371 4228 nivis,
1392 4162 1461 4234 qnia
1481 4178 1534 4234 per
1553 4166 1678 4219 mortem
1703 4169 1848 4234 peccetum

96 4246 238 4319 significet
262 4245 408 4317 apostolos
439 4249 469 4299 et
496 4245 667 4316 apostolicos
701 4245 776 4300 viros
804 4246 855 4317 qui
880 4219 980 4317 post⁰
1000 4249 1134 4320 expiavit.
1162 4249 1263 4305 Unde:
1284 4249 1403 4306 Lavobis
1427 4266 1469 4306 me
1495 4254 1521 4306 et
1533 4265 1617 4322 super
1639 4253 1732 4307 niuem
1742 4251 1848 4307 mana·

96 4335 290 4391 escensionem
314 4333 426 4388 Domini
452 4333 593 4403 plurimos
620 4334 803 4404 degentibus
828 4351 948 4392 conver·
1000 4338 1048 4394 bor
1063 4339 1147 4407 (Psoi.
1164 4338 1201 4408 e).

95 4428 214 4491 terunt;
230 4421 307 4477 unde
321 4438 329 4476 :
344 4423 392 4477 Dei
406 4420 545 4491 adjutores
560 4437 662 4490 sumus,
675 4424 724 4476 Dei
738 4426 810 4491 apri.
1035 4429 1116 4482 Vens.
1141 4427 1186 4481 24.
1220 4456 1255 4466 -
1284 4428 1358 4482 inter
1382 4432 1447 4482 tres.
1476 4426 1572 4484 Abissi
1597 4436 1627 4483 st
1657 4427 1800 4485 sobochai
1824 4431 1849 4484 et

133 4514 214 4568 Vens.
240 4516 283 4568 il.
308 4542 343 4553 -
369 4511 505 4567 testeam.
536 4511 675 4580 (hieros.)
702 4512 783 4567 iiunc
807 4513 948 4584 losepbus
998 4515 1150 4581 tonsthan,
1176 4514 1281 4587 quibus
1296 4514 1403 4571 viribus
1427 4516 1608 4588 sequabatur,
1622 4515 1674 4589 qni
1689 4524 1754 4574 erat
1768 4531 1848 4590 super

97 4601 251 4657 Eusebium
267 4598 408 4664 nominat,
421 4604 450 4654 et
463 4598 556 4653 tilium
571 4598 671 4654 dicunt
682 4599 835 4666 Achimeae,
852 4601 902 4673 qui
917 4601 948 4656 in
1000 4604 1128 4675 triginta,
1141 4602 1216 4659 sicut
1230 4603 1365 4659 iiobraens
1381 4604 1515 4660 aiilrmat.

97 4689 188 4745 aciem
211 4688 337 4744 bostium
360 4687 525 4759 frequenter
548 4687 722 4758 irrumpens,
744 4705 802 4744 nun
821 4692 949 4746 cessabat
1333 4745 1445 4800 CAPUT
1463 4745 1521 4802 KH·

98 4869 202 4940 ligunt,
219 4865 288 4939 quia
311 4866 433 4922 tesbaen
457 4866 662 4936 interpretetur
685 4867 779 4922 sedens
795 4869 824 4922 in
836 4869 946 4938 populo.
1037 4870 1117 4924 Vres.
1136 4873 1178 4924 lt.
1202 4901 1236 4911 —
1250 4873 1288 4926 iii
1304 4887 1409 4942 quoque
1427 4877 1566 4928 venerunt.
1595 4873 1656 4928 ilus
1678 4889 1771 4947 usqne
1785 4888 1847 4929 sna·

98 4955 240 5012 Ahsmoni
259 4971 326 5010 sero
346 4953 582 5026 sapientissimus.
610 4954 685 5010 unde
708 4954 738 5010 in
754 4957 865 5026 Regum
880 4956 948 5010 scri·
1001 4957 1121 5012 merarii
1133 4957 1220 5014 fortes
1240 4959 1328 5015 David
1342 4960 1392 5032 qui
1404 4960 1577 5033 adjuverunt
1589 4976 1657 5017 eum
1673 4967 1707 5017 nt
1721 4964 1846 5035 regnaret

98 5044 197 5099 bitur:
226 5043 325 5101 Sedens
355 5046 385 5099 in
410 5042 541 5098 cathedre
572 5045 788 5112 sapientissimus
813 5043 857 5115 (il
881 5047 946 5112 ilep.
1000 5061 1087 5117 super
1101 5045 1200 5101 isreel.

98 5133 191 5204 xxiii).
222 5132 275 5188 Sed
303 5131 343 5186 ibi
378 5130 533 5185 vermiculo
559 5130 630 5203 ligni
657 5135 849 5202 comparetur,
880 5132 949 5204 quia
1038 5135 1092 5201 Qut
1105 5139 1183 5189 munt
1200 5136 1356 5205 tortissimi,
1370 5140 1423 5193 etc.
1437 5137 1601 5193 Secundum
1616 5138 1747 5196 litteram
1764 5139 1848 5211 signi·

99 5221 284 5277 minuebatur
297 5219 340 5274 iiii
360 5219 499 5291 sapientia
517 5224 635 5291 propter
651 5223 811 5290 peccatum,
826 5220 903 5291 quod
917 5220 948 5277 in
1001 5223 1068 5279 iicat
1091 5239 1139 5279 eos
1161 5223 1250 5294 egiles
1273 5241 1334 5280 esse
1357 5231 1385 5280 et
1409 5231 1541 5283 strenuos
1565 5228 1775 5299 omnigeners
1795 5228 1848 5285 bei·

101 5309 199 5365 Uriam
210 5308 402 5364 commiserat.
420 5307 498 5364 Unde
512 5307 554 5363 ibi
569 5307 749 5381 octingentos
765 5325 822 5364 uno
838 5309 949 5380 impetu
1001 5310 1091 5366 tendi.
1111 5311 1227 5383 Mystico
1249 5328 1316 5368 nero
1333 5312 1440 5369 milites
1463 5313 1567 5369 Christi
1591 5329 1651 5370 non
1666 5330 1781 5388 segnes,
1804 5311 1848 5371 sed

99 5397 286 5463 interfecisse,
309 5396 356 5452 hic
369 5401 467 5453 autem
486 5401 639 5467 trecentos,
662 5414 715 5469 pro
737 5402 854 5471 peccato
869 5399 948 5455 enim
1002 5399 1146 5455 studiosos
1168 5400 1303 5456 describit
1329 5401 1359 5457 in
1386 5400 1532 5474 pmspsris
1555 5407 1585 5459 et
1609 5403 1643 5460 in
1670 5404 1810 5473 advenis,
1833 5417 1848 5457 s

100 5486 242 5541 minorata
256 5489 298 5540 est
311 5485 397 5541 lama.
1002 5487 1109 5544 dextris
1122 5493 1150 5544 et
1164 5505 1180 5545 a
1194 5488 1328 5546 sinistris.
