3892 6106
94 216 99 228 ‘
129 210 183 265 :tt
437 209 635 266 wibertum
654 210 778 267 §Turul
798 212 895 268 FULD.
918 210 999 267 tlon.
1020 211 1097 268 OPP.
1118 212 1207 268 PARS
1225 213 1246 268 1.
1267 240 1302 252 ·-·
1320 209 1549 268 Theouoclce.
1828 210 1881 265 220

125 333 220 389 henda
237 338 280 389 est
304 334 521 399 etooarctanda,
547 335 648 390 uehac
662 339 748 406 atque
763 334 830 389 illue
850 333 971 390 circam·
989 337 1009 392 ll
1023 335 1107 408 juxta
1119 335 1224 391 ostium
1238 334 1385 408 positurus
1399 339 1453 402 est,
1469 339 1503 390 ut
1514 333 1551 390 ad
1566 350 1685 390 manum
1695 333 1880 391 haheatdum

123 422 203 479 fluat.
220 421 357 491 Cingulus
371 438 438 478 vero
453 423 592 478 modestia
606 427 648 477 est
671 428 699 477 et
716 423 839 494 diligens
860 423 973 480 risendi
1027 424 1126 497 tingit.

126 510 210 579 ratio,
226 511 513 582 quaenosmonctad
533 511 740 577 necessitatem,
755 527 812 566 uon
838 511 875 566 ad
894 512 972 566 rolu-
1063 515 1144 569 Voss.
1170 516 1258 570 ils-29.
1288 543 1322 556 —
1348 516 1382 569 Et
1408 528 1462 568 non
1488 514 1559 567 sinet
1589 527 1782 581 percussorem,
1824 515 1877 564 etc·

125 603 245 669 piebem,
261 599 347 653 rebus
361 598 412 654 uti.
430 599 550 653 Baculus
564 614 622 671 qao
646 598 719 653 feras
743 598 920 668 repellimus,
945 604 973 654 el
1026 602 1144 674 (Scaea.)
1171 602 1270 657 Utrum
1290 616 1441 673 percussor
1463 601 1555 655 bonus
1581 601 1699 671 angelus
1724 616 1763 655 aa
1786 601 1879 653 malus

126 702 337 759 nonuunqsam
359 692 565 757 sustentamur,
576 702 640 758 spes
659 691 710 740 est.
728 687 764 741 Ex
784 686 851 758 igne
875 693 972 743 aulem
1026 691 1124 759 fuerit,
1151 707 1209 745 non
1237 705 1353 745 necesse
1378 694 1421 743 est
1445 688 1577 760 inquiri:
1603 688 1769 759 quicunque
1802 687 1880 742 enim

125 776 220 830 solum
249 776 329 830 cibus
357 775 440 831 nohis
468 774 632 846 propositus
653 779 705 842 est,
735 776 869 846 quoniam
893 776 971 845 fides,
1025 780 1090 846 luit,
1107 783 1248 851 praecepto
1258 778 1517 834 Dominiobedirit.
1529 776 1681 833 Sciendum
1694 781 1791 831 tamen
1802 777 1878 847 quod

125 881 190 937 qaae
205 864 366 936 percibum
381 864 463 919 illum
478 864 665 935 significatur,
689 864 891 920 ardentissima
910 882 972 922 esse
1026 869 1103 941 qaod
1118 869 1188 923 tales
1203 873 1298 939 pestes
1313 867 1382 922 mali
1397 865 1492 938 augeli
1511 865 1604 920 iacere
1629 866 1733 933 solent,
1754 864 1878 936 permis·

125 954 220 1018 debet,
238 952 308 1008 nihil
323 953 477 1009 humidum
489 959 538 1009 aat
551 953 637 1007 labile
653 950 813 1024 possidens.
1025 958 1105 1014 sione
1122 956 1180 1011 liei.

162 1042 249 1096 Pbose
280 1041 414 1096 Hebraico
442 1045 484 1096 est
504 1043 605 1097 Pesoob
631 1052 704 1110 Πῡε,
741 1042 835 1097 Graeee
861 1042 969 1112 Πάσχα,
1062 1044 1210 1101 Decimum
1237 1049 1413 1115 praeceptum
1438 1047 1502 1097 est:
1534 1045 1593 1099 Nou
1621 1044 1791 1112 concupisces
1821 1056 1878 1096 rent

125 1127 156 1184 id
171 1132 223 1196 est,
237 1131 390 1195 transtrum
411 1129 479 1200 qaia
498 1129 594 1183 aliliis
610 1129 697 1183 lsrael
720 1145 754 1184 ex
772 1130 892 1201 AEgypto
917 1130 971 1184 mi·
1022 1137 1146 1206 proetmi
1160 1135 1211 1199 tui,
1227 1138 1280 1190 etc.
1306 1131 1377 1187 lluic
1401 1130 1544 1185 contraria
1569 1134 1613 1184 est
1640 1129 1751 1185 decima
1776 1129 1874 1202 plaga,

125 1217 276 1288 grantibus
303 1216 432 1288 primum
459 1218 633 1273 celebratum
656 1223 719 1273 est:
754 1218 836 1273 nobis
856 1234 971 1290 quoque
1024 1239 1102 1279 mors
1116 1222 1385 1294 primogenitorum.
1403 1222 1464 1276 Alio
1479 1226 1621 1294 praecepto
1638 1221 1748 1276 furlum
1773 1219 1877 1291 prohi-

125 1305 309 1376 migrandam
323 1310 366 1361 est
381 1307 417 1362 de
433 1306 604 1362 transitoriis
622 1307 657 1360 ad
679 1312 795 1375 aeterna,
821 1306 857 1362 de
881 1311 970 1363 terre·
1024 1311 1120 1380 betur,
1133 1327 1190 1383 quo
1206 1317 1234 1366 et
1248 1310 1349 1382 rapina
1364 1311 1538 1366 damnatur:
1555 1311 1638 1381 pejus
1652 1307 1730 1364 anim
1751 1313 1795 1363 est
1818 1309 1878 1363 eri·

125 1393 171 1450 nis
186 1394 222 1449 ad
237 1395 369 1450 coelestia:
1025 1417 1093 1473 pare
1116 1400 1256 1454 violenter
1276 1415 1364 1470 quam
1389 1400 1518 1454 latenter.
1544 1399 1664 1453 halerre
1685 1413 1754 1468 ergo
1776 1398 1878 1452 volens

162 1484 243 1539 Vnus.
267 1487 310 1551 12,
335 1486 377 1539 te.
403 1485 490 1539 -ln
513 1485 616 1538 eunctis
636 1482 701 1549 diis,
723 1485 775 1538 cto.
791 1483 896 1538 Ferant
913 1485 970 1539 He-
1025 1489 1177 1560 apertorel
1201 1488 1309 1542 occulto
1325 1492 1501 1558 praeceptum
1528 1502 1613 1541 suum
1645 1485 1755 1540 habet:
1775 1499 1877 1539 conca·

125 1572 197 1627 hraei
210 1572 278 1643 quia
288 1571 385 1627 omnia
397 1571 482 1644 idola}
495 1572 608 1644 AEgypti
631 1572 775 1627 confracta
799 1575 865 1626 sunt
887 1577 970 1627 nocte
1029 1577 1137 1649 piscare
1161 1581 1259 1631 autem
1284 1591 1347 1630 rem
1371 1575 1504 1647 proximi,
1527 1574 1641 1630 etiamsi
1663 1575 1742 1645 justa
1770 1588 1879 1628 succes·

126 1659 176 1715 illa
189 1663 217 1715 et
230 1661 348 1731 templa,
364 1661 408 1716 rel
424 1664 613 1726 motuterrae,
630 1660 673 1715 vel
684 1660 810 1716 flaminis
819 1659 877 1717 Nili
889 1659 975 1716 inuu-
1030 1665 1112 1720 sione
1123 1681 1245 1736 quaeras,
1261 1680 1320 1719 nou
1335 1663 1410 1720 licet.
1423 1663 1478 1729 Oai
1492 1663 1570 1718 enim
1582 1663 1681 1719 volunt
1701 1678 1747 1717 res
1770 1661 1879 1717 alienas

127 1748 252 1803 datione.
265 1748 421 1821 dllegorice
444 1765 511 1805 vero
530 1748 614 1804 nohis
633 1748 847 1819 egredientibus
870 1765 904 1804 ax
928 1751 976 1804 AE·
1031 1758 1170 1825 tanquam
1179 1754 1256 1824 juste
1271 1753 1427 1823 possidere,
1449 1757 1477 1825 at
1504 1753 1632 1807 heredes
1659 1756 1794 1824 queeruut
1815 1767 1878 1806 mo·

126 1843 215 1911 gypto
230 1853 361 1894 errorum
375 1838 451 1893 idola
465 1841 614 1902 corruunt,
629 1837 761 1892 etomnis
774 1851 976 1908 perversorum
1030 1843 1171 1899 cientibus
1187 1842 1243 1896 illis
1257 1857 1328 1896 esse.
1346 1843 1417 1897 Cum
1433 1841 1531 1897 laudas
1555 1856 1616 1897 rem
1642 1840 1773 1896 relictam
1797 1840 1880 1912 qnasi

127 1926 295 1997 dogmatum
309 1926 421 1982 cultura
436 1927 573 1999 quatitur.
1027 1931 1093 2003 jure
1109 1930 1314 2003 possidentem,
1332 1931 1406 1984 lleus
1430 1930 1548 1985 damnat
1570 1929 1676 2000 injuste
1700 1929 1875 2000 cupientem.

164 2015 247 2071 Vens.
266 2018 357 2071 ll-ll.
386 2046 419 2057 -
441 2015 581 2070 debebitis
609 2018 699 2068 cutem
720 2013 789 2069 huno
811 2013 892 2081 dum,
921 2019 974 2072 etc.
1030 2020 1084 2085 Qui
1098 2019 1176 2074 euim
1189 2018 1295 2091 queris
1308 2018 1344 2072 ab
1363 2017 1460 2089 aliquo
1481 2018 1573 2074 hmras
1596 2017 1670 2080 lieri,
1696 2033 1756 2072 non
1781 2018 1823 2071 sis
1848 2024 1879 2071 at

128 2102 218 2171 (aaa,
231 2106 262 2159 ²71
274 2103 364 2159 Εωθᾶ·
379 2109 474 2175 dmi·
489 2105 534 2168 ⁴32
551 2107 623 2157 l0¹1¹·
643 2101 701 2173 lll.)
716 2102 757 2157 El
774 2104 884 2170 satietis
905 2102 977 2158 diem
1030 2109 1134 2165 haheat
1147 2107 1285 2173 haeredes,
1301 2107 1332 2161 iu
1346 2107 1451 2178 quibus
1462 2107 1534 2162 nihil
1547 2106 1661 2162 charius
1680 2105 1879 2177 primogenitis

128 2193 200 2247 nune
214 2195 243 2247 in
259 2195 402 2264 propenies
417 2199 520 2248 oestrus
536 2192 696 2259 tepitr'rnum,
707 2196 837 2246 aeman
849 2192 977 2248 veleter-
1031 2201 1083 2253 est.
1100 2198 1167 2251 lure
1182 2211 1250 2266 ergo
1266 2194 1297 2249 ia
1311 2194 1512 2266 primogenitis
1532 2194 1589 2249 tais
1611 2194 1735 2265 puniris,
1757 2193 1809 2265 qui
1830 2208 1878 2247 cu·

127 2281 216 2335 nalem
229 2299 237 2348 ;
250 2282 329 2353 quod
343 2283 438 2337 Croece
451 2280 555 2335 dicitur
569 2281 681 2348 eleana,
698 2295 755 2334 non
766 2279 806 2334 sic
830 2279 975 2350 accipien·
1030 2285 1134 2358 pianda
1148 2300 1192 2339 res
1206 2283 1325 2347 alienas,
1342 2283 1424 2355 quasi
1434 2283 1508 2354 juris
1521 2283 1653 2338 umbram
1668 2281 1822 2354 perquiris,
1840 2286 1877 2348 et,

127 2368 197 2423 dum
213 2375 264 2437 est,
285 2374 352 2439 etc„
367 2384 452 2438 nsque
466 2367 593 2423 edomui
604 2372 735 2438 tempore
746 2367 896 2438 presentis
910 2368 977 2422 aitte
1029 2391 1095 2448 quae
1111 2373 1231 2429 meliora
1243 2377 1320 2442 suut,
1336 2373 1428 2428 cordis
1437 2371 1629 2443 primogenita
1643 2371 1748 2443 perdis.
1772 2370 1881 2425 Primo·

128 2458 295 2530 simplicitas
305 2458 454 2525 servanda,
471 2457 581 2513 malitia
594 2457 729 2512 cavenda.
1029 2463 1127 2534 genita
1138 2461 1256 2532 quidem
1270 2459 1342 2515 lldes
1356 2464 1407 2516 est.
1436 2462 1526 2514 Nemo
1547 2459 1626 2515 enim
1644 2459 1721 2514 bona
1745 2458 1823 2526 lacit,
1848 2458 1878 2511 in

163 2548 245 2603 Vens.
277 2550 370 2604 18-20.
399 2549 491 2603 Primo
516 2560 605 2613 mene
636 2549 737 2615 quarto
773 2545 886 2615 moieno,
920 2551 974 2600 etc.
1029 2567 1086 2625 quo
1099 2551 1170 2605 lides
1185 2565 1243 2604 nou
1260 2548 1416 2620 precessit.
1432 2548 1535 2604 Omnia
1550 2563 1637 2619 opera
1650 2548 1725 2602 bona
1739 2550 1807 2602 sunt
1825 2546 1879 2600 lilii

127 2636 217 2706 (Rau.)
245 2638 366 2706 lllpstioe.
399 2636 521 2707 Vespera
548 2633 645 2706 quarti
668 2633 772 2688 decimi
806 2635 862 2689 diei
889 2633 976 2706 primi
1029 2639 1205 2711 spirituales,
1221 2637 1270 2691 sed
1287 2636 1726 2708 interhosprimogeaitaddes.
1744 2634 1880 2706 Quisquis

129 2724 244 2792 mensis,
260 2723 291 2780 in
313 2741 370 2797 quo
392 2724 499 2779 Pascha
517 2722 688 2790 celebratur,
712 2726 742 2777 et
759 2722 827 2794 agni
844 2723 974 2778 immola·
1029 2743 1098 2799 ergo
1113 2742 1175 2781 rem
1192 2727 1300 2780 occulte
1315 2726 1396 2797 cupis
1411 2725 1546 2794 alienam,
1556 2724 1677 2779 interius
1700 2723 1788 2778 fldem
1810 2738 1878 2793 per-

128 2812 169 2869 tio
182 2813 339 2884 perficitur,
356 2812 566 2885 depositionem
591 2811 695 2866 veteris
719 2811 845 2866 hominis
868 2812 976 2884 signill-
1029 2816 1083 2871 dis.
1110 2814 1204 2872 servis
1229 2814 1308 2869 euim
1332 2829 1392 2869 non
1414 2813 1561 2880 charitate,
1590 2814 1642 2869 sed
1664 2813 1775 2876 froude,
1802 2813 1880 2866 velut

128 2906 182 2967 cat,
200 2902 352 2957 etinilium
365 2903 443 2970 nori,
459 2903 551 2976 quiin
567 2902 711 2974 baptismo
725 2901 830 2958 Christi
850 2905 973 2955 mortem
993 2905 1013 2963 C
1029 2920 1129 2960 amans
1144 2919 1211 2958 eum
1226 2918 1311 2975 quem
1329 2902 1403 2958 mori
1416 2902 1570 2968 desideras,
1583 2905 1617 2956 ut
1631 2901 1774 2956 succedas.

128 2989 271 3061 figurante
285 2991 447 3047 inchoatur.
463 2992 567 3047 Unde:
595 2992 754 3060 Quicunque
774 2990 909 3060 baptizoti
931 3005 976 3046 su·
1068 2995 1148 3049 Vens.
1179 2993 1270 3047 suet.
1297 3021 1332 3032 ·-
1360 2992 1451 3060 Neque
1476 2993 1548 3045 enirn
1582 2995 1641 3045 erat
1680 2990 1786 3054 domus,
1824 2995 1877 3044 etc.

128 3094 188 3133 mus
201 3081 231 3132 in
246 3080 352 3136 Christo
365 3081 443 3144 Jeep,
470 3081 499 3134 in
518 3085 630 3134 mortem
651 3077 738 3149 ipsius
768 3079 903 3148 baptizoti
929 3093 975 3133 su·
1031 3082 1122 3154 (hae,
1137 3086 1231 3150 quaest.
1247 3080 1282 3134 44
1297 3082 1327 3134 in
1341 3078 1442 3150 Erod.)
1468 3079 1539 3134 Cum
1562 3078 1748 3149 primogeniti
1766 3082 1877 3133 tantum

127 3183 198 3233 mus,
215 3171 268 3233 ele,
285 3169 358 3236 [Get.
385 3168 438 3238 ιιι.)
463 3170 487 3222 Α
513 3184 631 3238 vespera
659 3183 727 3238 ergo
753 3167 848 3238 quarti
873 3166 977 3222 decimi
1031 3173 1220 3237 morerentur,
1235 3168 1379 3240 quomodo
1395 3168 1474 3222 nulla
1489 3172 1550 3223 erat
1565 3168 1667 3222 domus
1687 3167 1718 3221 iu
1743 3182 1801 3237 qua
1819 3183 1878 3221 non

130 3255 188 3310 diei
202 3256 289 3326 primi
306 3256 411 3311 mensis
425 3272 516 3328 usque
531 3257 566 3311 ad
580 3272 727 3326 vesperem
750 3255 875 3309 vicesimi
890 3255 977 3326 primi
1029 3261 1103 3314 esset
1117 3258 1271 3313 mortuus?
1286 3259 1371 3312 huet
1388 3257 1445 3311 hoc
1468 3256 1604 3311 divinitus
1625 3255 1717 3310 luerat
1739 3271 1877 3327 procura·

128 3343 283 3414 integram,
293 3344 604 3415 scilicetseptimaaam,
614 3360 712 3416 azyma
719 3342 978 3416 jabemurfiubea·
1029 3351 1103 3412 tum,
1119 3351 1152 3400 ut
1166 3345 1196 3399 in
1209 3344 1343 3399 omnihus
1359 3344 1494 3399 domibus
1506 3349 1600 3398 essent
1625 3342 1821 3414 primogeniti,
1847 3343 1878 3398 in

130 3430 189 3503 tur]
207 3432 367 3497 comodere,
381 3431 449 3504 quia
463 3449 480 3487 a
493 3433 676 3504 perceptione
691 3431 826 3502 baptismi
842 3432 976 3503 usquead
1030 3435 1135 3507 quihus
1145 3437 1363 3504 percuterentur
1377 3431 1509 3503 AEgyptii,
1526 3431 1612 3486 etiam
1636 3431 1687 3501 qui
1711 3430 1880 3486 habitabant

130 3520 219 3574 finem
233 3520 298 3575 vitae
312 3519 478 3591 simpliciter
490 3524 518 3575 et
540 3520 601 3574 sine
624 3520 690 3575 dolo
711 3519 848 3575 debemus
871 3521 974 3575 rivere.
1029 3523 1060 3579 iu
1089 3527 1166 3578 terra
1194 3520 1319 3577 Gessen‘l
1346 3520 1502 3576 Hominum
1520 3519 1627 3592 quippe
1645 3523 1726 3574 crant
1747 3519 1802 3583 hic,
1833 3519 1878 3573 rel

133 3609 211 3664 Unde
229 3610 327 3664 Petrus
343 3626 349 3664 :
367 3610 535 3679 Deponentes
550 3625 652 3665 onorem
671 3610 807 3664 molitiem
828 3614 853 3664 et
875 3625 977 3664 omnem
1030 3611 1210 3676 animalium,
1227 3614 1403 3676 nanterre:
1422 3608 1515 3670 idest,
1537 3607 1668 3662 homines
1695 3612 1723 3661 et
1742 3605 1879 3661 animalia

130 3697 222 3753 dotum
236 3704 262 3753 et
275 3699 485 3769 simulationem,
499 3699 569 3754 sieut
583 3698 660 3753 modo
674 3699 760 3765 ueniti
774 3699 904 3765 insontes,
921 3702 974 3753 etc.
1029 3699 1224 3773 primogenita
1249 3697 1456 3763 moriebantur,
1479 3697 1589 3752 occulto
1612 3700 1642 3750 et
1659 3695 1788 3766 angelico
1811 3710 1878 3765 per·

123 3785 153 3858 ’(1
171 3789 245 3841 Petr.
262 3788 302 3855 ιι).
1030 3805 1114 3844 cassu
1133 3805 1140 3843 :
1156 3803 1214 3842 non
1229 3786 1340 3859 aliquid
1357 3789 1387 3842 iu
1402 3790 1477 3840 terre
1490 3785 1535 3840 sel
1548 3785 1579 3839 in
1594 3786 1663 3839 arelo
1677 3783 1785 3838 lactum
1816 3785 1879 3836 erat

149 3875 246 3951 tvans.
270 3878 314 3930 21.
345 3876 476 3933 Seniores.
499 3876 572 3932 Nota
598 3876 675 3947 quod
701 3890 760 3930 noa
789 3875 894 3947 pueris,
918 3891 977 3930 nou
1031 3877 1196 3942 sicatrana,
1211 3877 1254 3929 rel
1270 3875 1387 3940 locusta,
1403 3873 1448 3928 rel
1471 3873 1649 3928 tenebrant
1678 3871 1781 3926 talibus
1800 3869 1879 3925 enim

126 3964 291 4034 Juvenibus,
307 3965 442 4020 mandata
451 3965 502 4020 [lei
520 3965 615 4035 primo
636 3963 839 4033 communicat,
861 3964 908 4019 sed
933 3980 976 4019 se·
1030 3965 1122 4038 plagis
1136 3979 1202 4019 cum
1217 3969 1294 4018 terra
1309 3963 1414 4019 Gessen
1437 3961 1538 4017 luisset
1563 3960 1665 4029 aliena,
1695 3957 1880 4033 perveniebat

130 4052 268 4117 uioribus,
287 4053 355 4125 quia
366 4053 396 4108 in
422 4053 539 4109 senibus
553 4057 597 4109 est
619 4053 770 4126 sapientia,
790 4059 820 4108 et
842 4052 872 4108 in
885 4054 976 4108 multo
1031 4052 1202 4109 beneficium
1216 4052 1251 4106 ad
1266 4051 1412 4124 AEgyptios
1426 4050 1519 4123 quiin
1535 4066 1570 4105 ea
1584 4065 1651 4104 cum
1672 4048 1798 4104 liebrreis
1816 4063 1878 4102 mo·

130 4146 261 4211 tempore
276 4143 439 4212 prudentia.
1029 4143 1168 4197 rabuntur
1184 4157 1190 4196 :
1207 4141 1261 4195 hac
1276 4155 1341 4194 vero
1357 4155 1458 4193 omnes
1471 4137 1598 4210 percussi
1613 4142 1690 4191 sunt.

166 4231 243 4285 Vuis.
259 4233 304 4286 22.
319 4260 354 4272 -
381 4231 602 4301 Fasciculumquo
633 4231 751 4301 hyssopi,
783 4235 836 4286 etc.
862 4231 976 4298 (Simu.)
1066 4233 1146 4286 Vens.
1175 4233 1219 4287 34.
1248 4259 1284 4272 -
1312 4230 1489 4299 Conspersurn
1522 4228 1655 4293 somnium,
1692 4230 1744 4280 etc.
1785 4223 1879 4295 (Aac.)

132 4319 276 4390 Hyssopus
290 4319 379 4375 herba
392 4326 436 4374 est
449 4319 577 4387 humilis,
593 4335 714 4374 nascens
727 4318 758 4373 in
772 4318 881 4389 ipatus,
907 4335 976 4388 pur·
1031 4323 1154 4389 Mystico.
1173 4319 1240 4374 Sine
1256 4318 1395 4372 fermento
1411 4314 1632 4389 proficiscuntur
1655 4313 1709 4368 lilii
1729 4312 1818 4368 lsrael
1844 4312 1879 4366 de

130 4423 201 4479 gans
220 4412 319 4479 pectus
335 4411 364 4462 et
387 4408 573 4479 pulmonem:
598 4412 627 4462 et
646 4407 789 4479 significat
809 4423 905 4462 veram
925 4407 977 4462 hu·
1031 4409 1217 4477 AEgypt03ut
1231 4410 1366 4460 exeuntes
1378 4404 1413 4459 de
1427 4405 1482 4459 hoc
1503 4403 1607 4458 seculo
1631 4403 1800 4473 abjiciamus
1823 4401 1878 4456 fer·

131 4495 292 4563 militatem,
306 4495 388 4567 cajus
405 4495 571 4566 exemplum
593 4495 721 4550 Christus
734 4494 816 4549 uobis
832 4494 862 4549 iu
878 4498 978 4549 semet·
1032 4499 1162 4549 mentum
1178 4493 1531 4564 malitiaeetucquitim,et
1545 4492 1697 4563 epulemur
1719 4490 1750 4544 in
1773 4488 1879 4562 azymis

131 4583 193 4656 ipso
208 4584 339 4656 praebuit.
355 4583 531 4640 Fasciculum
546 4599 615 4654 ergo
628 4583 744 4654 hyssopi
759 4582 899 4653 sanguiue
918 4582 978 4636 liu·
1032 4582 1202 4638 sinceritatis
1215 4587 1243 4638 et
1257 4581 1393 4638 veritatis.

130 4673 235 4744 gimas‚
252 4673 377 4744 quando,
406 4688 548 4728 memores
574 4670 747 4727 humilitatis
772 4670 887 4739 Christi,
910 4686 977 4726 eum
1069 4672 1149 4728 Vnus.
1165 4675 1209 4739 35,
1226 4675 1270 4728 36.
1287 4699 1317 4712 -
1335 4672 1599 4740 asperrumum.
1616 4671 1817 4740 (loo.,qeast.
1833 4669 1877 4723 45.

131 4759 239 4816 imitari
255 4761 411 4818 studemus.
1034 4763 1091 4817 lloc
1101 4761 1163 4831 jam
1177 4761 1283 4816 iactum
1298 4759 1392 4814 luerat
1405 4764 1472 4813 aute
1485 4764 1591 4814 mortes
1607 4756 1878 4829 primogenitorum.

169 4852 277 4918 Tingite
290 4855 320 4906 in
334 4853 476 4920 sanquine,
493 4855 546 4905 etc.
563 4849 656 4918 (Aoo,
673 4853 768 4920 quest.
784 4851 818 4904 46
832 4850 861 4902 in
872 4846 977 4919 and.)
1032 4849 1087 4906 Sed
1099 4864 1176 4904 nunc
1189 4864 1242 4920 per
1261 4847 1527 4918 recapitulationem
1550 4846 1701 4918 repetitur,
1723 4860 1791 4899 nam
1810 4859 1880 4898 nan

132 4936 371 5011 Quaeritorquem
385 4939 556 5012 sanguinem
577 4937 653 4992 dicat
672 4937 754 5007 J'uxta
772 4937 888 5005 ostium,
913 4951 979 4992 cam
1035 4942 1127 4994 ratum
1142 4938 1310 5009 estquando
1323 4936 1430 4992 lactum
1453 4940 1505 4992 est.
1532 4936 1613 4992 blodo
1634 4935 1711 4989 enim
1735 4932 1880 5005 quamodo

132 5023 210 5077 illius
226 5027 294 5095 agni
308 5026 478 5101 sanguinem
493 5027 561 5081 velit
586 5025 719 5097 intelligi,
744 5026 827 5097 cujus
850 5025 979 5080 immola·
1033 5029 1130 5097 posset
1144 5024 1207 5080 lieri
1220 5029 1250 5079 ul
1264 5024 1294 5079 iu
1309 5028 1387 5079 tanto
1402 5025 1480 5079 luctu
1496 5023 1550 5078 ista
1573 5022 1879 5078 accommodarentur:

131 5111 209 5167 tione
223 5114 330 5168 Pascha
344 5116 384 5170 lit.
401 5120 445 5170 Aa
463 5115 595 5187 precipit
610 5131 644 5169 eo
668 5114 752 5170 modo
772 5118 979 5185 cousequenter
1034 5114 1090 5170 uisi
1105 5114 1177 5169 forte
1191 5113 1256 5185 quis
1270 5113 1344 5169 dicat
1358 5113 1444 5168 etiam
1457 5113 1512 5169 ista
1525 5113 1612 5184 plaga
1625 5127 1684 5167 uon
1708 5111 1796 5165 luisse
1816 5125 1881 5181 per-

132 5199 205 5268 fleri,
232 5203 362 5274 quamvis
387 5203 442 5258 hoc
464 5205 595 5272 tacuerit,
620 5207 653 5258 ut
680 5192 758 5259 idem
781 5219 873 5274 agnus
895 5205 979 5275 juxta
1032 5201 1351 5274 cassosAEgyptiosqui
1365 5217 1431 5257 cum
1448 5200 1767 5257 liebrreishabitabaut.

133 5289 239 5344 ostium
268 5290 430 5345 occidatur?
452 5294 507 5359 Aa,
536 5292 612 5364 quod
639 5297 682 5348 est
709 5291 883 5358 credibilius,
913 5291 977 5347 ideo
1072 5294 1146 5348 Vasa
1169 5306 1263 5359 aurea,
1291 5297 1343 5346 etc.
1364 5292 1429 5346 limo
1449 5289 1594 5345 doctrinas
1619 5288 1793 5360 significant,
1815 5302 1882 5358 qum

132 5377 203 5433 dixit
216 5395 250 5436 cc
264 5380 397 5448 sanquine
411 5380 459 5448 qui
475 5384 515 5436 est
535 5382 621 5450 inerte
639 5383 748 5451 ostium,
769 5379 837 5452 quia
860 5379 909 5435 ille
928 5379 980 5451 qui
1034 5394 1067 5436 ex
1079 5380 1141 5452 ipsa
1155 5379 1361 5435 cousuetudine
1376 5380 1507 5452 gentiam
1521 5394 1581 5433 non
1595 5377 1694 5433 inutili
1717 5375 1813 5431 studio
1836 5373 1882 5429 di·

133 5466 269 5525 liuiturus
284 5472 337 5534 est,
357 5482 406 5522 vas
420 5467 515 5540 ipsam
534 5468 565 5523 in
585 5485 642 5540 quo
664 5469 834 5543 sanguinem
858 5469 977 5541 excepit,
1034 5470 1225 5537 acuatur3rel
1237 5469 1347 5524 animas
1360 5468 1499 5540 pretiosas
1519 5483 1553 5522 ex
1572 5467 1718 5540 gentibus,
1741 5469 1881 5537 tauquam
