3892 6106
91 289 140 343 eu
422 279 624 337 wilarium
642 280 765 336 stultu
781 279 884 335 rute.
896 277 981 335 ΜΘΝ.
992 277 1068 335 0111).
1086 275 1176 332 etus
1190 275 1211 329 1.
1231 300 1266 312 -·
1280 265 1513 328 tuuolomct.
1794 264 1842 318 tu

91 398 165 479 giuti
188 411 266 473 sunt,
286 406 414 477 quinque
437 409 533 457 nutem
557 406 624 456 sunt
646 400 711 455 libri
727 400 808 470 legis,
824 403 852 453 et
865 402 979 471 qna-A
998 398 1155 454 electorum
1167 394 1281 475 animus
1291 393 1371 447 nulla
1380 389 1540 445 tentatione
1553 389 1657 442 aetatu
1671 384 1841 440 rectitudinis

91 501 158 552 tuor
183 494 347 565 Evangelia.
373 493 443 549 Cum
469 507 536 545 rere
551 489 585 544 ad
610 488 831 559 intelligentiam
846 492 942 543 etcu-

92 585 215 642 stndiam
239 584 311 655 legis
325 582 484 636 illustrante
507 579 600 650 gratia
615 577 810 650 pervenimus,
829 577 941 632 vicena·

92 676 168 730 rium
185 687 338 727 numerum
362 671 539 741 perficimns;
561 668 649 740 fitque
664 666 741 721 idem
756 683 893 721 numerus
912 666 941 720 in

93 762 273 832 longitudine
293 765 321 813 et
338 758 489 813 latitudine
513 756 620 823 altaris,
648 771 713 809 cum
729 756 814 810 corda
839 756 942 809 electo-

92 867 156 905 rum
187 851 305 903 docente
341 854 461 918 utroque
493 848 674 901 ’testamento
701 842 941 915 perseverantiam

92 937 257 1009 hujusmodi
282 937 376 1007 operis
400 936 485 990 eliani
507 936 537 989 iu
551 933 797 1005 persecutionibus
817 934 940 998 serrant,

89 1033 119 1081 et
142 1025 316 1080 hilaritatem
356 1024 519 1078 dilectionis
552 1023 640 1078 etiam
669 1022 698 1075 in
728 1037 775 1074 ens
800 1020 850 1092 qui
878 1034 942 1090 per·

89 1120 260 1185 sequnntur.

126 1206 162 1260 Et
183 1203 272 1258 decem
286 1201 392 1256 cubitis.
411 1201 442 1254 ln
469 1200 587 1254 denario
612 1215 676 1269 spes
695 1198 853 1253 coelestium
867 1213 940 1268 prae-

91 1290 217 1345 mierum
242 1289 429 1359 significatur.
455 1287 533 1342 Unde
556 1287 607 1357 qui
632 1286 661 1339 in
685 1285 766 1338 vinea
792 1283 881 1353 patris
900 1281 941 1335 ia·

91 1378 186 1433 milias
205 1378 346 1441 laborant,
364 1375 482 1431 denario
499 1378 729 1428 remunerantur.
748 1371 826 1426 Unde
842 1371 939 1433 altare,

91 1465 167 1539 quod
195 1467 300 1519 electos
327 1464 478 1533 significat,
512 1478 564 1534 pro
590 1460 729 1531 signanda
757 1474 856 1513 eorum
884 1458 941 1511 vita

90 1559 231 1626 perpetua
246 1554 344 1608 decem
359 1552 461 1607 enbitis
474 1552 623 1605 exaltatur.

994 487 1162 542 inclinatur.
1179 483 1261 554 Capit
1276 497 1354 537 mars
1371 479 1425 534 tria
1441 477 1529 532 nullia
1543 479 1699 540 metretas;
1714 487 1780 527 cum
1796 471 1841 527 bc·

996 576 1096 647 ptismi
1120 577 1331 629 sacramentum
1345 569 1376 623 in
1398 568 1455 622 tide
1475 563 1622 621 Trinitatis
1646 562 1759 626 datum,
1773 559 1803 614 in
1816 576 1842 615 se

996 666 1100 720 ablutis
1114 663 1226 717 confert
1239 659 1370 715 omnium
1386 655 1584 711 remissionem
1599 653 1793 724 peccatorum.

1031 773 1112 826 Vens.
1136 772 1162 823 6.
1184 770 1306 822 -Fecit
1328 780 1433 836 qunque
1457 762 1582 818 coactas.
1598 761 1632 815 ln
1655 759 1770 828 Regum
1783 755 1839 810 ita:

995 861 1070 916 Fecit
1093 874 1198 928 quoque
1216 858 1304 912 decem
1329 858 1425 909 luteres
1446 867 1539 908 eneas.
1564 849 1759 916 Quadraginta
1773 845 1840 900 tntu

994 949 1118 1019 capiebat
1141 947 1211 1001 luter
1224 960 1304 999 uuus.
1320 947 1441 1013 Eratque
1464 946 1582 1012 quatuor
1605 938 1769 992 cubitorum.
1784 934 1840 989 Sin·

994 1039 1070 1105 gulos
1088 1050 1192 1105 quoque
1213 1036 1310 1089 luteres
1323 1048 1373 1102 per
1393 1032 1516 1098 singutas
1532 1029 1621 1083 decem
1643 1027 1722 1080 bases
1744 1024 1840 1093 posuit,

995 1130 1048 1179 etc.
1071 1122 1199 1194 Apostoli
1213 1127 1242 1175 et
1264 1119 1413 1193 apostolici
1437 1117 1501 1185 viri,
1525 1115 1576 1188 qui
1597 1129 1649 1186 per
1667 1113 1758 1167 boves
1771 1124 1842 1164 mare

995 1218 1141 1285 portantes
1165 1212 1324 1281 signantur,
1346 1224 1398 1280 per
1412 1208 1494 1262 bases
1510 1220 1627 1277 quoque
1642 1200 1793 1273 portandis
1807 1199 1842 1252 ln·

994 1302 1103 1357 teribus
1126 1303 1301 1371 preparatas
1326 1297 1536 1367 exprimuntur,
1562 1292 1637 1347 sicut
1656 1290 1714 1362 ipsi
1744 1291 1841 1344 luteres

995 1391 1170 1462 baptismum
1196 1387 1322 1458 signant,
1353 1400 1440 1456 quem
1466 1382 1609 1452 figurabat
1630 1395 1721 1435 mare.
1747 1376 1840 1432 Omnis

995 1479 1072 1535 enim
1087 1479 1128 1532 eis
1142 1493 1207 1549 qnae
1228 1476 1258 1530 in
1273 1473 1446 1529 holocaustis
1471 1470 1596 1527 oblaturi
1610 1474 1704 1534 erant,
1720 1466 1841 1521 sacerdo·

995 1572 1038 1623 tes
1066 1566 1208 1621 lavabant.
1237 1565 1440 1618 Holocaustum
1469 1566 1567 1614 antem
1596 1556 1723 1623 Domini,
1754 1553 1841 1609 omnis

127 1644 206 1698 vm·
233 1645 260 1699 ²·
283 1673 318 1681 “
344 1644 420 1698 Mare
445 1644 535 1695 11111111·
565 1637 658 1709 (fist-i
689 1637 843 1690 L⁸V⁸⁰f¹¹m
867 1633 942 1688 ⁵⁸¹⁰·
957 1689 978 1744 B
995 1654 1124 1710 fidelium
1140 1651 1401 1722 multitudopntest
1417 1646 1561 1718 intelligi:
1589 1661 1655 1717 quie
1670 1643 1786 1714 abipso
1799 1641 1843 1696 bs-

92 1735 161 1797 tm·
187 1736 249 1799 ewa
275 1746 361 1800 1119111
384 1729 422 1784 “d
449 1734 478 1784 ⁸²
502 1742 686 1782 “immunem
711 1743 727 1779 ⁸
756 1724 942 1779 901111110110·
996 1744 1120 1816 ptizatur
1143 1741 1262 1811 ineque
1284 1744 1314 1792 et
1334 1738 1405 1809 igni.
1426 1736 1504 1792 Sicut
1527 1749 1596 1805 erge
1617 1731 1780 1787 sacerdotes
1800 1727 1845 1800 qui

90 1834 106 1874 1“
107 1818 326 1890 ⁰⁰³ffli¹¹⁵ffliffl
341 1833 456 1888 ⁸l¹erare
471 1817 569 1872 11111111·
995 1831 1114 1886 inmari
1135 1829 1277 1892 lavantur,
1303 1842 1351 1881 ens
1374 1824 1491 1896 signant
1518 1822 1569 1893 qui
1593 1836 1646 1891 per
1674 1818 1846 1889 baptismum

128 1906 251 1977 Quinque
275 1907 377 1960 11111111
399 1905 523 1960 imbibat·
550 1903 623 1968 011111
641 1900 780 1974 quidquid
806 1900 943 1964 11111111·
995 1923 1142 1973 consortes
1170 1915 1276 1972 summi
1304 1911 1675 1970 sacerdotis-efficiuntur:
1701 1907 1744 1962 ita
1771 1907 1847 1961 baln-

92 1994 164 2061 ditu,
194 1995 311 2062 olfactu,
343 1996 440 2063 gustu,
472 1997 584 2047 tactuve
613 1990 819 2060 delinquimus,
850 1994 941 2043 tntum
995 2011 1092 2061 caum
1127 2006 1244 2061 eosdem
1272 2004 1448 2073 exprimunt,
1482 2015 1548 2054 cum
1577 2003 1642 2069 post
1671 1995 1846 2051 ammonem

92 2083 122 2138 111
143 2083 286 2153 baptism
312 2083 463 2136 1111111111·
487 2081 540 2137 Sed
570 2096 628 2134 11011
650 2078 754 2133 11111111
780 2077 943 2149 1118111110·
995 2094 1131 2165 baptismi
1147 2093 1238 2164 gratia
1252 2093 1409 2163 implentur
1420 2086 1572 2160 spirituali.
1589 2086 1709 2140 anstur
1724 2084 1802 2138 enim
1820 2082 1848 2136 in

92 2186 158 2225 rum
191 2169 322 2225 remissio
355 2176 547 2239 peccatorum,
575 2168 631 2222 nisi
663 2167 784 2238 quisque
810 2165 944 2236 deinceps

17 2305 21 2315 .
91 2259 174 2315 bonis
210 2259 344 2329 operibns
380 2257 526 2311 institerit.
564 2255 698 2326 Alioquin
732 2254 864 2309 diabolus
893 2253 943 2324 qui

92 2347 200 2402 exierat
227 2346 414 2418 multiplicius
442 2347 526 2413 redit,
557 2350 585 2399 et
610 2345 686 2399 liunt
711 2343 836 2399 bominis
851 2342 944 2397 noris-

93 2436 166 2491 sima
178 2437 277 2508 pejora
291 2436 446 2507 prioribus.
462 2435 540 2490 Unde
560 2434 638 2488 audit
653 2448 660 2487 :

127 2526 272 2580 Peniculus
299 2527 415 2592 triptota
442 2524 603 2578 auditorum.
634 2522 690 2575 ilnc
715 2523 767 2586 est,
794 2518 944 2591 disciplina

92 2613 251 2668 coelestium
272 2617 493 2684 preceptorum,
517 2626 575 2682 qua
594 2609 728 2664 anostris
748 2608 944 2662 voluntatibus

93 2702 259 2772 religamur,
287 2702 363 2756 unde
389 2716 396 2754 :
420 2697 568 2754 Funieuius
596 2698 697 2767 triplex
726 2697 841 2763 difficile
865 2712 944 2750 rum-

91 2791 169 2859 pitur·
198 2789 294 2859 (Eccle.
331 2789 390 2858 rr);
428 2786 496 2857 quia
522 2784 704 2839 observantia
741 2783 943 2837 mandatorum

95 2876 145 2933 uei
167 2876 197 2929 in
212 2875 347 2930 cordibus
373 2880 545 2941 sanctorum,
575 2873 642 2940 time,
671 2887 721 2943 spe
736 2877 765 2926 et
791 2871 943 2926 dilectione

995 2183 1088 2238 lutere
1111 2183 1214 2252 bostis,
1235 2197 1301 2235 cnm
1324 2179 1417 2235 tidelis
1438 2175 1621 2249 perfunditur
1645 2189 1722 2243 aqua
1745 2171 1847 2242 baptis·

996 2272 1047 2327 mi.
1062 2271 1186 2327 Ollertnr
1200 2271 1228 2324 in
1253 2269 1462 2333 holocaustum,
1478 2281 1543 2320 cum
1564 2279 1617 2336 per
1631 2261 1848 2333 impositionem

996 2376 1099 2415 manus
1114 2359 1250 2431 episcopi,
1267 2356 1369 2427 accipit
1382 2356 1489 2410 donum
1504 2352 1627 2423 Spiritus
1641 2348 1743 2404 sancti.

1033 2468 1114 2521 Vens.
1137 2468 1162 2520 8.
1189 2495 1223 2504 —
1247 2466 1282 2519 lit
1304 2464 1397 2533 posuit
1421 2462 1548 2529 quinque.
1576 2459 1609 2512 ln
1633 2456 1750 2528 utrique
1769 2459 1847 2526 parte

996 2554 1096 2625 templi
1113 2553 1213 2624 positae
1230 2556 1296 2605 sunt
1311 2551 1392 2604 bases
1404 2550 1540 2614 luterum,
1557 2552 1590 2602 ut
1605 2550 1727 2616 utraque
1742 2542 1848 2614 pnpuln

997 2643 1068 2698 sacri
1095 2642 1180 2696 fontis
1205 2634 1295 2712 gratia
1319 2638 1519 2709 designaretur
1548 2651 1608 2690 esse
1630 2633 1796 2704 pandenda.
1818 2631 1850 2685 lit

997 2733 1125 2805 quinque
1147 2736 1214 2784 sunt
1236 2730 1267 2784 in
1283 2733 1404 2799 utraque
1425 2732 1516 2798 parte,
1538 2730 1582 2794 ut,
1605 2723 1678 2777 sicut
1693 2721 1724 2776 in
1738 2720 1848 2792 exposi-

996 2821 1076 2874 tione
1098 2819 1185 2873 maris
1212 2818 1288 2889 quod
1311 2817 1439 2888 quinque
1462 2813 1565 2869 cubitis
1588 2812 1678 2866 altum
1707 2825 1769 2864 esse
1789 2809 1850 2879 jam

997 2907 1131 2975 diximus,
1156 2907 1401 2962 demonstraretur
1423 2903 1527 2975 typice,
1557 2901 1688 2956 uniuersa
1714 2914 1780 2972 quae
1800 2913 1851 2969 per

93 2980 223 3035 superne
247 2962 444 3018 retributionis
472 2963 596 3031 lirmata,
620 2962 700 3016 nulla
723 2965 818 3032 potest
843 2960 979 3031 adver-g
1000 2997 1127 3068 quinque
1151 3012 1249 3049 semus
1272 2994 1401 3065 corporis
1430 2992 1599 3062 deliquerat,
1627 3005 1680 3060 por
1707 2989 1850 3042 lavacrum

94 3051 177 3106 sitate
192 3052 317 3106 dissolvi.

129 3142 213 3195 Vens.
241 3142 266 3194 3.
296 3170 329 3180 -
355 3142 391 3195 lit
419 3139 507 3194 &cem
532 3138 640 3193 cubitis.
671 3135 767 3207 (llas.)
795 3136 947 3208 Sculpturs

95 3229 193 3283 subter
222 3228 341 3293 labium,
371 3234 438 3294 etc,
471 3243 556 3296 usque
584 3225 621 3280 ad
649 3229 754 3296 quanta
779 3224 945 3279 infelicitate

95 3318 213 3384 propter
227 3314 334 3367 scelera
346 3313 494 3383 perierunt
506 3312 629 3384 reprobi.

132 3404 218 3458 Vens.
236 3403 263 3456 l.
279 3431 314 3442 -
339 3404 502 3457 Posteriora.
528 3400 600 3464 Quia
614 3415 671 3472 qua
694 3399 824 3454 mercede
840 3399 945 3468 praedi·

96 3493 205 3545 catores
228 3489 258 3543 in
273 3493 443 3559 perpetuum
467 3489 621 3553 donentur,
639 3487 688 3542 llei
703 3486 833 3540 examine
848 3487 947 3558 dispo-

96 3577 184 3632 situm
212 3583 263 3644 est,
294 3577 342 3632 sed
369 3576 450 3631 nobis
475 3577 568 3631 adbnc
593 3577 735 3630 occultum
762 3580 814 3642 est,
843 3576 947 3646 quibus

96 3666 151 3722 bac
172 3667 314 3723 occultum
331 3682 465 3720 essenon
489 3671 594 3737 potest,
610 3664 687 3736 qnod
707 3663 802 3719 omnis
825 3665 876 3735 qui
897 3665 945 3720 ba·

96 3755 235 3826 ptismnm
262 3755 297 3810 ad
321 3756 440 3810 salutem
467 3754 580 3826 accipit,
604 3754 702 3821 iidem,
727 3768 819 3823 spem,
835 3759 864 3807 et
879 3754 946 3807 cba-

96 3843 209 3898 ritatem
234 3844 319 3899 debet
337 3844 461 3912 babere;
480 3860 531 3898 nec
554 3844 616 3898 sine
628 3843 673 3898 his
689 3842 782 3897 tribus
794 3841 947 3896 virtutibus

97 3931 222 4002 operari,
247 3932 291 3986 rel
313 3936 347 3986 ad
371 3933 494 3986 salutem
518 3932 627 3986 intrare
646 3930 729 3994 valet,
756 3929 832 3984 unde
847 3929 879 3982 in
893 3930 947 3985 lle·

97 4035 166 4091 gum
189 4019 317 4075 dicitur:
344 4021 503 4077 drossitudo
526 4026 615 4076 autem
639 4021 734 4075 titteris
755 4020 838 4073 trium
852 4021 947 4072 uncia-

96 4125 158 4163 rum
181 4111 230 4177 (lll
252 4113 320 4178 ltep.
348 4109 406 4178 vul.
430 4110 595 4166 Grossitndn
622 4110 731 4177 luteris,
757 4107 879 4162 firmitas
906 4113 947 4162 est

97 4196 220 4251 virtutis.
254 4196 347 4252 Trium
374 4200 525 4265 unciarum,
557 4198 625 4268 quia
648 4196 750 4251 robore
778 4195 856 4263 fidei,
886 4195 947 4265 spei

98 4290 126 4339 et
140 4285 310 4353 dilectionis,
324 4286 469 4356 perceptio
482 4285 616 4355 baptismi
630 4285 769 4339 mnnitnr.

30 4393 34 4397 ·
134 4375 215 4429 Vens.
231 4377 258 4428 5.
278 4403 313 4415 -
337 4376 420 4429 Porro
441 4377 566 4429 uastitas.
593 4373 760 4429 Grossitudn
785 4389 873 4444 qnam
900 4374 946 4428 lo·

98 4463 204 4532 sephns
226 4466 351 4533 quatuor
376 4462 533 4532 digitorum
559 4477 619 4516 esse
639 4461 718 4527 dixit,
749 4461 949 4516 demonstrans

99 4566 163 4621 quae
178 4550 233 4604 init
247 4550 415 4620 magnitudo
435 4549 535 4621 palmi.
556 4549 635 4604 ldem
652 4555 748 4604 autem
763 4550 824 4604 baec
838 4549 948 4622 signifi·

97 4643 171 4692 cant.
198 4638 331 4709 Quisquis
355 4638 432 4692 enim
459 4637 526 4704 tide,
551 4653 611 4708 spe,
637 4642 665 4692 et
688 4638 825 4693 charitate
852 4655 950 4693 secun-

97 4726 167 4781 dum
194 4732 318 4797 quatuor
342 4726 561 4797 Evangeliorum
587 4726 747 4781 doctrinam
772 4743 861 4798 opera
883 4727 950 4782 facit

95 4816 226 4888 justitie,
237 4816 358 4887 percipit
371 4819 400 4870 et
411 4815 571 4870 mercedem
587 4820 702 4870 aeternse
717 4814 792 4871 ritae.

136 4907 202 4960 itia
224 4905 313 4960 millia
330 4909 465 4960 metretas.
491 4903 666 4958 ldillenarins
689 4903 896 4973 perfectionem
911 4902 949 4957 si·

1000 3084 1134 3156 baptismi
1156 3101 1217 3138 esse
1239 3082 1419 3137 remittenda.
1447 3081 1525 3136 Sicut
1546 3094 1615 3150 ergo
1636 3078 1667 3132 in
1691 3092 1751 3131 uno
1778 3075 1851 3132 mari

1000 3172 1150 3228 duodecim
1174 3171 1265 3226 bobus
1288 3168 1469 3241 superposito
1490 3167 1586 3221 unitas
1609 3164 1781 3237 exprimitur
1801 3164 1850 3219 ba·

1000 3261 1150 3334 ptismatis,
1175 3276 1240 3331 qnae
1266 3275 1317 3330 per
1335 3257 1481 3329 apostolus
1504 3259 1563 3310 toto
1577 3260 1638 3309 eret
1652 3252 1723 3307 orbe
1745 3252 1852 3323 praedi·

1001 3350 1091 3404 canda
1108 3367 1114 3403 :
1130 3349 1169 3403 ita
1189 3348 1274 3402 etiam
1289 3363 1342 3417 per
1358 3347 1428 3400 duos
1448 3344 1564 3399 ordines
1583 3344 1710 3397 luterum
1734 3340 1851 3412 mystice

1001 3438 1171 3504 ostenditur,
1196 3437 1264 3509 qnia
1280 3435 1424 3507 gentilitas
1437 3449 1501 3488 cum
1515 3432 1612 3488 tuden
1627 3431 1658 3486 in
1673 3446 1763 3485 unum
1785 3428 1850 3485 fidei

1000 3526 1175 3582 consortium
1192 3541 1246 3596 per
1263 3523 1442 3595 baptismatis
1459 3521 1566 3577 undam
1581 3525 1643 3575 erat
1656 3519 1844 3592 procreanda.

1036 3633 1207 3692 caudelabra
1221 3649 1313 3687 aurea.
1339 3631 1440 3686 [lirina
1464 3630 1587 3701 eloquia,
1604 3645 1669 3701 quae
1693 3629 1785 3684 lucem
1808 3644 1849 3682 sa·

1001 3722 1117 3796 pientiae
1133 3722 1290 3794 proferunt,
1307 3721 1384 3775 unde
1410 3737 1416 3774 :
1437 3721 1560 3775 lucerua
1580 3719 1696 3790 peditus
1711 3719 1778 3773 meis
1790 3731 1847 3772 ner-

1002 3815 1064 3869 bum
1080 3818 1165 3874 tuum,
1179 3816 1205 3866 et
1217 3811 1315 3875 lumen,
1333 3814 1387 3864 etc.
1403 3808 1489 3880 (Psat.
1507 3808 1609 3880 cruris).
1628 3807 1699 3862 llinc
1719 3806 1848 3862 Salomon

1001 3901 1064 3956 ait:
1091 3900 1161 3966 Quin
1180 3898 1339 3953 mussitatum
1364 3898 1474 3951 lucerua
1497 3902 1547 3962 est,
1573 3895 1665 3950 etiem
1689 3896 1739 3950 tun
1765 3897 1846 3964 (Pron.

1001 3988 1051 4057 ri).
1071 3987 1116 4041 Bis
1138 3986 1227 4057 quina
1246 3989 1313 4039 sunt
1342 3984 1520 4050 candelabra,
1546 3983 1615 4055 quia
1639 3983 1769 4055 quinque
1788 3985 1848 4035 seint

1001 4075 1172 4146 legislatoris
1198 4073 1353 4142 volumina,
1375 4074 1405 4127 in
1430 4072 1533 4144 quibus
1557 4079 1587 4128 et
1609 4077 1669 4126 tota
1684 4071 1793 4126 Veteris
1804 4070 1848 4125 ‘le-

1001 4162 1136 4218 stamenti
1157 4162 1245 4217 series
1269 4161 1467 4232 complectitur
1490 4162 1618 4233 quinque
1635 4161 1845 4216 saeculiaetates.

1002 4250 1135 4322 Quinque
1151 4268 1167 4304 a
1182 4251 1286 4306 dextris
1312 4255 1340 4304 et
1361 4250 1518 4321 quinquen
1533 4249 1655 4303 sinistris
1676 4253 1844 4319 ponuntur:

961 4312 1068 4392 Dcum
1094 4343 1156 4410 post
1180 4338 1409 4393 incarnationem
1438 4337 1564 4404 Domini,
1588 4336 1688 4392 endem
1709 4337 1846 4409 Scriptura

1004 4427 1117 4498 utrique
1141 4427 1248 4498 populo
1277 4426 1481 4494 committitur;
1507 4426 1550 4480 vel
1571 4424 1745 4495 evangelicis
1770 4425 1846 4496 plena

1003 4517 1104 4587 liguris
1128 4515 1299 4581 ostenditur,
1325 4531 1389 4585 qum
1405 4515 1550 4585 quondam
1568 4514 1648 4585 juxta
1668 4513 1793 4568 litteram
1807 4530 1845 4567 so·

1003 4607 1063 4659 lum
1079 4604 1265 4674 intelligenda
1280 4619 1340 4657 esse
1357 4603 1522 4673 putabatur.

1038 4713 1144 4768 Necnon
1166 4717 1191 4765 et
1212 4725 1327 4765 meuses.
1354 4709 1446 4780 (Rau.)
1468 4711 1523 4765 llas
1549 4725 1671 4777 mensas,
1688 4714 1756 4776 etc,
1771 4721 1846 4779 usque

1003 4800 1041 4855 ad
1070 4815 1193 4870 quornm
1221 4814 1309 4869 opera
1338 4799 1421 4853 nobis
1443 4798 1521 4852 velut
1548 4797 1637 4852 ubera
1663 4797 1800 4853 salutaria
1818 4795 1846 4851 nd

1004 4888 1133 4959 exempla
1148 4889 1211 4942 vitae
1226 4888 1384 4960 proposita.

104 4992 231 5062 gnificat,
262 4993 330 5064 quia
354 4993 491 5048 denarius
523 4993 695 5065 quadratum
722 4992 846 5048 solidum
871 4992 949 5048 iacit.
1040 4996 1120 5050 Vana.
1150 4998 1177 5050 e.
1204 5025 1238 5035 -
1268 4997 1344 5051 Fecit
1372 4995 1454 5049 etiam
1482 4996 1594 5050 utrium.
1624 4992 1717 5064 (Rae.)
1745 4994 1847 5051 Atrium

100 5081 198 5136 Decies
222 5082 297 5136 enim
323 5083 431 5148 decem,
455 5088 571 5137 centum
598 5082 715 5144 iaciunt,
743 5081 851 5152 qniest
869 5080 950 5152 qnasi
1004 5085 1183 5138 sacerdotnm
1218 5083 1248 5137 in
1284 5083 1412 5148 ecclesia,
1449 5088 1516 5151 etc,
1555 5097 1640 5151 usque
1662 5082 1702 5136 ad
1727 5083 1758 5137 in
1783 5083 1847 5138 librt

100 5169 238 5240 quadrata
262 5170 364 5241 ligura,
395 5171 442 5225 sed
465 5171 551 5242 plana
571 5187 578 5225 :
605 5170 653 5225 sed
669 5174 701 5224 ut
723 5170 754 5224 in
768 5170 950 5225 altitudinem
1005 5172 1116 5240 Regum
1132 5172 1290 5225 secundum
1309 5170 1412 5225 [tedam
1426 5170 1541 5240 plenius
1555 5168 1758 5240 expressimus.

99 5262 198 5328 surgat
213 5264 241 5312 et
254 5258 344 5314 solida
358 5259 509 5326 alliciatur,
527 5258 686 5330 multiplica
704 5264 819 5312 centum
839 5274 890 5328 per
904 5259 952 5312 de·
1039 5261 1073 5313 Et
1096 5259 1236 5313 basilicam
1255 5260 1398 5326 grandem.
1424 5258 1491 5323 Qum
1511 5262 1574 5312 erat
1590 5261 1670 5311 extra
1689 5258 1796 5314 atrium
1814 5276 1849 5314 se

100 5360 173 5408 cem,
189 5351 217 5399 et
231 5346 305 5400 fiunt
328 5346 416 5402 mille.
439 5348 501 5413 Qun
526 5364 646 5403 numero
669 5347 780 5402 stabilis
795 5353 821 5402 et
838 5347 951 5418 insupe-
1005 5347 1164 5414 cardetum,
1189 5347 1219 5400 in
1243 5363 1329 5417 quam
1349 5347 1443 5401 omnis
1460 5348 1583 5418 populus
1598 5345 1635 5400 ad
1655 5346 1799 5403 orandum
1812 5347 1848 5403 vel

100 5433 208 5498 rabilis,
228 5439 257 5488 et
270 5436 349 5490 velut
365 5438 505 5507 quadrata
517 5439 659 5505 justornm
675 5437 848 5492 canscientia
862 5436 952 5507 signa·
1005 5435 1040 5490 ad
1060 5434 1178 5489 verbnm
1201 5434 1377 5490 audiendum
1398 5434 1569 5489 conllnebnt.
1598 5434 1664 5489 llice
1682 5433 1714 5490 in
1735 5433 1849 5490 Ecclesia

100 5524 157 5578 tnr.
182 5523 361 5596 Quocunque
383 5526 461 5581 enim
483 5525 657 5597 quadratum
680 5526 776 5592 vertis,
792 5524 887 5581 stabit.
906 5524 952 5580 Sic
1004 5525 1091 5580 vitam
1116 5539 1268 5596 moresque
1293 5523 1453 5580 carnalium
1476 5523 1627 5596 significet,
1651 5523 1760 5596 qrribus
1782 5523 1847 5581 dici·
