3892 6104
70 283 135 337 {tit
622 277 747 334 GLOSSA
767 275 976 334 onnlrtnutn.
995 306 1032 320 -
1051 277 1114 334 ΗΒ.
1135 279 1260 336 ECCLE.
1754 288 1824 342 liii

106 404 192 459 Vnae.
219 404 261 458 to.
291 432 324 441 -
355 399 433 456 Vidit
458 386 633 468 afflictionem
657 416 739 470 quum
753 399 953 468 dedit,etc.lt
1007 400 1344 471 Vsas.t.—-ltultoque.
1373 400 1452 457 Sicut
1479 402 1571 458 Jrrdcei
1600 403 1649 475 qni
1673 403 1819 461 dixerant:

68 493 171 559 (llren.)
187 490 295 545 Dicitur
313 490 390 560 qnod
408 493 561 560 propterea
585 489 669 550 Dans,
685 492 755 555 etc,
783 487 918 558 usquead
972 488 1069 543 Omnia
1108 505 1271 559 quacunque
1297 495 1426 560 praecepit
1461 493 1538 546 uobis
1576 496 1661 559 Deus,
1689 496 1820 561 faciemus

68 596 160 650 usque
187 580 221 634 ad
245 579 332 634 tinem
362 576 574 632 saeculiiecerit
593 592 729 644 cresccre,
757 592 875 631 manere
890 581 919 632 et
972 576 1075 646 (duod.
1095 593 1170 644 xxiv,
1188 577 1291 649 xxxid:
1308 579 1542 635 etadorarerunt
1562 581 1695 636 vitulum.

68 668 185 723 mutari.
1006 666 1091 720 Vens.
1113 667 1139 719 5.
1156 695 1190 706 -
1217 668 1257 723 lte
1271 665 1377 721 dederis
1392 682 1420 723 os
1446 673 1531 723 tuum.
1549 669 1819 734 Quesinedicaste

104 757 183 810 Vere.
202 758 244 810 tn.
270 785 304 795 -
330 756 366 809 Et
381 754 501 824 coquoui.
520 754 661 821 (llrsnou.)
676 752 741 807 ldco
755 751 872 807 colonus
887 752 917 807 in
971 768 1005 807 ex
1025 752 1192 808 infirmitate
1216 753 1309 809 carnis
1336 759 1393 809 tuae
1408 771 1535 827 peccare,
1561 761 1650 830 tanqu
1658 773 1704 812 am
1716 758 1818 814 reflec-

68 845 178 899 mnndo
194 844 276 898 datus
291 847 333 898 est
346 843 446 909 bomo,
464 846 530 911 etc,
546 856 631 910 usque
648 839 773 895 adhinc:
970 845 1033 897 tens
1048 841 1162 912 culpam
1177 841 1208 895 in
1218 846 1374 904 auctorem.

103 934 182 987 Vnas.
201 935 243 988 lt.
260 962 294 972 -
309 931 401 988 Omuis
424 932 499 986 bomo
515 931 564 1000 qui
576 928 690 984 comedit
708 933 734 984 et
754 928 831 996 bibit,
849 931 916 995 etc,
1005 929 1101 986 Corum
1116 930 1218 997 cuqeio.
1236 929 1290 995 Qui
1317 933 1389 985 astat
1412 929 1580 1002 unicuique,
1597 938 1625 987 et
1641 933 1739 989 omnia
1761 935 1819 990 Deo

66 1020 162 1075 blultee
189 1019 266 1074 enim
292 1035 368 1074 nnnc
393 1016 594 1073 tribulationes
605 1017 761 1088 justorum,
777 1016 807 1071 in
819 1015 917 1071 futuro
971 1018 1098 1074 nuntiat:
1115 1017 1348 1089 neputesomnia
1363 1019 1451 1073 latere
1467 1020 1570 1075 Deum.

67 1113 165 1164 autem
181 1107 308 1162 nouerit
325 1108 406 1162 labor
419 1106 552 1161 intacob.
1005 1108 1087 1162 Vsns.
1104 1109 1130 1161 6.
1158 1136 1193 1146 —
1221 1106 1271 1162 Ubi
1285 1107 1374 1162 multa
1396 1111 1469 1162 suut.
1492 1106 1587 1177 Quasi,
1611 1111 1650 1166 Ne
1664 1109 1779 1180 idederis
1793 1127 1821 1167 es

104 1197 211 1263 Didici,
242 1201 295 1250 etc.
334 1195 397 1267 (ln.)
428 1195 504 1249 Nihil
528 1197 570 1249 est
597 1193 627 1248 in
661 1191 770 1248 mundo
797 1205 916 1259 novum,
971 1199 1057 1262 tuum,
1074 1199 1139 1264 etc,
1154 1195 1222 1266 quia
1236 1194 1297 1249 haec
1311 1194 1368 1249 vita
1384 1200 1427 1249 est
1450 1195 1533 1266 quasi
1552 1197 1673 1267 somnia,
1686 1204 1716 1253 et
1731 1200 1822 1256 multe

67 1283 137 1339 solis
160 1300 266 1347 cursus,
283 1281 458 1344 tamarices,
488 1284 573 1336 terra
601 1284 630 1335 et
644 1279 780 1334 arborum
795 1278 915 1344 siccitas,
969 1282 1103 1338 ridentur
1126 1298 1201 1349 vera,
1218 1299 1283 1354 quae
1299 1283 1517 1352 suutialsa3sic
1536 1292 1564 1342 et
1596 1287 1738 1342 excusatio
1753 1292 1816 1345 tae.

67 1373 111 1427 vel
129 1372 217 1435 viror,
248 1387 313 1426 cum
329 1369 436 1425 mundo
451 1368 566 1424 condita
589 1372 671 1436 sunt;
686 1367 788 1422 etbaec
810 1365 916 1421 idcirco
1005 1372 1090 1426 vans,
1107 1375 1133 1426 7,
1160 1372 1243 1428 -si
1268 1371 1370 1428 videns
1385 1373 1546 1428 calumniae.
1571 1375 1610 1429 Aa
1629 1374 1653 1428 si
1675 1374 1764 1431 dicae:
1781 1376 1820 1434 Ne

67 1464 143 1518 Deus
158 1468 235 1518 certa
249 1462 360 1520 ratione
375 1460 557 1532 temperavit,
574 1463 606 1514 ut
625 1458 677 1515 Dei
702 1457 915 1514 Providentiam
969 1458 1046 1514 dicos
1073 1473 1162 1514 corum
1187 1461 1293 1527 oreqeto,
1316 1476 1369 1515 neu
1388 1465 1428 1515 cst
1456 1461 1644 1517 Prouidentia:
1670 1463 1746 1534 quod
1777 1468 1820 1519 ast

66 1553 97 1606 in
112 1550 157 1605 his
181 1551 383 1622 intelligamus,
399 1554 427 1603 et
439 1548 591 1602 timeamus
606 1545 708 1601 aiacis
738 1545 798 1601 Dei.
815 1544 916 1599 Vultus
969 1552 1069 1602 contre
1083 1561 1132 1602 eos
1146 1547 1196 1620 qui
1210 1548 1307 1602 omnia
1317 1548 1429 1602 casibus
1443 1548 1491 1619 agi
1503 1554 1613 1620 putant,
1635 1555 1663 1604 et
1682 1551 1732 1606 Dei
1750 1568 1821 1623 pro·

68 1641 163 1692 autom
180 1637 294 1692 Domini
308 1651 394 1709 super
408 1636 543 1691 iacientes
557 1636 641 1691 mala.
930 1677 952 1733 Β
970 1635 1126 1692 videntium
1143 1641 1257 1707 negant.
1273 1637 1305 1693 Si
1321 1643 1417 1691 tamen
1435 1637 1536 1692 uiduis
1561 1638 1711 1695 calumnias
1725 1654 1820 1709 aperto·

105 1726 186 1780 Vens.
219 1726 260 1780 16.
286 1755 320 1765 ·-
356 1724 423 1780 Vidi
445 1723 493 1779 sub
522 1724 583 1779 cole.
611 1721 674 1793 (lo.)
699 1722 770 1778 Cum
803 1719 833 1774 in
862 1721 917 1775 hoc
970 1739 1042 1787 rum,
1058 1729 1111 1779 etc.

67 1813 176 1867 mundo
186 1812 326 1885 judicium
341 1816 369 1866 et
382 1811 532 1866 veritatem
548 1810 735 1881 requirerem,
751 1815 817 1879 etc.,
832 1824 917 1879 usque
1005 1813 1085 1867 vans.
1115 1814 1141 1867 8.
1158 1841 1192 1854 -
1210 1813 1347 1868 Universa
1369 1816 1457 1881 terre,
1476 1816 1528 1868 etc.
1559 1813 1760 1886 benepatiens
1792 1818 1821 1871 et

66 1902 115 1968 od,
127 1902 224 1959 Omnia
239 1903 310 1955 euim
320 1904 438 1970 tempore
451 1914 499 1954 suo
513 1901 694 1969 requirentur.
971 1900 1109 1968 redditor,
1125 1899 1175 1972 qni
1199 1899 1277 1967 dicit,
1293 1901 1364 1956 Cum
1392 1915 1517 1972 accepero
1542 1889 1655 1972 tempus,
1675 1918 1722 1971 eqo
1733 1903 1819 1974 justi·

102 1991 188 2045 Vens.
208 1992 250 2045 17.
269 2019 298 2029 -
323 1991 389 2044 Dius·
410 1991 440 2042 iu
454 1988 533 2043 corde
551 2003 617 2042 meo.
640 1987 711 2059 (ln.)
725 1985 823 2052 Quasi,
848 1990 915 2054 etc,
972 1991 1026 2044 tius
1036 1988 1182 2059 judicqbo.

66 2094 152 2149 usque
167 2078 204 2133 od
218 2082 247 2133 et
262 2076 378 2149 impleri
391 2081 496 2132 terram
506 2076 658 2147 pecoribus
670 2080 699 2130 et
712 2073 861 2129 armentis.
1007 2078 1088 2132 Vens.
1118 2080 1160 2132 tl.
1188 2103 1224 2118 -
1242 2077 1336 2133 Dulcis
1357 2080 1397 2132 est
1422 2092 1541 2133 somnus.
1566 2078 1670 2145 (ilina.)
1698 2077 1819 2134 Divitem

103 2169 187 2222 Vnae.
216 2169 261 2221 tl.
292 2166 413 2232 -Quis
440 2166 527 2221 uouit.
555 2163 620 2231 (lo.)
649 2164 712 2217 Non
740 2161 819 2226 dicit,
848 2164 915 2229 etc,
971 2182 1098 2235 avarum,
1114 2169 1180 2233 etc,
1204 2165 1349 2236 usquead
1375 2166 1513 2238 quoniam
1538 2166 1593 2240 ipsi
1623 2169 1714 2224 Deum
1743 2167 1822 2223 vide·

66 2255 195 2325 usquead
209 2260 238 2309 et
252 2253 293 2309 rei
312 2254 394 2325 quasi
410 2251 505 2308 dubim
517 2257 611 2306 certas
625 2260 750 2306 assertor
763 2249 809 2305 sit.
971 2255 1053 2310 bunt.

103 2348 244 2400 Deos-sum.
275 2342 317 2399 Ad
344 2341 461 2397 inferos.
490 2341 564 2398 Fieri
585 2340 663 2395 enim
690 2343 782 2411 potest
810 2342 842 2394 ut
859 2337 916 2393 cito
1006 2343 1088 2398 Vaas.
1111 2343 1154 2398 ti.
1168 2343 1264 2397 -Est
1290 2345 1317 2396 et
1331 2342 1388 2397 clia
1410 2341 1567 2412 inpunitos.
1581 2343 1744 2414 'Possumus
1758 2341 1821 2398 berc

68 2436 227 2498 mutentur,
253 2434 282 2485 et
300 2445 376 2500 serpe
399 2429 449 2501 qui
471 2428 548 2484 docti
563 2428 743 2495 videbantur,
760 2427 796 2482 ad
808 2426 917 2483 inferos
972 2431 1007 2488 de
1023 2429 1212 2503 philosophis,
1229 2434 1295 2497 etc,
1310 2444 1395 2499 usque
1409 2430 1447 2485 od
1457 2447 1522 2486 cum
1536 2430 1736 2502 scriptumsit:
1755 2433 1820 2487 Per-

66 2520 229 2575 ducuntur:
240 2523 269 2574 et
282 2517 429 2588 simplices
438 2516 537 2573 rustici
552 2521 737 2572 coronentur.
971 2520 1039 2575 dom
1057 2521 1222 2591 sapientiam
1236 2520 1411 2588 sapientium,
1427 2522 1481 2573 etc.

102 2609 195 2664 Vens.
214 2610 258 2662 Ὦ.
285 2637 320 2648 -
344 2609 379 2661 bt
393 2605 567 2676 deprehendi.
594 2604 917 2676 Superiorerroretur-
1008 2609 1088 2662 Vens.
1106 2610 1148 2662 17.
1165 2607 1267 2661 —lloc
1279 2607 1372 2676 itaque
1388 2608 1458 2661 milti
1467 2608 1555 2661 uisum
1579 2606 1742 2676 astianum,
1766 2612 1818 2664 etc.

66 2695 161 2763 batus,
187 2700 254 2765 etc,
283 2694 422 2765 usquead
444 2711 510 2766 ques
540 2694 570 2748 in
587 2693 696 2748 mando
722 2693 821 2748 lutura
849 2695 918 2749 sunt
974 2696 1072 2752 ltelius
1085 2694 1152 2749 dicit
1178 2710 1249 2758 esse,
1267 2698 1333 2760 etc..
1359 2710 1443 2765 usque
1470 2695 1507 2751 ud
1528 2711 1615 2769 qnam
1635 2695 1821 2768 inspiratllei

66 2788 179 2856 postea.
974 2783 1066 2856 gratia
1080 2782 1110 2838 in
1124 2781 1286 2854 adjuvando
1301 2782 1376 2838 bona
1391 2799 1489 2855 opera.

404 2851 517 2907 CAPUT
542 2851 585 2906 lll.

103 2960 187 3015 Vnae.
210 2961 235 3013 t.
250 2988 286 2999 —
314 2957 390 3013 Verte·
403 2972 444 3012 mc
461 2956 499 3011 od
513 2956 579 3011 otio.
596 2954 711 3011 Plenius
726 2955 803 3010 hunc
823 2952 952 3011 locumG
1312 2915 1425 2972 CAPUT
1442 2917 1487 2972 Vl·

67 3047 159 3103 David
178 3046 209 3101 in
222 3045 333 3116 psalmo
348 3061 433 3112 nxxu,
450 3049 479 3101 et
498 3043 635 3099 ieremias
647 3043 677 3098 in
703 3043 917 3099 suovolumine
1006 3039 1096 3095 Vsas.
1131 3042 1156 3094 l.
1173 3068 1207 3082 -
1226 3040 1316 3096 distet
1338 3039 1416 3095 aliud
1428 3042 1539 3096 molum.
1558 3043 1706 3110 Describit,
1724 3044 1819 3099 etali-

66 3139 295 3207 proseqnuntur.
970 3132 1014 3184 ter
1042 3127 1158 3183 divitem
1182 3143 1310 3196 avarum,
1334 3127 1385 3200 qui
1407 3144 1473 3184 cum
1490 3130 1588 3185 omnia
1615 3130 1818 3199 babeatbona,

103 3224 187 3279 Vaas.
205 3225 233 3278 t.
259 3251 294 3263 -
308 3223 344 3279 nt
366 3220 492 3276 laudaui.
517 3221 625 3288 (Bran.)
650 3219 706 3274 atii
730 3218 915 3275 bunclocnm
971 3215 1160 3272 nibilominus
1174 3215 1265 3272 nimia
1280 3217 1417 3288 parcitate
1432 3233 1462 3273 se
1486 3217 1606 3287 cruciat,
1620 3219 1750 3275 nesciens
1773 3220 1821 3276 cui

66 3309 108 3366 ita
123 3310 298 3380 intelligunt,
326 3313 391 3375 etc,
415 3323 500 3378 usque
525 3307 562 3363 ad
595 3312 624 3363 et
652 3307 753 3363 tandiu
780 3324 828 3363 eas
856 3323 916 3364 esse
971 3308 1136 3376 congreget.

67 3396 305 3470 beatasqneodiu
320 3397 505 3468 pertruantur
520 3395 761 3467 choroangelico.
1004 3393 1084 3449 Vens.
1098 3396 1125 3449 t.
1154 3423 1189 3435 -
1216 3393 1267 3448 Vir
1288 3395 1332 3449 cui
1357 3392 1433 3449 dedit
1460 3393 1533 3450 Deus
1559 3394 1684 3452 diuitias.
1714 3396 1821 3469 (ilina.)

104 3487 185 3541 Vsas.
202 3487 232 3542 3.
251 3486 505 3552 —Etseliciorem
522 3483 915 3551 Quianecriditbaecmale,
969 3483 1069 3537 Potest
1082 3482 1136 3536 boc
1164 3481 1322 3553 depopnlo
1351 3481 1437 3538 lsrael
1457 3483 1557 3556 accipi,
1586 3489 1651 3550 etc,
1680 3485 1821 3555 usquead

66 3590 120 3629 nec
146 3578 280 3646 expertus
309 3579 369 3628 est:
399 3589 451 3628 nec
477 3571 635 3627 secundum
663 3588 790 3628 errorem
816 3589 916 3629 eorum
970 3569 1155 3640 adjudicium
1169 3571 1387 3642 properabimus
1400 3587 1509 3628 omnes.

67 3662 118 3734 qui
140 3667 243 3734 putant
258 3662 370 3717 enimes
400 3677 473 3731 esse,
500 3666 654 3732 antequem
682 3661 814 3716 homines
835 3662 914 3717 bant.
1005 3659 1086 3714 Vsus.
1113 3662 1139 3714 3.
1155 3689 1190 3700 ·-
1209 3659 1368 3728 Sepultura.
1394 3660 1459 3730 (ln.)
1483 3661 1560 3716 Adeo
1587 3678 1698 3730 avarus,
1723 3667 1821 3720 utnec

64 3750 166 3806 llelius
180 3755 223 3806 ast
243 3751 340 3822 itaque
364 3750 483 3805 omnino
511 3765 569 3804 non
593 3765 758 3821 essequam
774 3750 849 3805 mele
875 3750 916 3804 vi·
970 3745 1005 3800 de
1033 3746 1180 3817 sepulture
1206 3744 1321 3816 cogitet,
1348 3747 1403 3814 val,
1418 3762 1494 3819 serpe
1522 3763 1575 3819 pro
1590 3748 1695 3804 divitiis
1710 3750 1821 3805 occisus

65 3855 147 3894 vere:
163 3839 250 3904 ande,
265 3840 363 3894 licitus
389 3837 435 3894 itti
458 3842 518 3893 erut
531 3839 556 3892 si
569 3841 712 3892 notusuou
726 3839 825 3905 fuisset
840 3839 916 3894 bomo
969 3833 1105 3904 abjicitur
1117 3832 1297 3904 insepultus:
1320 3834 1373 3899 vel,
1401 3834 1470 3904 quia
1494 3837 1604 3891 nmium
1633 3837 1688 3892 sibi
1708 3852 1820 3893 memo·

65 3929 122 3995 illc,
138 3934 191 3983 etc.
207 3928 317 3995 (blattis.
335 3928 402 3994 xiv).
969 3921 1042 3977 riam
1053 3920 1209 3994 relinquat,
1223 3936 1288 3975 cum
1304 3921 1439 3977 omnibus
1449 3922 1532 3977 bonis
1542 3922 1651 3979 aiiluat.

101 4017 187 4071 vm,
211 4019 238 4072 9,
266 4043 302 4057 -
326 4015 429 4071 Melius
453 4018 503 4071 est,
532 4015 595 4082 (lu)
621 4016 687 4069 post
711 4013 916 4070 sollicitudines
1003 4011 1088 4065 Vens.
1104 4010 1537 4080 7.—Omuislubor:bocest,
1561 4011 1640 4083 quod
1663 4012 1820 4069 laborando

65 4109 95 4160 et
119 4103 259 4171 miserias,
292 4107 357 4165 etc,
384 4119 469 4174 usque
493 4103 530 4159 ud
558 4103 682 4158 calorem
709 4102 775 4158 vitae
800 4107 915 4158 aeteram
970 4096 1069 4152 didicit
1087 4096 1186 4167 homo,
1213 4095 1244 4152 id
1272 4102 1316 4152 est
1330 4097 1489 4170 rationalis,
1505 4099 1535 4154 in
1564 4099 1733 4173 ore·habct,
1750 4102 1820 4175 quia

65 4192 195 4264 accipere
206 4207 264 4247 non
279 4192 416 4248 valemus.
931 4233 953 4287 D
972 4184 1043 4240 alios
1057 4185 1149 4240 docet.

102 4282 183 4336 Vens.
221 4283 263 4336 l3.
294 4310 328 4321 -
364 4281 459 4337 Melior
493 4284 533 4335 est
556 4271 736 4352 puer.‘(ln.),
764 4296 849 4351 usque
879 4281 917 4339 ud
1007 4273 1202 4343 dirimatque
1236 4287 1290 4329 uon
1317 4273 1483 4344 implebitur.
1512 4275 1574 4343 (lo.)
1607 4275 1680 4342 Quia
1707 4294 1822 4351 semper

60 4371 148 4443 finem
159 4384 223 4440 cop.
972 4361 1051 4433 cupit
1065 4361 1172 4417 discere
1197 4362 1273 4434 quod
1293 4361 1406 4419 doceat:
1424 4368 1452 4420 et
1465 4365 1520 4420 lroc
1545 4366 1631 4421 babet
1645 4368 1731 4423 stulto
1746 4369 1819 4441 plns,

417 4438 529 4494 CAPUT
553 4439 584 4494 V·
972 4450 1039 4521 quia
1054 4466 1119 4506 cum
1131 4450 1215 4506 beato
1238 4467 1365 4523 paupere
1376 4452 1467 4508 tendit
1490 4454 1524 4508 ad
1540 4454 1696 4524 Christum,
1713 4457 1763 4528 qui
1778 4463 1821 4513 est

102 4545 188 4599 Vens.
207 4548 234 4600 l.
258 4573 293 4584 -
307 4544 346 4600 Ne
361 4547 465 4610 umus,
481 4546 564 4599 Deus.
589 4541 661 4607 Quia
674 4541 772 4599 omnia
795 4541 875 4597 audit
889 4543 919 4596 ot
971 4539 1029 4593 vita
1043 4542 1072 4594 et
1086 4538 1135 4610 qni
1151 4539 1206 4594 ait:
1219 4541 1298 4595 ilenti
1315 4556 1449 4611 pauperes
1476 4545 1588 4613 spiritu,
1605 4546 1733 4616 quautam
1743 4547 1818 4617 ipso·

65 4633 156 4703 ridet,
173 4639 202 4688 et
215 4632 366 4688 stultitiam
380 4637 459 4687 tuam
468 4631 704 4704 arguitqnamvis
713 4630 774 4703 ipse
789 4630 820 4686 in
835 4631 916 4697 coelo,
970 4643 1033 4682 rum
1046 4632 1085 4683 est
1094 4643 1206 4696 regnum
1220 4630 1355 4685 culorum.

66 4727 95 4775 et
110 4721 182 4776 tuin
195 4724 281 4775 terre.
1007 4717 1093 4772 Vens.
1109 4719 1151 4773 to.
1167 4747 1202 4757 —
1217 4719 1270 4785 Qui
1282 4718 1395 4784 futurus
1419 4721 1467 4773 est.
1490 4716 1553 4790 (lo.)
1573 4719 1707 4777 Omnium
1722 4724 1817 4779 homi·
1851 4731 1857 4738 '

103 4810 187 4864 Vnae.
199 4811 228 4883 i,
242 4838 277 4849 -
295 4807 409 4864 diuites.
429 4806 515 4873 Quasi
540 4807 613 4863 sicut
626 4807 676 4879 qui
692 4808 782 4862 multa
805 4806 917 4878 cogitat,
971 4819 1053 4871 nrum,
1069 4804 1120 4876 qui
1133 4804 1224 4860 futuri
1238 4808 1434 4876 suntcorpore
1449 4806 1655 4876 circumdandi,
1666 4811 1727 4882 jam
1742 4813 1817 4870 Deus

66 4895 131 4966 ipsa
150 4895 315 4967 frequenter
343 4894 476 4962 somniat,
503 4894 543 4949 sic
571 4894 603 4949 in
631 4893 782 4950 stultitiam
805 4895 916 4963 recidit,
971 4892 1140 4948 vocabulum
1156 4893 1301 4961 norit3ne
1324 4892 1416 4964 possit
1427 4893 1513 4950 homo
1533 4897 1706 4967 respondere
1721 4905 1820 4956 contra

66 4983 119 5056 qui
134 4984 209 5038 ultra
222 4999 261 5051 se,
278 4984 312 5038 de
329 4985 387 5039 lieo
410 4983 544 5055 disputat.
570 4982 630 5049 Vel,
646 4982 713 5055 quia
728 4981 814 5037 modo
838 4981 916 5037 ride·
970 4980 1119 5048 artificem,
1140 4997 1229 5052 quare
1244 4980 1294 5047 ita,
1320 4981 1365 5035 vel
1380 4981 1420 5036 ita
1435 4982 1472 5038 sit
1496 4983 1596 5040 factus.
1613 4984 1725 5049 Quanto
1741 4988 1819 5044 enim

66 5087 132 5127 mus
146 5088 197 5143 per
211 5070 358 5143 speculum
382 5075 410 5126 et
424 5071 454 5125 in
465 5071 640 5142 aenigmate,
668 5069 750 5142 quasi
776 5085 829 5142 per
841 5085 916 5124 som·
970 5069 1094 5141 amplius
1107 5068 1313 5140 quesierimus,
1341 5073 1421 5125 tanto
1452 5071 1543 5143 magis
1557 5073 1719 5130 ostenditur
1736 5077 1815 5131 rani·

65 5175 150 5221 nrrm,
166 5159 342 5214 mstimsmus
365 5174 417 5213 nos
430 5161 540 5226 tenere,
556 5157 632 5229 quod
644 5173 704 5213 non
725 5156 875 5221 habemus,
889 5160 918 5211 et
970 5163 1013 5213 tas
1027 5161 1124 5212 nostra
1138 5161 1166 5212 et
1192 5157 1279 5213 verba
1291 5159 1451 5230 superflum
1479 5164 1508 5216 et
1531 5177 1589 5217 non
1617 5177 1650 5218 ex
1665 5165 1818 5235 praesentia

65 5252 164 5302 tamen
180 5247 254 5303 nihil
269 5246 419 5302 habemus.
971 5244 1021 5300 liei
1031 5244 1142 5300 tollitur
1155 5244 1279 5301 liberum
1304 5247 1466 5316 arbitrium,
1487 5249 1537 5304 sed
1554 5265 1648 5306 censae
1660 5255 1725 5307 ente
1740 5269 1818 5326 prae-

104 5336 187 5391 vrae.
205 5336 364 5391 :t-Gum
384 5340 475 5391 uotum
493 5336 607 5391 uouems.
626 5334 730 5404 illisa.)
759 5333 917 5389 Meliusest
970 5334 1173 5407 ceduntquare
1188 5337 1415 5408 unumquodque
1430 5336 1467 5392 sit
1481 5336 1599 5394 iactum.

65 5439 127 5478 noa
155 5423 334 5494 promittere,
360 5419 433 5492 etc.‘,
461 5438 547 5494 usque
584 5422 631 5492 ud,
656 5422 801 5492 copulatu
823 5422 917 5479 multis
1005 5424 1088 5479 Vens.
1111 5425 1152 5478 ll.
1167 5424 1392 5480 -Vertosuut
1418 5425 1516 5496 Quasi,
1544 5426 1725 5499 lieiquidem
1742 5431 1819 5488 lilius

64 5512 169 5584 pluuia.
969 5510 1083 5566 iuturus
1106 5515 1150 5567 est
1172 5509 1271 5582 homo,
1299 5517 1331 5568 tu
1357 5517 1454 5569 autem
1491 5514 1550 5570 noli
1576 5517 1653 5574 altra
1671 5517 1818 5592 inquirere
