3892 6106
87 272 139 325 em
395 261 592 319 wisirmar
610 258 735 317 srutm
755 256 858 313 rutn.
879 256 962 311 ιιοι.
981 254 1057 312 ore.
1078 254 1166 310 rans
1184 255 1205 309 t.
1225 284 1260 295 -
1279 242 1508 313 rueomarc'i.
1788 261 1837 315 aso

89 393 145 450 bite
160 397 189 447 et
212 395 333 461 satrape
353 393 495 455 terrarum
509 398 613 438 aarum
628 385 656 435 el
671 385 846 451 argeutum:
870 378 976 450 quiea
994 392 1054 447 que
1067 380 1099 446 lit
1124 377 1206 432 ineis
1223 379 1286 446 feru
1312 379 1526 447 aquesais'eutis
1554 382 1585 434 iu
1613 382 1703 435 eitam
1714 386 1838 437 ιιιιιιιι

89 495 212 552 qumque
238 494 308 549 gens
331 480 360 530 et
377 473 514 546 quoslibet
535 486 658 543 persona
679 468 809 523 certatim
825 484 878 539 pro
902 467 941 521 vi·
995 468 1146 536 (loamrv).

90 569 169 622 ribus
191 573 287 621 nostro
312 563 430 636 pacifico
450 560 531 615 ollerl
548 557 712 613 reeteetidei
728 573 844 622 uiuuus,
859 555 939 627 puri·
1027 554 1188 620 Arpeutum.
1215 553 1278 609 Non
1308 558 1352 609 est
1375 555 1406 609 in
1420 569 1552 610 sermone
1571 555 1694 611 verbum
1709 556 1771 627 nst,
1797 558 1840 614 sed

90 662 178 711 tatem
200 668 308 716 seusus,
331 666 417 704 sacrae
441 646 626 703 contessiouis
641 644 862 717 plenitudinem,
878 643 939 697 elo·
993 641 1023 696 iu
1054 642 1169 709 virtute,
1198 647 1230 697 ut
1257 643 1288 697 iu
1310 643 1513 714 predicatione
1542 644 1709 716 Evangelii3
1739 646 1839 701 nonin

90 743 216 817 quentiae
245 741 379 805 nitorem,
409 736 515 792 unde:
544 738 628 801 lienes
655 734 768 789 Thersit
794 739 820 786 et
845 732 940 786 insule
992 730 1225 803 persualibilibus
1254 731 1388 786 bumauae
1413 732 1561 803 sapientise
1597 734 1704 802 verbis,
1733 734 1784 789 sed
1812 736 1838 791 in

91 846 188 888 mutius
211 829 336 897 offerent,
359 833 412 880 etc.
437 827 473 880 at
494 823 647 879 adorabunt
667 838 726 877 cum
750 836 839 877 omnes
854 837 939 889 repes,
995 818 1157 875 ostensione
1172 819 1289 889 spiritus
1308 824 1337 873 ιι
1356 818 1478 876 virtutis.

90 934 180 977 omues
195 921 285 987 perires
299 918 416 970 servierit
430 917 456 968 ei
465 914 551 983 (Psoi.
572 913 656 983 ιιιι).
1029 909 1108 962 Vens.
1124 909 1167 960 et.
1193 936 1228 946 -
1243 905 1387 976 Siquidem
1400 923 1482 964 uoces
1507 910 1583 978 repis
1607 909 1688 965 ibunt
1700 910 1734 964 iit
1762 912 1841 966 Titur-

126 1009 205 1061 vuns.
233 1009 275 1060 itt.
301 1034 336 1043 -
359 1005 431 1059 Fecit
451 1004 547 1069 icitur.
570 1001 642 1065 Quia
667 1005 763 1072 patres
790 998 940 1068 utriusque
993 1001 1042 1062 sis,
1058 1002 1109 1051 etc.
1128 995 1219 1067 (ιιιι.)
1235 996 1364 1051 Christus
1388 997 1532 1067 apostolos
1558 998 1692 1054 doctores
1723 998 1841 1072 Evange-

90 1095 263 1152 Testumenli
284 1092 455 1148 doetrinaet
478 1093 642 1161 operatione
657 1087 784 1160 perfecti,
802 1084 940 1158 qttidquid
994 1086 1035 1153 lii,
1065 1101 1139 1156 qtros
1154 1085 1190 1139 de
1212 1084 1317 1140 ludaeis
1342 1085 1439 1156 elegit,
1461 1101 1526 1140 euru
1547 1086 1785 1158 predicatoribus
1809 1089 1840 1145 dc

90 1200 222 1241 sermone
237 1183 408 1245 docueruut,
424 1195 512 1250 opere
527 1178 730 1250 probaverunt.
994 1173 1128 1246 gentihus
1153 1173 1251 1228 electis
1277 1174 1354 1228 trina
1371 1174 1560 1242 consessione,
1587 1175 1637 1231 sed
1660 1191 1722 1232 una
1735 1176 1791 1232 lide
1812 1177 1840 1233 iu

127 1275 227 1328 llastas
253 1282 362 1323 aureas.
388 1267 453 1321 llaee
475 1271 518 1320 est
545 1268 690 1319 armatura
713 1262 773 1330 liei,
794 1278 851 1332 qua
873 1259 942 1316 resi·
995 1261 1137 1317 muudum
1159 1260 1304 1328 mittitur
1332 1262 1558 1319 incredentibus
1574 1263 1696 1319 afferant
1725 1265 1838 1321 albian-

92 1361 193 1416 stimus
215 1363 315 1413 contra
339 1355 459 1411 insidias
481 1353 588 1409 diaboli
610 1369 618 1407 ι
641 1354 714 1407 lianc
736 1350 843 1406 liabent
864 1365 941 1421 prte-
994 1366 1060 1405 rum
1084 1349 1242 1420 sapientire,
1259 1355 1412 1422 argeutum
1427 1351 1610 1423 eloquentiae,
1625 1356 1656 1407 et
1675 1352 1749 1408 ebur
1763 1354 1840 1409 casti·

92 1452 231 1505 dicntures
255 1446 355 1508 sancti,
381 1444 431 1516 qui
453 1443 618 1497 custodiunt
632 1441 750 1496 domum
771 1439 833 1507 liei,
849 1444 877 1493 et
891 1454 940 1493 ex·
995 1439 1071 1494 tatis.
1101 1439 1191 1493 Simia
1210 1444 1307 1494 autem
1334 1445 1376 1495 est
1403 1440 1509 1495 animal
1534 1440 1735 1512 ingeniosum,
1753 1442 1841 1497 etho·

92 1540 196 1594 cubant
226 1536 260 1591 ad
291 1534 394 1588 ostium
426 1532 498 1603 ejus,
527 1546 563 1584 ue
591 1529 734 1584 subintret
759 1527 849 1583 hostis
867 1526 941 1580 anti·
996 1528 1082 1583 minis
1110 1528 1308 1597 imitatorium,
1338 1533 1367 1584 et
1391 1529 1578 1601 philosophos
1605 1530 1770 1602 significare
1793 1548 1841 1603 pa·

93 1644 176 1699 quus,
202 1626 276 1679 uude
293 1639 300 1677 ι
316 1623 454 1679 tutulum
477 1621 627 1676 Salomonis
651 1618 774 1672 ambiunt
797 1617 942 1681 seuaqiulu
958 1660 979 1714 B
997 1622 1061 1682 test,
1095 1617 1145 1688 qui
1182 1634 1256 1673 verre
1287 1617 1436 1689 sapientise.
1468 1632 1569 1673 seusus
1594 1616 1754 1691 aliquando
1783 1635 1843 1675 mu·

91 1721 175 1785 sortes
192 1716 283 1784 (Prota
301 1712 352 1780 ut).
997 1711 1068 1770 taut,
1085 1712 1114 1760 et
1137 1707 1168 1760 iu
1183 1706 1341 1777 disciplinis
1357 1706 1474 1761 moralis
1488 1707 1555 1761 vitos
1578 1707 1744 1763 edisserunt
1757 1714 1843 1765 actua

129 1805 207 1858 Vsus.
231 1805 273 1857 lli.
287 1828 323 1842 -
339 1802 467 1855 Trecenta
490 1811 604 1866 quoque.
629 1792 785 1848 Perfectum
804 1790 890 1846 tidem
906 1790 943 1844 si·
996 1794 1081 1861 Pavo,
1113 1793 1163 1865 qui
1182 1795 1311 1849 laudatas
1338 1794 1463 1850 ostendit
1485 1810 1604 1866 pennas,
1633 1810 1683 1851 eos
1707 1795 1846 1868 significet

93 1894 210 1966 gnificat
245 1891 276 1945 iu
310 1892 415 1943 sanctu
452 1885 599 1940 Trinitatis
637 1881 824 1937 confessione.
867 1880 941 1933 Bene
996 1881 1047 1953 qui
1081 1887 1199 1954 propter
1228 1883 1327 1938 leudes
1355 1882 1507 1939 hominurn
1534 1881 1681 1938 variarum
1710 1884 1846 1940 virtutum

93 1982 225 2037 custodes
260 1979 363 2033 domus
398 1975 449 2031 liei
477 1974 573 2029 hastas
601 1976 629 2026 el
656 1977 736 2025 scuta
768 1984 854 2024 aurea
879 1983 943 2038 por·
996 1969 1104 2040 species
1117 1975 1275 2025 ostentant:
1293 1971 1342 2026 sed
1357 1971 1579 2042 predicatorum
1593 1972 1726 2029 doctrina
1739 1973 1845 2029 instru-

93 2077 177 2127 tant:
200 2069 269 2141 quia
289 2066 501 2138 praedicatores,
525 2061 576 2135 qui
599 2065 666 2115 suut
689 2058 820 2114 Ecclesiae
845 2061 942 2111 custo·
996 2059 1034 2113 cti
1057 2059 1172 2114 discunt
1194 2060 1361 2115 benefacere
1389 2059 1498 2115 iutuitu
1528 2062 1619 2117 solius
1656 2061 1717 2131 usi,
1743 2067 1774 2118 et
1800 2078 1845 2134 ap-

94 2161 155 2227 des,
173 2156 300 2212 claritate
322 2153 471 2224 sutrientiae
487 2151 679 2223 splendentes,
694 2147 846 2203 verborum
858 2145 942 2216 jacu-
996 2151 1094 2201 tantur
1109 2146 1208 2201 eterni
1225 2147 1300 2217 regis
1311 2145 1429 2202 deliciis.

95 2249 128 2303 lis
150 2246 281 2301 inimicos
308 2241 486 2307 confodiunt,
514 2246 544 2295 et
573 2243 652 2293 scuto
680 2237 748 2292 fidei
775 2235 858 2306 ignea
886 2233 943 2288 tela
1033 2236 1113 2290 Vens.
1129 2238 1175 2289 ιι.
1193 2266 1225 2275 --
1246 2235 1450 2304 Quadrupirtte.
1477 2235 1842 2309 Quadragenariuspriseu

95 2336 271 2407 nequissima
284 2332 478 2402 exstinguunt.
997 2322 1069 2393 legis
1094 2329 1225 2394 tempora
1247 2324 1398 2395 significat.
1422 2325 1511 2380 ldoses
1537 2324 1616 2380 enim
1631 2323 1728 2397 legem
1751 2342 1846 2398 accep-

129 2425 182 2481 εει
208 2436 313 2492 quoque
333 2419 480 2473 brachiola.
507 2419 539 2472 lu
564 2415 677 2470 senario
702 2413 845 2468 bonorum
874 2425 944 2482 ope·
997 2414 1080 2464 turus
1094 2410 1285 2481 quadraginta
1306 2410 1406 2466 diebus
1428 2411 1579 2482 jejunavit,
1604 2415 1634 2467 et
1655 2413 1785 2483 populus
1797 2427 1846 2484 per

93 2528 159 2568 rum
195 2509 341 2582 perlectis.
380 2508 434 2563 Sex
468 2505 546 2560 euim
577 2504 677 2559 diebus
704 2501 769 2556 lecit
802 2500 943 2555 mundum
998 2513 1064 2553 cum
1083 2498 1239 2553 instructus
1268 2498 1460 2570 quadraginta
1472 2499 1556 2554 annis
1574 2514 1706 2556 eremum
1723 2500 1846 2557 turcum·

96 2603 180 2663 lleus,
207 2603 236 2653 et
260 2595 391 2651 senarius
418 2599 462 2649 ast
488 2592 599 2663 primus
624 2590 767 2661 perlectos
795 2602 942 2641 uumerus.
997 2586 1056 2642 isit.
1086 2586 1220 2642 Senarius
1243 2603 1310 2642 vero
1338 2603 1466 2659 praeseus
1493 2593 1608 2659 tempus
1635 2587 1791 2660 siguificat,
1816 2588 1846 2644 in

96 2688 179 2742 ttonts
201 2702 268 2742 vero
292 2689 321 2739 et
343 2682 477 2755 perlectis
503 2680 640 2750 operibus
663 2677 698 2733 ad
720 2677 823 2733 coelum
849 2691 944 2729 asceu-
999 2692 1057 2747 quo
1086 2676 1241 2746 apostolica
1269 2676 1397 2731 doctriua
1424 2675 1496 2731 Novi
1510 2677 1685 2733 Testamenti
1706 2678 1845 2751 populant

94 2776 181 2831 ditur.
999 2764 1099 2818 nutrit.
1117 2765 1191 2819 liena
1219 2781 1288 2836 ergo
1302 2780 1355 2836 per
1377 2765 1639 2837 quadragenarium
1653 2772 1845 2823 numerantur

129 2864 279 2920 scabellum
315 2874 436 2916 aureum.
469 2857 587 2914 Sanctus
619 2857 756 2911 virtutum
793 2852 945 2925 splendore
999 2852 1066 2925 equi
1094 2853 1254 2908 Salomonis
1274 2853 1305 2908 in
1320 2853 1439 2909 stabulis
1466 2854 1608 2922 collocati,
1633 2854 1703 2927 qnia
1725 2872 1780 2927 per
1799 2856 1848 2911 du·

93 2953 226 3025 fulgidos,
251 2951 280 3005 in
305 2949 410 3021 quibus
433 2948 543 3003 habitat
566 2947 652 3001 licus.
685 2946 807 2999 Possunt
828 2956 944 3013 quoque
960 2948 981 3003 c
999 2941 1095 2996 ritiem
1121 2941 1193 3013 legis
1220 2942 1332 3008 veteris,
1362 2942 1485 2998 coercita
1504 2947 1548 2998 est
1565 2944 1718 2999 insolentia
1745 2944 1847 3017 prioris

93 3058 146 3113 per
173 3039 327 3095 scabellum
354 3036 449 3092 notari
470 3035 521 3107 qui
544 3033 653 3088 infirmi
680 3036 799 3087 suntin
824 3045 944 3101 corpore
997 3029 1106 3100 populi.
1137 3029 1333 3085 buodenerius
1359 3047 1427 3086 vero
1451 3047 1579 3102 pressus
1610 3037 1726 3104 tempus
1756 3032 1845 3105 sigui·

94 3131 209 3195 tllrristi,
230 3128 303 3182 sieut
321 3126 502 3198 paenitentes,
520 3124 564 3178 rel
584 3121 634 3194 qui
656 3119 802 3176 novissimi
825 3134 943 3173 eonver-
997 3117 1072 3185 licat,
1106 3117 1136 3171 in
1157 3134 1214 3189 qno
1242 3119 1399 3190 apostolice
1430 3120 1583 3176 auctoritas
1610 3122 1752 3194 populum
1784 3136 1849 3195 gen·

93 3222 200 3284 teutur,
224 3218 305 3288 Juxta
333 3215 421 3269 liuern
449 3213 556 3267 scilicet
570 3209 681 3276 muudi,
697 3209 748 3281 qui
765 3212 862 3262 tamen
878 3209 944 3261 suut
996 3206 1070 3262 tium
1085 3206 1176 3261 nutrit
1190 3207 1261 3262 Novi
1273 3208 1448 3264 Testamenti
1460 3210 1599 3265 doctrina.

93 3306 174 3361 aurei
202 3305 269 3377 igne
292 3301 507 3358 tribulationem
531 3299 609 3354 illius
632 3296 771 3369 temporis
794 3294 901 3350 excocti
916 3298 944 3350 ct
1032 3297 1069 3349 la
1092 3295 1257 3351 Jerusalem.
1284 3296 1400 3352 Visioue
1427 3297 1514 3369 pacis.
1550 3298 1689 3354 Distentis
1716 3298 1844 3356 locorum

94 3395 216 3467 probati.
997 3384 1196 3440 discretionem
1224 3386 1351 3441 ostendit
1374 3386 1517 3441 allectum.
1535 3385 1589 3451 Oui
1615 3388 1695 3442 euim
1720 3394 1791 3444 sunt
1816 3388 1845 3443 ιι

130 3483 238 3538 Staures
247 3480 333 3549 jemla
347 3477 487 3531 martiolo
502 3491 509 3530 :
525 3475 573 3530 sed
587 3478 613 3529 et
630 3475 698 3528 alios
714 3472 853 3528 duodecim
867 3473 943 3527 eurr·
999 3474 1117 3529 urbibus
1143 3475 1359 3545 quadrigarum,
1387 3475 1453 3530 illos
1477 3475 1640 3546 significant
1654 3476 1707 3548 qui
1728 3476 1843 3533 dirersis

94 3573 178 3637 culos,
204 3572 257 3624 etc.
281 3566 354 3632 Ouia
376 3565 468 3619 sancti
485 3564 583 3619 Patres
609 3561 749 3635 quidquid
764 3561 795 3615 iu
814 3561 944 3630 Evange—
998 3561 1124 3617 ecelesiae
1150 3562 1310 3634 disciplinis
1337 3580 1389 3634 per
1411 3563 1573 3635 spirituales
1599 3564 1756 3637 magistros
1783 3581 1842 3621 eru·

94 3660 132 3715 lio
156 3657 224 3713 boui
245 3656 384 3721 fecerunt,
411 3668 470 3706 uon
493 3651 548 3706 sibi
566 3651 615 3706 sed
640 3650 697 3704 lieo
723 3651 941 3721 deputaverunt,
997 3650 1125 3706 diuntur.
1154 3651 1293 3707 liliisero
1317 3653 1379 3723 jam
1408 3652 1523 3722 eruditi,
1554 3653 1621 3708 usui
1652 3654 1732 3726 regis
1762 3656 1841 3711 etele-

94 3747 192 3804 uuds:
221 3747 280 3802 Non
307 3743 395 3806 nobis,
424 3743 544 3808 Domine,
572 3754 626 3795 nort
651 3739 740 3809 nebu,
768 3737 816 3794 sed
839 3741 945 3793 nomini
998 3740 1050 3794 stis
1065 3740 1154 3811 aptati
1170 3741 1351 3809 presentiam
1378 3741 1440 3812 ejus
1453 3740 1558 3796 babere
1575 3747 1735 3798 merentur.
1751 3744 1840 3800 Unde:

94 3840 139 3892 tuo
153 3835 319 3902 duplarium
334 3832 416 3902 (Psal.
432 3831 518 3898 exui).
998 3831 1099 3884 Currus
1122 3830 1172 3883 liei
1200 3828 1288 3883 decem
1315 3829 1445 3895 millibus,
1463 3830 1523 3901 lete.
1554 3830 1636 3900 (Psoi.
1668 3832 1787 3904 ιιιιι.)
1814 3830 1841 3885 lit

130 3923 284 3989 liraelrialu,
314 3927 366 3976 etc.
407 3920 440 3974 lu
463 3920 575 3988 Regum
604 3916 644 3971 ιιι
666 3930 672 3971 :
698 3918 733 3971 lit
760 3915 821 3970 due
846 3930 943 3970 manus
997 3917 1080 3973 alibi:
1099 3918 1287 3973 Ascenduuet
1301 3932 1383 3987 super
1408 3932 1489 3988 equos
1503 3923 1573 3987 tuos,
1588 3924 1614 3974 et
1630 3922 1839 3990 equtuautuo

94 4014 156 4069 ltine
169 4017 194 4067 ιι
207 4011 275 4067 iude
289 4015 404 4064 terrentes
418 4007 501 4063 sedile
513 4006 568 4077 (lli
580 4008 643 4072 lieo.
659 4004 697 4075 ι).
713 4005 778 4059 llaec
792 4014 858 4059 suut
872 4006 944 4059 sola·
997 4008 1102 4061 sanias
1118 4006 1231 4074 (Hebae.
1249 4006 1300 4075 ιιι).

93 4103 133 4157 ιιι
166 4100 270 4156 divinae
299 4098 408 4169 gratie.
437 4111 503 4166 quse
531 4095 682 4149 Ecclesiam
715 4094 881 4164 provehunt
907 4093 943 4148 ad
1032 4094 1267 4150 philisthinorum.
1292 4094 1450 4166 Dupliciter
1475 4093 1651 4151 cadentium.
1669 4098 1838 4155 Philislbiim

94 4205 217 4261 regnum
241 4190 364 4242 coelcste.
390 4186 439 4239 llel
463 4182 519 4239 boc
534 4182 743 4254 perbinarium
764 4182 940 4253 designatur,
997 4182 1075 4238 enim
1103 4184 1310 4253 interpretetur
1338 4182 1423 4239 ruina
1440 4183 1555 4255 duplex.
1583 4184 1691 4242 Hociit
1707 4202 1775 4243 cum
1792 4201 1838 4259 per

94 4281 162 4351 quia
178 4278 208 4332 iu
232 4283 353 4346 utroque
376 4275 557 4328 Testamenta
578 4272 632 4326 hoc
653 4272 775 4325 maxime
798 4286 943 4326 commen·
997 4273 1206 4328 absolutionem
1239 4278 1421 4343 peccatorum
1449 4274 1485 4329 ab
1517 4273 1703 4332 inchoatione
1740 4278 1785 4333 sui
1813 4276 1837 4331 ιι

95 4368 189 4436 datur,
215 4365 293 4438 quod
308 4380 368 4418 uon
383 4363 438 4417 nisi
458 4377 509 4432 per
530 4360 658 4416 divinum
685 4359 862 4431 adjutorium
887 4359 942 4415 ali·
996 4362 1118 4418 iordane
1129 4362 1309 4432 baptismatis
1325 4379 1414 4434 usque
1430 4363 1466 4418 ad
1481 4364 1701 4421 couversionem
1716 4368 1837 4422 omniunt

93 4456 165 4528 quid
188 4455 257 4511 boui
280 4457 372 4525 potest
392 4450 500 4522 pertici.
526 4448 628 4504 Unde:
650 4449 715 4505 Siue
736 4464 777 4504 me
799 4449 871 4504 nibil
889 4464 943 4519 po-
997 4450 1127 4522 gentium
1142 4450 1177 4504 ad
1191 4449 1278 4504 tidem
1293 4450 1397 4505 Christi
1412 4450 1553 4506 redundat
1572 4452 1665 4522 gratia
1687 4454 1835 4525 potestatis.

94 4548 170 4600 testis
184 4546 275 4612 fucere
290 4541 385 4612 (Joarr.
400 4541 437 4609 vl.
997 4544 1030 4593 ut
1057 4538 1107 4592 ubi
1135 4538 1262 4593 detluxus
1293 4537 1349 4593 init
1372 4539 1530 4594 carnalium
1559 4540 1783 4611 desideriorum,
1804 4539 1837 4597 ibi

128 4634 211 4687 Vsus.
237 4633 278 4686 ts.
294 4660 328 4670 -
343 4630 397 4685 Sea
420 4627 534 4697 aradus.
561 4625 633 4691 Quis
657 4625 785 4681 doctrine
799 4630 827 4680 et
850 4641 945 4681 exem·
997 4626 1159 4681 stabiliatur
1168 4642 1288 4697 germen
1301 4627 1454 4694 virtutum3
1466 4632 1495 4682 et
1509 4626 1735 4686 ubiidololatria
1742 4637 1772 4687 ct
1784 4644 1837 4687 con·

93 4720 141 4792 plo
164 4725 284 4786 certant,
308 4734 343 4772 ue
363 4717 443 4771 labor
466 4713 665 4786 insipientium
680 4713 709 4767 iu
730 4714 877 4784 operando
895 4730 943 4768 ra·

94 4810 182 4875 cillot,
206 4808 256 4862 sed
278 4805 479 4861 rectitudinem
501 4803 531 4858 in
554 4817 706 4874 progressu
731 4803 870 4858 virtutum
889 4803 945 4857 lor·

94 4898 161 4951 titer
173 4898 329 4951 conservet.

131 4987 191 5041 Nou
211 4986 268 5050 suit
285 4983 338 5037 tale
359 4982 466 5047 solium,
495 4984 547 5035 etc.
573 4978 646 5043 Quia
672 4978 707 5033 de
732 4978 855 5034 Ecclesia
879 4979 945 5035 scri-

94 5078 177 5147 ptum
192 5076 256 5127 est:
282 5069 423 5126 Fortitudo
446 5068 563 5124 etdeccr
586 5067 771 5123 indumentum
795 5068 864 5137 ejus,
889 5072 942 5123 etc.

96 5163 147 5233 (ill
172 5162 241 5229 Rep.
268 5158 308 5229 x.)
333 5160 367 5213 lit
392 5174 399 5213 ε
427 5157 520 5212 Multae
553 5159 617 5226 filie
647 5162 876 5226 eonpmpuoeruut
903 5157 946 5212 di·

94 5253 178 5306 m'ts'as
194 5266 202 5302 ε
216 5254 246 5302 tu
260 5260 434 5316 superpressa
448 5260 475 5300 es
489 5247 631 5301 uniuersos
648 5247 735 5313 (Prae.
752 5245 835 5313 xxxi).

131 5339 210 5393 Vsus.
235 5338 281 5390 to.
304 5365 339 5375 -
368 5337 467 5391 Omnia
493 5350 606 5404 quoque.
631 5334 742 5389 Anime
769 5338 943 5401 sauctorum,

95 5443 161 5500 quoe
187 5422 329 5478 votuntui
348 5422 399 5477 [lei
420 5421 595 5487 deserviunt,
622 5423 771 5494 splendore
798 5422 945 5494 sapientise

95 5520 125 5572 et
147 5510 295 5571 charitatis
315 5510 450 5579 nitentes,
476 5509 623 5565 continent
641 5514 743 5581 potum
765 5525 848 5582 aque
865 5509 944 5574 ιιιι,

997 4715 1118 4770 versatio
1141 4714 1284 4785 tlagiliosa
1297 4715 1473 4786 populorum
1487 4716 1541 4770 luit
1569 4716 1677 4788 duplex
1691 4719 1788 4784 ruins,
1804 4716 1837 4774 ibi

997 4819 1050 4874 per
1068 4803 1276 4859 confessionem
1291 4806 1376 4859 rectae
1390 4804 1458 4859 lidei
1484 4809 1512 4859 el
1534 4805 1645 4861 cultum
1673 4807 1789 4877 pietatis
1807 4804 1837 4862 td

997 4894 1111 4947 coeleste
1126 4908 1248 4964 regnum
1263 4897 1361 4964 surgat
1375 4893 1432 4947 ritu
1446 4892 1586 4948 fidelium.
1614 4894 1760 4967 Pertingit
1770 4897 1837 4953 enini

998 4985 1124 5051 potestas
1139 4981 1200 5052 ejus
1213 4981 1351 5052 usquead
1367 4980 1506 5036 terminos
1523 4981 1649 5053 egypti,
1670 4982 1762 5040 idest
1774 4991 1839 5041 tene

998 5068 1097 5123 brosas
1122 5074 1234 5125 mentes
1267 5070 1439 5137 infidelium,
1469 5085 1541 5141 quas
1574 5069 1703 5142 complet
1740 5073 1841 5131 tumus

998 5158 1080 5224 fidsi;
1114 5159 1207 5213 unde:
1239 5160 1339 5213 Coram
1369 5158 1420 5214 illo
1443 5158 1584 5228 prociderat
1611 5160 1773 5233 AEtbt'epes,
1794 5168 1841 5219 etr.

1034 5247 1113 5301 Vens.
1141 5249 1186 5301 ιι.
1202 5276 1237 5287 -
1264 5250 1441 5317 Tantumque.
1458 5247 1571 5303 Praebet
1598 5264 1686 5305 verus
1713 5250 1844 5309 Salomon

999 5334 1029 5389 iu
1040 5334 1161 5389 Ecclesia
1168 5334 1280 5406 copiam
1295 5336 1408 5407 argenti
1419 5335 1502 5407 quasi
1518 5336 1658 5408 lapidum,
1678 5355 1749 5397 cum
1762 5340 1845 5398 corda

1000 5423 1151 5493 gentilium
1165 5422 1353 5491 insensibilia,
1368 5424 1404 5480 ad
1429 5424 1490 5480 reri
1505 5425 1556 5481 liei
1573 5424 1757 5486 intellectum
1777 5445 1845 5504 quas

1000 5512 1107 5584 lapides
1129 5527 1183 5584 pro
1203 5513 1262 5568 Deo
1286 5513 1450 5583 coluerunt,
1462 5513 1500 5570 ad
1528 5514 1751 5575 meditntionsm
1765 5518 1845 5593 lepis,
