3892 6106
137 279 189 331 ιιι
452 272 650 347 watteulul
668 271 792 328 suntal
811 269 910 324 FULD.
932 267 1013 324 uolt.
1034 267 1110 324 ber.
1132 267 1219 323 PARS
1242 267 1265 323 l.
1284 295 1320 306 -
1338 266 1569 327 ruuntoulcn.
1835 274 1887 327 ιιι

132 398 336 466 est,·aliudesl
354 395 432 451 enim
452 393 618 465 glorillcari,
645 391 722 447 aliud
748 391 873 463 gloriose
898 390 1021 463 glori-A
1040 389 1100 444 ulla
1135 394 1265 445 creatura
1290 389 1371 461 cnjus
1397 390 1535 447 Dominus
1568 408 1626 448 non
1654 393 1700 449 sit.
1730 394 1888 467 Quadrigas

131 487 221 544 ficari.
239 487 309 542 Cum
324 485 402 540 enim
419 483 548 539 Christus
563 497 677 536 carnem
701 497 754 552 pro
778 479 860 535 nobis
886 496 980 535 susca-
1035 478 1191 534 Pharaonis
1207 483 1235 533 et
1249 479 1405 534 exereitum
1421 480 1482 550 ejus
1504 481 1624 552 projecit
1644 483 1676 538 in
1696 498 1799 538 mars:
1826 485 1885 540 ele·

36 615 45 623 ,
132 576 186 648 pit,
201 574 375 648 glorilicatns
390 578 442 633 est,
463 569 607 643 quirenit
631 569 851 640 quaererequod
883 569 980 640 perie—
1034 571 1093 621 ctos
1121 582 1293 634 ascensores,
1323 567 1535 623 ternistratores
1570 569 1708 626 demersit
1742 571 1773 626 ιιι
1807 588 1887 628 mare

121 670 186 733 rat,
202 680 260 719 non
275 670 373 719 tamen
388 660 521 733 gloriose,
542 658 611 730 quia
632 673 691 713 non
712 657 834 712 habebat
854 658 979 729 speciem
1035 654 1173 710 Rubrum.
1191 656 1310 721 Pharao,
1331 656 1407 709 velut
1428 656 1574 726 potentior
1599 657 1629 712 in
1653 659 1773 728 malitia,
1789 665 1820 715 et
1839 676 1884 716 re·

133 769 227 826 neque
242 753 394 818 decorem;
411 749 586 821 glorittcatus
606 750 648 802 est
668 761 734 801 cunr
756 746 834 802 venit
856 747 892 801 ad
915 763 977 800 cru·
1034 758 1124 814 gnum
1138 743 1275 815 nequitia
1288 747 1399 809 tenens,
1418 743 1572 815 quadrigas
1583 746 1644 817 agit
1659 763 1666 800 τ
1680 762 1740 802 non
1756 748 1800 803 illi
1815 749 1883 803 satis

133 858 207 912 cem,
222 845 250 896 et
272 840 391 912 pertulit
412 843 553 904 mortem;
574 834 652 889 unda
679 835 761 890 ioan.
784 850 861 888 xru:
888 836 978 903 Pater,
1034 837 1076 888 est
1091 848 1180 888 unum
1197 838 1303 903 equum
1323 832 1486 897 ascendere,
1511 835 1559 889 sed
1585 837 1683 907 plures
1705 836 1791 892 simul
1813 839 1882 910 agit,

133 930 435 997 oenithoro,glori1tea
452 927 555 981 Piliam
578 929 665 990 tuum,
692 928 744 978 etc.
769 924 836 978 Erat
860 938 928 993 ergo
951 926 980 978 et
1033 925 1148 976 ettorlo
1162 921 1279 976 verbere
1293 921 1379 991 cogit.
1395 921 1471 986 Quos
1501 938 1567 977 cnm
1591 924 1693 979 rideris
1713 925 1744 980 in
1767 926 1882 981 luxuria

134 1019 226 1092 gloria
241 1017 336 1088 passio
352 1015 452 1079 crucis,
468 1013 516 1069 ubi
532 1011 756 1084 etglorificatus,
775 1027 834 1065 non
856 1011 979 1081 gloriosa
1031 1010 1184 1080 turpiores,
1209 1009 1239 1063 in
1268 1009 1433 1065 crudelitate
1457 1010 1600 1081 seriores,
1628 1012 1658 1066 in
1683 1013 1803 1069 avaritia
1835 1019 1879 1069 te-

133 1108 259 1180 quidem,
288 1105 336 1161 sed
359 1103 527 1170 humiliter;
556 1102 634 1157 unde
658 1101 730 1156 Phil.
754 1116 797 1154 u:
817 1100 980 1154 humiliavit
1033 1097 1146 1162 trieres,
1178 1098 1248 1152 scito
1275 1097 1311 1153 de
1342 1098 1488 1170 quadrigis
1518 1115 1579 1154 esse
1609 1101 1775 1169 Pharaonis,
1811 1118 1884 1175 quas

131 1197 311 1265 sanctinum
336 1194 428 1258 sactus
455 1191 578 1246 obediens
602 1189 743 1259 usquead
764 1192 884 1253 mortem,
910 1203 979 1242 mor-
1034 1187 1132 1241 currui
1150 1202 1210 1241 non
1224 1186 1380 1257 subjugat:
1402 1187 1433 1241 in
1456 1188 1526 1260 ipsis
1545 1189 1637 1244 fertur
1655 1194 1684 1244 et
1706 1190 1808 1245 volitat
1831 1208 1885 1263 per

131 1289 182 1339 tem
211 1287 301 1338 autem
328 1283 424 1336 crucis.
454 1281 488 1335 Et
516 1279 583 1352 Sap
620 1294 659 1333 u:
700 1279 783 1334 Morte
820 1279 979 1346 turpissima
1033 1278 1146 1345 apertos
1160 1274 1300 1329 scelerum
1314 1290 1439 1346 campos,
1463 1276 1560 1331 effusis
1582 1277 1711 1334 habenis.
1735 1279 1809 1335 Sunt
1834 1280 1883 1335 alii

130 1372 332 1428 condemnenus
357 1384 426 1424 eum.
459 1369 491 1423 ln
514 1367 559 1422 his
583 1383 652 1438 ergo
673 1365 849 1438 glorificatus
875 1369 917 1420 est
942 1365 978 1419 de
1033 1379 1196 1418 ascensores
1210 1362 1304 1430 electi,
1321 1363 1427 1419 scilicet
1442 1365 1476 1419 ad
1492 1365 1643 1422 malitiam.

132 1461 333 1524 sehumiliten
350 1475 410 1514 non
430 1457 568 1524 gloriose3
591 1457 665 1512 unde
690 1456 771 1510 Lucas
794 1470 880 1509 xxiv:
907 1455 979 1520 Quia
1068 1451 1488 1522 (Oarollernistratoresideo
1514 1453 1661 1522 dicuntur,
1686 1455 1755 1526 quia
1778 1456 1885 1528 triplex

132 1550 274 1621 oportebat
285 1549 348 1619 potr
372 1547 519 1612 Cleristum,
545 1550 571 1599 et
597 1548 636 1600 sic
663 1546 768 1599 intrare
800 1545 829 1596 in
862 1543 978 1611 gloriam
1031 1544 1074 1594 est
1088 1540 1254 1594 hominibus
1268 1540 1404 1611 peccandi
1419 1556 1475 1596 vra
1491 1543 1523 1597 ln
1537 1541 1612 1598 iacto
1634 1544 1723 1614 enim,
1747 1545 1778 1599 in
1801 1546 1878 1601 dicto

132 1655 220 1694 seram.
237 1639 307 1693 Cum
334 1634 443 1690 tenerit
465 1635 494 1690 in
517 1634 609 1705 gloria
628 1633 728 1695 Patris,
754 1637 783 1687 et
808 1633 978 1703 angelorum
1034 1633 1063 1683 et
1091 1631 1121 1683 in
1148 1628 1320 1699 cogitatione
1342 1635 1472 1700 peccant.
1495 1631 1564 1685 Ideo
1586 1632 1797 1689 ternistratores
1812 1635 1884 1706 {per

128 1727 259 1798 judicare
272 1730 390 1789 terram,
411 1726 440 1777 ιι
462 1738 561 1777 verum
589 1722 777 1790 Pharaonem,
801 1720 829 1775 id
855 1725 898 1775 est
918 1720 978 1776 dia·
1035 1716 1163 1789 singulos
1178 1717 1318 1780 dicuntur,
1335 1718 1403 1789 quia
1417 1717 1486 1773 istas
1499 1724 1556 1774 tres
1577 1720 1608 1774 in
1629 1721 1713 1775 nobis
1736 1722 1885 1794 possident

131 1815 240 1877 bolum,
270 1811 423 1866 interliciat
450 1808 553 1879 spiritu
577 1810 634 1863 oris
659 1808 714 1875 sui,
736 1824 801 1863 cum
827 1807 981 1878 refulgebit
1033 1805 1094 1862 rias
1109 1805 1253 1878 peccandi,
1268 1811 1296 1860 ct
1311 1822 1424 1878 semper
1437 1809 1622 1878 speculantur
1644 1815 1673 1864 et
1695 1815 1785 1880 agunt
1809 1811 1882 1867 insi·

94 1941 105 1953 .
130 1906 161 1960 in
190 1903 336 1974 majestate
365 1899 478 1954 ratris:
504 1904 572 1953 tune
601 1899 725 1970 gloriose
760 1897 977 1970 glorificabitur,
1034 1893 1100 1957 diis.
1117 1900 1148 1949 us
1162 1899 1212 1950 aut
1226 1895 1437 1950 illeumisero
1451 1897 1567 1951 nomino
1590 1914 1752 1954 sermonem
1772 1901 1883 1956 nalum

132 2008 197 2048 cnm
213 1986 556 2044 omneshonoriflcabunt
571 1985 674 2040 Filium
697 1985 773 2041 sicut
791 1985 981 2042 honorificant
1033 1981 1138 2051 eliciat,
1153 1987 1200 2037 aul
1229 1983 1276 2038 ille
1302 1983 1434 2055 iniquum
1463 2001 1535 2056 opus
1558 1991 1735 2058 extorqueat,
1758 1992 1809 2043 aut
1834 1988 1883 2044 ille

132 2082 255 2136 patrem.
1032 2071 1237 2142 cogitationem
1250 2071 1404 2144 pessimam
1421 2074 1522 2144 rapiat.
1540 2074 1668 2147 Denique
1684 2091 1782 2131 semen
1801 2078 1883 2133 verbi

168 2170 357 2238 Magnificatur
386 2169 436 2234 est,
464 2179 561 2233 equum
583 2168 609 2219 ct
635 2177 800 2217 ostensorem
825 2161 922 2233 dejecit
949 2164 980 2219 in
1033 2161 1082 2215 Dei
1102 2161 1150 2215 ubi
1175 2160 1252 2216 cadit
1275 2165 1303 2215 et
1324 2162 1446 2232 deperit,
1473 2162 1575 2233 triplex
1595 2163 1766 2219 describitur
1789 2166 1880 2237 locus,

130 2275 214 2326 mare,
230 2262 281 2312 etc.
299 2254 436 2325 Insignis
453 2251 577 2324 AEgypti.
593 2252 647 2319 Sed
663 2251 787 2322 gloriose
812 2251 978 2323 magnifica·
1032 2263 1112 2303 secus
1127 2247 1213 2318 viam,
1230 2247 1261 2302 iu
1285 2248 1385 2320 spinis,
1408 2249 1439 2304 in
1461 2251 1592 2322 petrosis.
1618 2252 1784 2308 Econtrario
1804 2257 1883 2310 terra

130 2352 175 2404 tas
191 2351 245 2416 est,
260 2344 330 2417 quia
344 2344 522 2399 Pharaonem
538 2345 565 2395 et
581 2341 738 2396 exercitum
765 2340 827 2411 ejus
848 2340 977 2394 submer-
1031 2343 1106 2393 bona
1125 2337 1208 2393 affert
1221 2337 1361 2408 triplicem
1377 2338 1513 2406 fructum,
1533 2339 1753 2411 sexagesimum,
1783 2349 1880 2400 cente·

130 2436 176 2492 sit.
193 2436 241 2490 Vel
261 2431 462 2504 magnificatus
484 2433 535 2496 est,
561 2430 698 2483 miracula
723 2431 789 2483 anto
815 2427 978 2499 passionem
1032 2425 1148 2493 simum,
1173 2425 1349 2481 tricesimum
1375 2426 1484 2496 (llntllr.
1507 2432 1577 2499 ιιιι.)
1600 2429 1715 2500 Triplex
1738 2430 1816 2485 enim
1839 2438 1883 2488 est

128 2524 272 2590 faciendo,
288 2520 480 2594 praedicando,
497 2517 528 2573 in
551 2533 634 2573 cruce
656 2517 824 2585 moriendo;
851 2518 900 2573 sed
915 2517 977 2588 glo·
1032 2514 1119 2569 stiam
1132 2515 1205 2570 bene
1219 2515 1323 2584 agendi
1344 2515 1399 2582 via,
1422 2515 1491 2589 qnia
1514 2518 1558 2572 rol
1582 2533 1677 2589 opere,
1700 2521 1745 2574 vel
1771 2521 1880 2592 cogita·

131 2613 204 2668 riose
227 2609 428 2682 magnificatus
447 2611 500 2674 est,
523 2622 589 2662 cum
615 2605 770 2661 resurrexit
792 2606 881 2660 victor
904 2605 977 2660 ricto
1031 2603 1121 2670 tione,
1136 2604 1181 2659 rel
1194 2604 1280 2658 rcrbo
1295 2604 1405 2676 aliquid
1429 2605 1499 2660 boni
1518 2605 1633 2676 agitur,
1654 2608 1729 2662 unde
1748 2609 1789 2663 ait
1808 2614 1883 2682 Apo·

130 2701 244 2757 diabolo
259 2697 516 2771 spoliatoinleruo.
1031 2692 1122 2747 stolus
1146 2693 1157 2747 l
1177 2693 1240 2747 Cor.
1264 2708 1317 2746 ur:
1346 2692 1401 2761 Qui
1421 2693 1539 2763 edificat
1562 2710 1648 2765 supro
1671 2697 1882 2763 fundamentum

164 2791 283 2858 Equum.
298 2793 351 2845 etc.
369 2785 468 2858 (Οιιιι.)
485 2784 618 2840 llomines
635 2784 684 2855 qui
708 2799 761 2838 nos
785 2783 978 2854 insequuntur
1031 2785 1182 2848 argentum,
1215 2797 1322 2848 aurum,
1345 2781 1451 2851 lapides
1468 2785 1612 2852 pretiosos,
1637 2784 1780 2856 triplicem
1793 2787 1882 2842 bono·

130 2878 198 2951 equi
213 2881 299 2946 suut;
314 2880 343 2931 et
357 2873 518 2945 omnesqui
533 2873 662 2928 incarne
684 2870 744 2949 nali
759 2875 826 2925 sunt
847 2869 976 2941 figurali·
1031 2882 1096 2923 rum
1111 2868 1240 2923 indicans
1256 2869 1349 2937 viam3
1366 2870 1441 2924 riam
1455 2870 1598 2926 malorum
1611 2871 1707 2927 dicens
1722 2873 1811 2945 ligna,
1831 2876 1882 2940 ‚le-

128 2973 173 3022 tor
188 2966 253 3038 eqni
269 2968 347 3030 sunt,
362 2967 391 3017 et
405 2961 512 3018 habent
527 2957 784 3030 ascensoreslsuos.
810 2957 881 3013 Sunt
904 2973 977 3028 quos
992 2975 1012 3032 ρ
1030 2973 1110 3024 num,
1126 2956 1271 3027 stipulam.
1288 2957 1338 3012 Isti
1360 2974 1428 3029 crgo
1457 2958 1668 3016 ternistratores
1690 2968 1762 3018 sunt'
1779 2963 1878 3036 angeli

129 3055 266 3112 Dominus
288 3050 425 3117 ascendit,
451 3053 480 3104 et
503 3048 679 3103 circumeunt
701 3062 817 3102 ornnem
847 3050 973 3113 terram;
1030 3064 1167 3120 nequam,
1192 3047 1242 3119 qui
1264 3048 1295 3103 in
1315 3048 1361 3103 his
1385 3048 1439 3103 riis
1465 3050 1617 3106 observant
1650 3056 1684 3107 ut
1720 3056 1881 3125 quemlibet

43 3194 52 3204 ,
127 3142 282 3214 dequibus
301 3139 405 3195 dicitur
427 3137 529 3192 llabac.
553 3152 605 3190 111:
632 3136 785 3205 Equitotus
805 3140 867 3190 tuus
888 3135 973 3190 solus.
1029 3140 1117 3207 agant
1139 3136 1168 3190 in
1196 3140 1364 3206 peccatum
1394 3154 1465 3209 quos
1488 3138 1642 3211 immerget
1673 3142 1814 3198 Dominus
1848 3144 1879 3200 in

126 3231 206 3287 Alios
221 3228 349 3285 ascendit
364 3225 495 3281 diabolas
514 3229 543 3280 et
565 3223 661 3294 angeli
683 3223 753 3293 ejus.
775 3222 863 3277 ludas
885 3238 975 3293 equus
1029 3224 1104 3279 mari
1117 3224 1224 3289 Rubro,
1241 3228 1270 3280 et
1280 3224 1379 3296 ignitis
1393 3224 1526 3280 fluctibus
1541 3229 1634 3284 tradet
1648 3228 1678 3283 in
1697 3229 1744 3285 die
1765 3232 1878 3303 judicii,

128 3323 199 3386 arat,
212 3321 240 3372 et
254 3331 320 3371 cnm
335 3328 514 3369 ascensorem
528 3310 630 3367 habuit
648 3311 813 3377 Dominum,
837 3310 872 3366 de
896 3309 975 3381 equi·
1030 3317 1058 3369 et
1071 3328 1222 3383 poenarum
1236 3315 1338 3385 pelago
1353 3319 1440 3386 teget.

127 3410 189 3461 talu
204 3403 303 3460 salutis
321 3406 384 3457 erat
399 3417 406 3456 ε
424 3415 490 3455 cum
505 3399 616 3454 ceteris
631 3398 709 3453 enim
722 3397 857 3470 apostolis
871 3398 975 3453 missus
1065 3402 1146 3458 Vens.
1164 3405 1190 3469 ὅ,
1220 3405 1245 3457 6.
1272 3433 1307 3442 -
1336 3403 1529 3461 Descenderunt
1560 3407 1590 3460 in
1607 3407 1779 3476 profundum
1798 3411 1879 3479 quasi

127 3495 243 3567 egrotis
257 3495 377 3548 salutem
393 3494 421 3545 et
434 3487 637 3558 languentibus
659 3486 793 3559 prestitit
811 3487 974 3560 sanitatem,
1030 3491 1111 3561 lapis.
1135 3490 1239 3562 (tiara.)
1264 3491 1337 3556 Quia
1359 3492 1466 3547 scilicet
1489 3493 1558 3548 tales
1583 3501 1745 3550 nouerant
1767 3496 1879 3568 lapides

127 3584 177 3640 ubi
192 3583 306 3640 diabolo
323 3596 352 3635 ss
367 3577 530 3647 substravit,
543 3577 594 3649 qui
609 3581 675 3648 post
686 3576 844 3632 buccellam
863 3576 892 3630 in
908 3592 974 3630 cum
1029 3579 1065 3635 de
1079 3580 1183 3652 quibus
1196 3581 1400 3636 suscitarentur
1418 3581 1472 3636 tilii
1494 3582 1627 3651 Abrahae,
1653 3585 1701 3640 sed
1726 3586 1776 3656 qui
1795 3602 1879 3642 ama-

126 3663 974 3741 inlravit,equusSatanaeiactus,etilliushabenisductas
1027 3673 1092 3723 rent
1118 3669 1293 3740 profundum
1323 3674 1351 3725 et
1378 3668 1523 3742 liquidum
1550 3672 1736 3740 elementum,
1760 3673 1800 3744 lid
1835 3680 1878 3730 est

126 3767 226 3818 contra
245 3757 399 3814 Dominum
415 3755 563 3827 equitavit.
592 3754 698 3810 Omnes
722 3769 791 3824 ergo
812 3759 974 3824 persecuto·
1030 3773 1158 3812 alsteram
1185 3763 1214 3812 ιι
1235 3759 1341 3813 fluxam
1365 3759 1552 3829 praesentium
1575 3763 1762 3832 voluptatem.
1797 3764 1877 3820 Unde

125 3849 333 3922 resequisunt
347 3845 521 3911 hinnientes,
539 3843 588 3899 sed
607 3843 714 3898 habent
735 3843 853 3913 angelos
872 3842 973 3909 malos,
1026 3844 1065 3899 de
1089 3844 1158 3915 ipsis
1188 3845 1319 3900 dicitur:
1344 3848 1463 3902 Demersi
1487 3851 1551 3903 sunt
1581 3851 1662 3919 quasi
1683 3850 1826 3919 plumbum
1848 3853 1878 3908 in

126 3940 232 4014 quibus
267 3940 393 4009 aguntur
416 3949 590 4001 ascensores,
619 3936 647 3987 st
672 3931 737 3987 ideo
760 3932 868 3987 feroces
896 3934 973 3985 sunt.
1029 3948 1103 4002 aquo
1125 3934 1309 3990 validissima.
1334 3936 1498 3991 Peccatores
1526 3942 1714 4008 gravassent,
1729 3939 1878 4011 etiniqni-

126 4030 156 4086 Si
181 4027 286 4084 tidem
309 4029 522 4098 P⁰i⁵001¹t⁰fem
552 4026 635 4078 tuum
678 4021 765 4076 nimis
798 4018 972 4082 evellentem.
1029 4025 1072 4078 tas
1086 4039 1173 4094 super
1194 4024 1333 4078 talentum
1348 4024 1459 4095 plumbi
1474 4025 1580 4096 legitur
1593 4027 1715 4082 sedere:
1739 4028 1874 4085 indeini·

126 4119 195 4174 scito
209 4116 277 4189 quia
293 4116 328 4171 ab
342 4129 493 4170 ascensore
507 4111 658 4184 pungitur,
681 4116 710 4167 et
730 4110 796 4166 ideo
818 4124 909 4164 saevus
932 4111 975 4163 est
1029 4111 1080 4184 qui
1095 4112 1287 4183 merguntur
1279 4128 1309 4166 ιιι
1324 4112 1501 4183 profundum
1519 4113 1601 4185 quasi
1625 4115 1788 4186 plumbum,
1816 4135 1878 4175 san

126 4211 155 4263 ⁰1
169 4206 357 4261 stimuleum&
1029 4201 1068 4256 cti
1095 4216 1162 4256 rero
1185 4201 1332 4256 ambulant
1359 4217 1446 4274 super
1471 4217 1571 4274 aquas,
1598 4204 1666 4275 quin
1692 4205 1769 4261 lavas
1799 4213 1876 4278 sunt

162 4295 337 4351 ιειῦἳι-
350 4292 404 4346 Iste
422 4293 491 4346 Deus
514 4304 599 4355 meus,
624 4291 678 4343 etc
705 4251 805 4358 (Obie)
830 4286 883 4342 Hic
906 4301 974 4356 ergo
990 4261 1012 4316 Β
1029 4293 1058 4344 ιι
1081 4289 1189 4360 peccati
1211 4289 1337 4360 pondere
1362 4305 1421 4345 non
1443 4297 1608 4362 gravantur.
1632 4293 1761 4350 Christus
1789 4311 1878 4367 super

126 4388 156 4440 et
174 4384 249 4438 Deus
264 4378 319 4436 erit
333 4382 456 4434 meuset
470 4378 553 4445 Dens}
567 4375 657 4447 patris
682 4375 749 4432 mei.
772 4374 857 4430 Pater
878 4379 975 4430 noster
1027 4393 1116 4448 aquas
1151 4376 1317 4444 ambulavit,
1356 4379 1407 4450 qui
1433 4395 1498 4435 vere
1523 4384 1670 4453 peccatum
1699 4399 1757 4439 non
1785 4383 1874 4440 fecit:

126 4472 178 4547 qui
192 4488 243 4526 nos
259 4468 326 4525 fecit
339 4470 368 4523 et
379 4465 491 4537 genuit,
508 4463 639 4530 Christus¹
651 4466 702 4529 est,
716 4461 776 4534 {qui
800 4462 869 4518 ιιιιιι
889 4463 970 4520 loon.
1027 4464 1183 4521 ambularit
1197 4470 1225 4519 et
1237 4466 1347 4534 Petrus,
1363 4466 1413 4521 sed
1427 4469 1578 4539 paululum
1601 4469 1758 4540 dubitavit3
1774 4472 1876 4529 habuit

125 4579 172 4619 ιιι
190 4577 197 4617 :
215 4559 292 4617 Vnda
311 4556 349 4613 ad
360 4560 471 4626 patrem
485 4568 584 4620 mcum,
606 4556 658 4607 etc.
682 4550 711 4606 Si
730 4567 798 4623 ergo
819 4566 971 4622 agnoscam
1027 4555 1105 4610 enirn
1120 4552 1228 4624 aliquid
1242 4555 1364 4625 plumbi,
1379 4561 1498 4628 propter
1518 4558 1595 4629 quod
1614 4557 1720 4615 dicitur
1733 4560 1761 4615 ei
1776 4562 1874 4618 Matth.

126 4651 203 4724 qnod
218 4650 293 4704 Deus
307 4643 448 4707 meussit,
465 4640 629 4714 glorificabo
645 4654 732 4708 cum;
747 4639 771 4693 si
786 4638 873 4694 etiam
895 4638 973 4710 qnod
1026 4659 1094 4698 xrs:
1120 4642 1232 4697 Modica
1256 4643 1332 4713 fidei,
1362 4660 1447 4714 quare
1475 4645 1634 4702 dubitasti?
1661 4648 1768 4704 Omnes
1803 4667 1873 4722 argo

125 4739 214 4812 palris
229 4737 296 4803 mei,
321 4734 452 4792 exaltabo
481 4746 566 4787 eum:
590 4728 675 4784 altior
703 4728 781 4784 enim
811 4728 973 4784 intellectus
1025 4731 1190 4805 perignem
1213 4732 1366 4799 salvantur,
1390 4740 1423 4789 ut
1444 4734 1467 4789 si
1494 4735 1566 4790 forte
1591 4736 1626 4791 de
1649 4737 1743 4808 specie
1764 4738 1876 4810 plumbi

127 4827 324 4900 astquomodo
340 4823 477 4890 Christus,
494 4824 525 4875 ut
548 4818 632 4875 onius
662 4816 714 4873 Dei
741 4817 921 4888 constringat
945 4821 973 4872 el
1026 4821 1185 4895 quidquam
1209 4821 1296 4877 tuerit
1318 4823 1487 4891 admissum,
1512 4824 1588 4896 ignis
1611 4826 1753 4898 decoquat
1777 4832 1806 4883 et
1830 4845 1878 4884 ra-

127 4915 209 4970 uniat
227 4915 386 4982 raritatem,
412 4914 504 4969 Deum
528 4924 614 4969 suum
635 4907 713 4978 dicit,
747 4922 835 4979 quem
870 4910 973 4962 natura
1026 4910 1173 4976 solvebat
1192 4909 1354 4965 efficiantur
1379 4927 1478 4967 omnes
1502 4928 1604 4968 aarum
1629 4915 1785 4986 optimum,
1810 4919 1879 4990 quia

128 5006 241 5061 Patrem
257 5004 345 5059 norit.
1026 5013 1129 5053 aarum
1159 5004 1243 5054 terrae
1267 4999 1344 5055 illius
1377 5000 1519 5071 optimum
1543 5018 1630 5073 quam
1658 5003 1786 5059 habituri
1812 5011 1880 5062 sant

160 5093 242 5148 Vana.
272 5095 298 5147 3.
323 5122 357 5131 -
384 5091 517 5147 Dominus
544 5089 626 5158 quasi
658 5088 703 5141 uir
736 5089 882 5157 pugnator,
917 5087 970 5141 etc.
1026 5085 1135 5154 sancti;
1151 5090 1179 5141 et
1192 5087 1265 5143 sicut
1288 5086 1388 5142 fornax
1413 5089 1518 5159 probat
1541 5105 1655 5158 aarum,
1682 5091 1722 5147 ita
1746 5092 1879 5149 homines

125 5180 230 5253 (Onia.)
253 5179 316 5235 Alia
340 5180 454 5235 littera:
482 5179 611 5233 Dominus
639 5178 755 5230 conteret
774 5174 860 5246 liclia.
887 5178 973 5230 Amos
1022 5174 1115 5245 justos
1138 5174 1295 5230 tribulatio.
1320 5176 1500 5233 Veniendum
1524 5183 1568 5234 est
1591 5195 1661 5251 ergo
1684 5181 1821 5237 omnihus
1845 5182 1880 5238 ad

124 5287 172 5326 rx:
189 5271 326 5325 Dominus
341 5269 486 5322 nomenari
500 5266 553 5320 ilii.
569 5265 632 5320 Non
657 5263 742 5319 modo
763 5279 874 5334 pugnas
902 5262 972 5317 visi·
1026 5262 1239 5319 conflatorium.
1256 5263 1341 5319 Sedet
1354 5265 1432 5320 enim
1448 5268 1523 5323 Deus
1538 5272 1568 5323 et
1582 5268 1698 5338 conflat,
1721 5273 1750 5325 et
1773 5277 1879 5342 purgat

124 5356 196 5412 biles
209 5356 337 5423 conterit,
353 5356 403 5410 sed
418 5371 465 5409 eas
488 5354 575 5408 etiam
591 5369 656 5426 quae
679 5351 762 5408 nobis
786 5355 854 5406 ιιιιιι
876 5351 972 5406 adver·
1026 5351 1192 5408 liliosluda.
1208 5351 1237 5407 Si
1252 5353 1316 5423 quis
1330 5354 1421 5409 multa
1436 5372 1524 5428 opera
1547 5356 1624 5412 bona
1641 5361 1670 5412 ιι
1694 5374 1799 5428 parum
1823 5360 1879 5415 ini·

124 5461 172 5501 sus
193 5447 376 5516 pmncipotus,
402 5447 428 5497 et
449 5445 605 5512 potestates,
625 5446 650 5496 et
667 5447 781 5496 rectores
802 5440 973 5495 tenebrarum
1026 5439 1144 5511 quitatis
1158 5440 1297 5508 attulerit,
1310 5442 1379 5498 illud
1402 5459 1505 5515 parum
1530 5450 1667 5518 tanquam
1691 5446 1759 5518 igne
1784 5450 1880 5504 resol-

124 5534 235 5591 barum.
253 5562 288 5575 -
302 5533 430 5589 Dominus
455 5529 534 5586 enim
552 5544 648 5587 nomen
667 5534 709 5586 est
722 5529 775 5599 illi,
794 5535 823 5584 st
847 5543 905 5585 non
930 5533 973 5582 est
1026 5528 1103 5583 ιιιιιι
1115 5533 1144 5584 ιι
1157 5535 1309 5601 purgator,
1326 5535 1355 5586 et
1374 5536 1467 5589 totum
1489 5539 1620 5590 remanet
1641 5551 1746 5591 aurum
1769 5553 1879 5609 purum
