3892 6106
118 270 168 328 tor
425 264 626 323 watinum
645 261 769 320 simut
789 260 888 318 runo.
908 258 996 316 ΙΟΝ.
1019 257 1096 317 ΟΡΡ.
1117 259 1206 319 PARS
1225 262 1247 319 Ι.
1266 290 1301 303 -
1320 204 1551 323 iiiiioirotilci.

149 397 186 453 nr
197 391 373 449 centuriones.
399 384 596 450 centuriones,
625 379 936 455 Grecslmrourupxco,
952 395 959 432 ε
974 380 1000 435 t
1016 379 1130 437 dicens:
1161 384 1323 440 blitteoircs
1350 387 1400 455 qui
1422 346 1596 444 nmirum
1618 390 1757 451 mg

114 476 449 556 quicoelestiamnndata
468 473 599 546 perlectis
618 470 744 526 tradant.
768 470 964 541 lureprarpo·
1019 469 1110 540 (Num.
1126 488 1174 541 ιιι,
1199 472 1269 543 xm).
1298 473 1378 539 Quod
1413 491 1449 531 ne
1478 476 1609 548 proxima
1634 484 1698 551 post
1729 479 1757 537 ΙΙ

114 574 233 640 nuntur,
246 568 297 642 qui
319 563 483 621 centenario
508 576 640 627 numero,
666 560 762 625 idest,
790 558 964 630 perfectione
1018 560 1167 617 mansione
1182 562 1294 633 jussum
1314 565 1479 638 tactumque
1496 571 1624 638 putetur,
1645 569 1695 625 sed
1719 568 1752 627 in

114 660 226 736 praediti
243 676 250 714 :
267 656 348 730 qnasi
363 658 478 709 centum
494 654 607 723 regunt,
623 648 738 704 dumad
758 647 963 720 perfectionem
1017 653 1268 722 eorum,quresub
1294 653 1407 709 nomini
1430 655 1542 711 Pharan
1575 657 1752 729 continetur,

113 748 285 823 perducunt,
1019 743 1089 804 inm,
1124 738 1198 793 intra
1229 739 1368 810 scriptum
1402 747 1460 797 est:
1490 745 1652 806 limerricue
1686 746 1757 818 cept

147 839 183 894 Et
216 831 475 906 quinquagenarios.
523 829 619 884 Graeca
646 825 964 902 nuruccrepxcoesqui
1017 829 1096 881 terrae
1113 831 1174 896 post
1198 828 1387 899 quadraginta
1406 830 1465 887 dies
1495 835 1570 888 omni
1581 836 1692 903 regione
1717 837 1757 891 cir

115 920 389 998 operapoenitentiae
416 917 601 973 annuntiant.
1016 920 1146 969 uenerunt
1171 915 1209 970 ud
1239 918 1351 986 Moysen
1373 920 1403 972 in
1418 919 1539 980 Pteron.
1559 921 1633 991 quod
1654 926 1696 978 est
1727 922 1757 983 (ἃ

147 1016 276 1080 mounes,
311 1006 461 1084 δαάρχους
477 1005 527 1079 qni
546 1004 657 1062 denarii
684 1003 859 1077 portentione
872 1004 963 1059 vineae
1017 1003 1240 1059 Deuteronomio
1272 1021 1388 1077 quoque
1431 1006 1502 1063 dicit
1521 1009 1631 1080 iioyses
1660 1012 1757 1083 popul

112 1101 263 1158 denarium
279 1100 484 1169 exspectantes,
500 1093 630 1167 ejusdem
643 1093 753 1150 denarii
765 1095 872 1149 multos
886 1108 961 1165 prce·
1015 1095 1155 1148 venissetis
1171 1094 1200 1147 in
1214 1092 1393 1159 Codesburnc
1410 1094 1474 1150 dici
1491 1097 1567 1153 uobis
1583 1113 1591 1153 z
1607 1102 1757 1157 Venistine

111 1194 214 1263 parant
232 1187 385 1262 particpes.
1016 1186 1068 1235 tem
1079 1180 1246 1247 Amombari,
1261 1186 1334 1252 etc,
1362 1184 1513 1241 ordinastis
1529 1203 1536 1241 :
1550 1188 1757 1263 tlitteoircsgr

145 1279 284 1335 Vaastl.
304 1305 339 1319 -
362 1275 432 1342 Ouio
460 1274 514 1329 Dei
529 1270 667 1343 indutum
693 1273 755 1342 est3
784 1285 843 1326 non
867 1269 962 1325 homi·
1016 1268 1109 1324 deruit
1134 1275 1246 1338 terrum,
1276 1276 1330 1326 etc.
1349 1272 1443 1344 (Dent.
1476 1273 1507 1346 ι).
1523 1275 1604 1342 Quod
1629 1282 1757 1337 autumer

111 1384 193 1436 nrum,
209 1367 277 1439 quia
289 1364 446 1439 judicando
462 1361 512 1418 bei
529 1360 626 1416 vicarii
645 1360 721 1427 estis,
741 1359 792 1432 qui
807 1374 961 1432 personam
1016 1356 1195 1414 mansionem
1211 1360 1338 1417 secundo
1349 1377 1427 1417 anno
1440 1363 1613 1434 egressionis
1626 1366 1757 1425 adierint

110 1455 292 1526 „ongccjpjg
1015 1451 1111 1501 tamen
1130 1453 1247 1518 peccato
1274 1450 1511 1506 murmurationis
1543 1454 1710 1523 renuntiet
1737 1456 1757 1515 d

147 1543 224 1614 Quod
238 1545 263 1599 si
278 1541 402 1610 difficile.
420 1539 526 1610 iiaj0ra
541 1552 663 1610 qrraeque
676 1541 704 1592 et
716 1535 844 1592 diflicilia
856 1535 961 1592 discer-
1015 1535 1161 1591 desertum
1189 1552 1297 1601 errare,
1339 1543 1369 1594 et
1407 1539 1514 1612 passim
1554 1542 1655 1599 cadere
1687 1560 1757 1602 men

110 1651 178 1691 nere
198 1636 227 1689 et
250 1631 379 1703 judicare
408 1629 493 1684 debet
528 1627 661 1698 majores,
693 1641 780 1698 parra
821 1631 850 1681 et
867 1624 961 1680 lucilia
977 1664 996 1720 Β
1014 1625 1256 1696 testaturiioyses
1280 1626 1530 1700 insequentibus,
1557 1631 1671 1688 dicens:
1695 1632 1757 1692 Sada

112 1725 249 1782 minores,
1017 1712 1187 1770 cadesbarne
1210 1717 1295 1772 multo
1317 1722 1444 1788 tempore,
1466 1722 1636 1791 prolemque
1659 1723 1757 1782 indes

147 1815 230 1869 vans.
248 1814 290 1868 tt.
306 1809 646 1880 -cumquecenissemus
661 1807 691 1860 r'n
705 1803 889 1872 Oomcbome,
907 1809 962 1859 etc·
1017 1803 1045 1857 in
1059 1803 1230 1860 sotnudnem
1257 1805 1534 1876 quuducitodmore
1556 1810 1687 1876 Rubrum,
1708 1814 1757 1871 ster

110 1902 190 1969 Quod
207 1899 332 1956 secundo
346 1913 422 1953 auno
434 1895 606 1968 egressionis
629 1910 688 1949 sure
715 1894 841 1967 populns
862 1893 892 1949 in
916 1893 963 1949 dre
1016 1891 1144 1947 rotmiln'
1159 1892 1291 1948 Dominus
1316 1898 1342 1948 et
1363 1896 1564 1953 circumivimus
1582 1900 1757 1959 montom-Se

108 1995 186 2046 serto
200 1989 324 2058 Pharan,
338 1985 469 2058 quodest
488 1984 586 2049 cades,
615 1982 743 2049 renerit3
768 1982 819 2038 ubi
841 1982 963 2038 reversis
1016 1984 1141 2048 tempore,
1175 1986 1200 2037 et
1227 1984 1301 2037 intra
1326 1987 1430 2053 tempus
1449 1999 1502 2053 quo
1521 1986 1721 2045 ambulavimus
1752 2011 1757 2045 ι

109 2076 334 2151 exploratoribus
349 2090 414 2130 cum
429 2072 568 2128 inretibus
582 2076 676 2141 terrae,
696 2076 725 2126 et
741 2087 806 2143 quas
832 2071 963 2126 videraut
1015 2065 1240 2138 desborneusque
1251 2061 1289 2125 od
1317 2074 1460 2126 torrentem
1484 2074 1582 2129 anetb
1610 2080 1708 2133 octavo
1722 2077 1757 2135 tri

107 2164 318 2230 nuntiantibus,
347 2164 602 2217 murmuraremnt
638 2164 737 2214 contra
780 2159 894 2231 Moysen
933 2163 962 2213 et
1013 2155 1162 2222 eunomii,
1175 2155 1266 2212 donec
1280 2165 1498 2216 consumeretur
1517 2162 1612 2218 omnis
1632 2166 1757 2235 generati

107 2258 212 2322 Aaron,
228 2258 255 2309 et
269 2253 334 2308 ideo
362 2248 442 2322 longi
468 2249 580 2304 itineris
611 2248 700 2304 tedio
732 2251 762 2303 et
786 2247 961 2304 mortalitate
1013 2243 1367 2302 latorumzarethautem
1383 2252 1493 2304 nonest
1515 2265 1621 2305 noman
1635 2252 1757 2326 alicujus

108 2343 202 2400 affecti
225 2340 407 2398 interierint:
433 2337 480 2394 hie
505 2339 584 2393 iocus
609 2335 792 2392 menifestum
816 2335 896 2392 debu
916 2336 962 2392 iu·
1013 2331 1102 2386 sionis
1112 2332 1147 2387 de
1162 2333 1352 2406 quadraginta
1363 2336 1483 2401 duabus.
1499 2338 1549 2394 aad
1575 2342 1757 2406 torrentius

107 2433 224 2490 dicium.
240 2431 294 2488 Ubi
308 2428 468 2485 notandum
481 2427 559 2500 qnod
584 2425 777 2499 quadraginta
795 2425 859 2481 dues
880 2442 960 2482 mun·
1014 2419 1135 2491 (sicotiu
1146 2421 1222 2477 libro
1236 2424 1428 2482 Nummorum
1444 2426 1559 2499 legitur)
1578 2432 1754 2502 transgressa

106 2522 213 2590 siones,
229 2536 301 2593 quas
314 2517 350 2574 ab
365 2519 484 2589 AEgypto
501 2531 592 2587 usque
614 2514 650 2569 sd
668 2514 821 2570 iomanem
849 2514 960 2570 habuc·
1012 2506 1122 2565 decima
1138 2511 1287 2568 mansione
1305 2513 1422 2569 nomine
1442 2514 1583 2572 leabarim
1605 2523 1757 2590 venerunt,

106 2613 184 2677 runt,
208 2606 295 2666 trium
327 2609 438 2661 tantum
467 2617 624 2675 congruere
657 2600 791 2656 ridentur
810 2601 958 2656 curriculis
1011 2594 1219 2669 relinquentes,
1233 2600 1338 2672 inquit,
1349 2604 1542 2660 eutrametnti
1556 2609 1757 2667 suntcoutbar

105 2712 269 2754 annornm:
285 2693 374 2767 primi
401 2693 516 2757 scilicet,
542 2689 669 2759 secundi,
691 2694 721 2746 et
746 2688 958 2762 quadragesimi
1010 2699 1076 2755 quoe
1097 2691 1140 2742 est
1159 2687 1189 2742 in
1214 2687 1338 2760 deserto,
1362 2694 1392 2747 et
1412 2692 1558 2764 prominet
1579 2694 1610 2750 in
1631 2695 1738 2754 tinibus

49 2827 52 2831 .
104 2784 276 2858 egressionis
289 2783 325 2840 de
340 2784 470 2854 AEgypto.
479 2779 592 2836 Primus
606 2783 684 2834 certa
696 2777 879 2834 distinctione
889 2794 956 2833 con·
1010 2772 1094 2844 rhaei,
1108 2776 1188 2847 qnod
1216 2778 1437 2850 quadragesimo
1459 2797 1538 2839 anno
1552 2788 1664 2856 gastum
1693 2786 1757 2845 inias

103 2875 175 2931 tinet
190 2873 353 2941 duodecim,
369 2871 492 2945 primam
509 2870 654 2936 nemeaea,
680 2866 895 2939 quintodecimo
910 2867 955 2922 die
1009 2861 1086 2926 lutet,
1102 2863 1153 2936 qui
1163 2863 1282 2922 ultimus
1294 2884 1346 2939 per
1356 2868 1500 2926 desertum
1513 2871 1692 2944 longissime
1706 2873 1757 2935 rire

102 2963 191 3036 primi
204 2963 311 3018 mansis
321 2962 490 3034 ingressam,
505 2957 637 3014 ultimam
652 2956 835 3012 solitudinem
863 2955 952 3019 Sinai,
973 2962 993 3017 c
1008 2949 1236 3009 sionescontinet
1247 2955 1346 3011 decem
1363 2972 1506 3030 :quarum
1522 2960 1616 3032 prima
1637 2966 1747 3036 magno

102 3053 197 3125 prims
211 3052 258 3109 die
276 3050 353 3107 tertii
386 3047 493 3105 mensis
523 3047 668 3113 additam
688 3049 717 3102 et
739 3061 792 3117 per
818 3045 951 3101 undecim
1006 3039 1246 3110 reputandam
1261 3043 1368 3099 scilicet
1383 3045 1446 3118 ipsa
1460 3046 1548 3104 Gades
1567 3049 1671 3105 deserti
1685 3051 1747 3121 Sin,

101 3144 253 3198 continuos
265 3155 378 3195 menses
410 3135 593 3194 construendi
635 3134 821 3202 tabernaculi,
850 3139 880 3190 et
899 3136 950 3190 do·
1006 3133 1255 3187 issie⁸¹¹¹1⁰⁸⁰020
1278 3137 1308 3189 ei
1336 3134 1455 3206 Uidium
1490 3137 1575 3208 ⁰¹¹¹P⁸
1602 3139 1757 3214 ⁰¹58⁰¹¹i⁰i

102 3229 200 3286 cendae
213 3227 284 3300 legis
300 3227 401 3300 gratia,
419 3224 539 3280 minime
557 3223 695 3279 relictam.
723 3222 850 3286 Quarum
878 3224 949 3280 duo·
1005 3218 1114 3273 reversi
1134 3219 1325 3292 reliquerunt,
1351 3223 1386 3279 da
1406 3240 1464 3295 qua
1489 3227 1625 3299 scriptum
1650 3235 1708 3284 est:
1725 3232 1757 3288 l'a

102 3317 195 3374 decim
208 3315 392 3372 mansionum
420 3328 522 3367 noram
550 3315 662 3366 tantum
676 3312 707 3367 in
734 3311 829 3367 Exodo
851 3312 950 3383 expri·
1003 3305 1168 3374 tidinari
1188 3311 1219 3364 in
1240 3309 1375 3366 desertum
1396 3314 1448 3367 Sin
1470 3329 1558 3370 mense
1580 3319 1682 3386 primo,
1706 3323 1733 3374 et

103 3410 223 3461 mnntur
240 3402 423 3460 nominatim.
454 3405 511 3454 tres
536 3399 567 3454 in
595 3399 734 3454 vocabulo
767 3398 871 3455 deserti
900 3400 951 3456 Sin
1004 3396 1119 3463 populus
1135 3399 1165 3452 in
1179 3399 1273 3466 Codes,
1289 3404 1314 3455 et
1342 3407 1450 3456 mortue
1481 3403 1574 3459 estibi
1595 3408 1725 3463 uariari
1752 3430 1757 3463 r

100 3494 189 3567 (quod
202 3491 307 3549 dicitur
322 3505 382 3545 asse
397 3490 473 3544 inter
485 3487 555 3544 Elim
582 3487 711 3557 etSinui)
733 3487 885 3544 indiscrete
912 3490 950 3544 si·
1004 3482 1137 3540 incudem
1160 3487 1226 3542 loco.
1246 3488 1365 3557 Cumque
1382 3490 1517 3558 indigeret
1545 3508 1620 3562 aquo
1641 3496 1757 3564 populus

99 3580 281 3654 gniticanlur.
297 3576 444 3634 Secundus
458 3592 552 3632 annus
566 3575 765 3646 complectitur
788 3576 951 3632 mansiones
1004 3581 1070 3631 runt
1078 3575 1222 3630 adoneum
1242 3576 1352 3644 Moysen
1366 3580 1393 3631 et
1414 3578 1520 3646 Aaron,
1547 3585 1613 3650 etc,
1629 3597 1719 3653 usque
1741 3599 1758 3639 c

97 3670 200 3742 viginti
213 3674 242 3725 et
253 3684 352 3724 unam.
377 3665 486 3732 Quibus
500 3665 530 3720 in
559 3664 659 3720 ordine
683 3664 813 3721 historice
841 3667 950 3722 cunctis
1005 3666 1066 3721 ilaec
1080 3668 1206 3734 estoque
1220 3664 1460 3733 cmtrudictionts,
1476 3672 1530 3724 etc.
1548 3669 1637 3740 (Num.
1655 3671 1714 3744 xx).
1747 3672 1757 3729 l

98 3757 295 3815 indifferenter
311 3755 364 3812 snb
376 3754 494 3812 nomine
508 3752 673 3809 solitudinis
685 3753 798 3809 Pharan
818 3769 949 3828 compre·
1004 3754 1074 3809 dum
1091 3752 1169 3824 qrrod
1182 3752 1284 3809 eadem
1304 3753 1403 3821 Gades,
1417 3755 1488 3811 etin
1508 3756 1622 3813 deserto
1647 3759 1757 3817 Pharan

96 3847 204 3917 heusis,
219 3846 314 3920 prima
329 3848 441 3901 tanturn
466 3848 494 3899 et
520 3841 654 3909 secunda,
671 3846 700 3897 et
725 3842 836 3913 ultima,
860 3842 949 3914 idest,
1005 3843 1116 3899 deserto
1141 3841 1190 3898 Sin
1210 3841 1284 3897 lucta
1315 3847 1368 3912 est,
1393 3844 1467 3899 sicut
1489 3844 1634 3918 Scriptura
1661 3848 1757 3918 refert,

96 3932 491 4008 Sepulcraconcupiscentiue,
521 3930 669 4000 naseroth,
683 3933 712 3985 et
737 3931 826 3988 cades
845 3932 948 3988 distin·
1004 3929 1174 4002 conjicimus
1201 3933 1313 4001 partem
1333 3929 1439 3987 deserti
1460 3933 1574 3990 Pharan
1610 3935 1661 3991 ubi
1685 3936 1757 3994 Cade

95 4024 368 4097 gnunturnomine.
383 4022 438 4079 Sed
462 4023 491 4077 in
512 4021 641 4093 catalogo
664 4020 849 4076 mansionum
873 4021 949 4093 pari·
1003 4018 1165 4090 specialiter
1192 4017 1243 4073 Sin
1270 4019 1433 4090 appellari:
1460 4020 1504 4076 sin
1518 4027 1615 4078 autem
1638 4040 1697 4079 non
1725 4041 1757 4081 es

95 4121 252 4171 taromnes
274 4116 347 4185 quot
371 4111 401 4166 in
425 4125 545 4166 numero
570 4109 652 4176 liunt,
681 4109 726 4164 ret
749 4124 807 4181 quo
831 4109 947 4166 nomine
1002 4106 1101 4173 cades,
1113 4122 1200 4178 quam
1210 4122 1274 4161 mox
1288 4113 1466 4180 transgresso
1475 4110 1549 4165 mari
1565 4112 1661 4167 Rubro
1682 4112 1757 4169 inter

96 4205 180 4260 dictae
203 4202 373 4259 ostenditur.
402 4200 498 4255 Prima
524 4199 647 4266 mansio,
678 4199 706 4254 id
733 4202 785 4267 est,
812 4199 947 4272 Sepulcra
1003 4195 1123 4252 etSinai
1141 4194 1378 4266 pertransierunt,
1411 4198 1462 4252 ssd
1498 4199 1555 4253 alia
1577 4216 1703 4272 prorsus,
1731 4206 1757 4259 et

94 4289 345 4363 concupiscentiae,
356 4288 481 4344 secundo
496 4302 595 4341 meuse
606 4287 734 4358 ejusdem
749 4289 864 4344 secundi
878 4291 947 4345 anni
1003 4284 1079 4356 upud
1092 4283 1224 4340 iirbroeos
1236 4284 1341 4356 scripta
1351 4285 1464 4341 litteris.
1488 4287 1620 4345 Secunda
1645 4307 1714 4347 vero
1727 4292 1753 4364 ej

95 4380 222 4435 secunda
235 4378 369 4433 vicesima
384 4375 431 4432 die
446 4375 553 4431 mensis
566 4373 684 4431 introita
703 4380 755 4430 est.
777 4378 860 4432 Anno
871 4378 948 4433 enim
981 4388 986 4400 ⁴
1002 4370 1213 4443 quadragesimi
1223 4371 1293 4427 anni
1307 4372 1418 4428 mansio
1432 4378 1476 4430 ost
1503 4390 1587 4430 mons
1600 4377 1666 4445 lior,
1685 4377 1716 4433 in
1730 4395 1758 4452 qr

95 4467 221 4524 secundo
235 4467 277 4539 (ut
290 4465 436 4538 Scriptura
451 4464 527 4527 dicit)
539 4479 638 4519 mense
659 4463 783 4520 secundo
813 4465 949 4523 vicesima
1001 4467 1100 4525 cubuit
1114 4471 1210 4524 Aaron
1225 4470 1320 4540 primo
1335 4470 1381 4526 die
1396 4471 1489 4543 quinti
1503 4473 1628 4529 mensis:
1654 4475 1757 4546 ultima

94 4557 141 4612 die
158 4556 264 4612 mensis
275 4557 428 4611 moverunt
446 4557 538 4608 castra
551 4553 587 4608 da
608 4552 720 4609 deserto
747 4553 837 4619 Sinai,
863 4561 892 4611 et
906 4572 949 4612 re·
1000 4556 1107 4629 pestria
1136 4558 1218 4613 itoab
1240 4574 1327 4630 super
1353 4560 1506 4616 iordanem
1526 4567 1626 4618 contra
1652 4564 1757 4621 lericbc

93 4645 194 4702 cubuit
208 4645 239 4702 iu
255 4643 409 4701 solitudine
433 4642 545 4698 Pharan
563 4640 665 4707 nubes,
690 4642 867 4716 protectique
882 4649 949 4699 sunt
1001 4646 1255 4703 deuteronomium
1304 4648 1487 4718 meditantes,
1532 4658 1709 4722 manserunt,

94 4736 129 4791 dc
145 4738 242 4790 monte
265 4731 382 4789 bomini
401 4731 476 4787 nam
499 4731 588 4786 trium
609 4730 732 4798 diarum,
756 4730 849 4787 donar.
870 4733 947 4787 reni·
999 4737 1227 4808 mortuobloyse,
1250 4738 1337 4793 losne
1356 4739 1439 4810 duce,
1463 4738 1618 4811 primodie
1648 4742 1752 4800 decimi

92 4824 199 4905 rentad
215 4824 310 4879 iocum
321 4820 488 4887 mansionis,
504 4835 569 4890 quoe
592 4820 694 4875 merito
723 4823 824 4894 popuii
845 4837 947 4878 carnes
999 4823 1038 4879 sis
1065 4825 1218 4881 iordanem
1251 4825 1436 4883 transiemnt.
1476 4828 1561 4884 Fiunt
1600 4846 1669 4902 ergo
1691 4847 1757 4889 man

91 4913 315 4984 concupiscentis
342 4911 539 4982 sepulcrorum
568 4908 806 4979 concupiscentiae
837 4927 945 4968 nomen
998 4912 1087 4985 primi
1100 4915 1170 4969 anni
1184 4913 1347 4984 duodecim,
1362 4916 1481 4972 secundi
1492 4916 1631 4989 vigintiet
1646 4918 1755 4988 una,ul

92 4999 211 5070 accepit.
240 4999 375 5054 Ultimum
395 4999 509 5066 harum,
530 4996 625 5062 idest,
649 4996 749 5064 canes,
782 5001 871 5069 quoto
899 4999 946 5054 dia
997 5001 1062 5074 ipsu
1077 5001 1319 5075 vicesimaprima
1338 5009 1462 5077 quaeest
1485 5005 1583 5074 Cudes,
1610 5013 1639 5064 et
1660 5008 1756 5065 aliun

91 5087 136 5141 rel
149 5091 244 5142 mente
258 5087 387 5158 ejusdam
409 5084 477 5141 anni
501 5084 623 5156 ingressi
657 5090 734 5153 sunt,
759 5101 818 5143 non
841 5087 947 5144 dicitur
998 5091 1083 5147 simui
1099 5090 1209 5148 scilicet
1223 5108 1323 5148 omnes
1338 5093 1615 5166 quadragintaduce.

92 5191 157 5249 quie
170 5178 266 5229 tamen
281 5175 311 5229 in
324 5174 479 5230 solitudine
491 5172 603 5230 Pharan
614 5173 668 5228 sita
690 5179 743 5243 ast,
758 5175 827 5247 quia
843 5177 944 5234 eodem
1034 5180 1114 5237 Vana.
1128 5183 1174 5236 li.
1195 5211 1230 5222 -
1240 5183 1273 5238 Et
1289 5184 1440 5238 accessistis
1458 5182 1495 5237 ud
1506 5199 1557 5239 me.
1578 5185 1610 5239 ln
1638 5184 1713 5242 libro
1735 5185 1757 5243 N

91 5272 168 5319 anno
183 5262 261 5318 adita
282 5262 378 5330 tuerit,
400 5279 459 5319 non
482 5265 601 5318 tacetur.
630 5262 773 5336 Scriptum
799 5269 843 5322 est
865 5265 944 5322 enim
997 5269 1135 5342 scriptum
1161 5276 1214 5334 est,
1253 5270 1407 5327 bominum
1430 5271 1534 5327 dixisse
1561 5273 1699 5346 tloysimt
1726 5290 1757 5333 m

91 5352 209 5423 Populus
217 5365 271 5406 non
283 5354 323 5405 est
336 5356 426 5406 motus
441 5352 474 5407 de
496 5352 544 5408 illo
571 5354 627 5408 loco
649 5352 731 5409 nnec
764 5359 889 5410 reuocoto
903 5358 945 5411 est
996 5355 1143 5429 viros,qui
1162 5357 1376 5417 considerarent
1396 5367 1526 5417 terram:
1553 5362 1600 5417 hic
1625 5379 1691 5419 vero
1727 5380 1757 5439 pc

91 5442 191 5498 ilario.
219 5440 411 5511 hosectusque
438 5445 478 5496 ert
509 5440 542 5494 de
583 5441 716 5497 limerotb
737 5443 803 5512 ptris
820 5443 943 5498 tentoriis
996 5442 1102 5500 dixisse
1125 5446 1252 5521 legitur:
1276 5451 1416 5506 blittomus
1436 5452 1510 5507 uiros
1541 5454 1590 5521 qui
1609 5450 1757 5511 coruiderer

90 5533 121 5586 in
135 5527 435 5595 desertonuron,ubi
445 5528 549 5584 lomlur
572 5533 613 5585 est
637 5528 815 5586 Dominusod
834 5530 942 5600 itourm
994 5532 1323 5608 rosmsrdpopulushoc
1345 5538 1427 5609 prius
1449 5538 1537 5611 Moysi
1565 5539 1718 5612 suggessit,
1741 5542 1757 5599 Ι
