3892 6106
510 219 638 276 ‹ttosss
657 217 861 276 Ottolrtstuh.
884 247 918 258 -
940 218 1003 273 biti.
1025 217 1061 270 ΙΙΙ
1084 215 1163 273 REG.
1642 216 1694 269 ooo

74 345 119 399 25.
137 343 316 397 -Ascendit
342 346 431 408 Sesnc,
456 347 510 397 etc.
526 342 727 414 Sequebantur
745 341 930 398 re-htosuc
970 343 1056 412 atque
1094 336 1341 401 anathematizata,
1371 335 1483 390 iericho
1513 334 1619 389 moeuia
1646 350 1694 390 re·

74 431 148 504 gypti
173 448 273 486 currus
294 431 370 486 mitte
384 437 412 485 et
426 431 550 497 ducenti,
567 431 698 504 equitum
713 449 790 487 sexa·
847 429 991 484 stauratii.
1017 428 1087 484 Cum
1111 426 1175 500 quis
1199 441 1309 488 eorum,
1336 425 1386 496 qui
1411 425 1440 479 iu
1469 423 1591 478 Ecclesia
1612 423 1693 479 habi·

74 520 140 587 iiiia,
157 526 186 575 et
200 520 392 592 quadraginta
403 520 493 574 miliia
510 520 650 591 peditum,
666 537 789 593 quorum
847 523 909 573 tuna
934 515 1084 590 religionis
1118 518 1343 588 assumpserant,
1373 514 1408 569 od
1438 512 1550 582 agenda
1577 512 1693 577 scotera,

74 626 82 663 s
109 609 233 663 habebat
266 608 374 679 Libyes,
408 614 436 663 ct
465 609 620 680 AEthiopes.
654 610 790 666 invadens
847 622 911 678 quta
926 606 952 662 ei
970 605 1108 662 Dominus
1125 605 1205 660 Jesus
1230 604 1260 658 iu
1273 603 1320 658 die
1334 601 1514 673 baptismatis
1529 601 1693 666 donaverat,

74 698 241 753 {ebraeorum
258 698 416 768 regionem,
433 697 640 753 munitissimas
664 698 790 755 civitates
847 696 933 764 redit,
961 711 1089 767 quasque
1112 693 1173 764 ipse
1189 690 1479 747 anathematizaverat
1492 689 1597 745 diaboti
1614 703 1694 762 pom·

74 785 201 842 ticntione
217 785 350 851 detinuit,
364 791 416 840 etc.
845 799 906 853 pas,
936 781 1080 837 luxuriose
1109 780 1230 835 virendo
1259 777 1372 849 repetit,
1408 792 1530 848 cumque
1561 791 1694 830 errorum

288 926 294 941 ,
382 925 387 940 ,
844 873 980 941 dogmata
1002 870 1046 925 val
1075 869 1226 941 gentilium
1248 866 1358 922 inbutas
1374 865 1484 919 ueritati
1498 863 1693 919 ecetesiastieue

275 925 382 979 mm
406 926 458 980 XV·
845 975 902 1032 quo
930 958 1057 1014 imbutus
1086 961 1138 1023 eet,
1163 955 1289 1027 praefert,
1318 953 1399 1026 quasi
1421 952 1690 1024 Bethetegrcdiens,

74 1066 290 1122 6³11stqu
304 1065 403 1121 gemm,
414 1068 551 1135 summer
565 1067 700 1123 Aggameg
713 1069 791 1123 „lm-4
844 1047 942 1102 ruinas
969 1046 1080 1102 Jericho
1116 1045 1272 1100 resuscitat.
1302 1044 1327 1098 is
1347 1047 1375 1097 et
1402 1041 1587 1096 fundamenta
1613 1039 1690 1104 tidei,

74 1155 113 1220 ng
131 1154 349 1209 210‚Je1·01,03m
363 1157 788 1229 muqqougscqucongffgagffi
845 1135 981 1207 aquibus
1009 1135 1082 1191 burra
1110 1133 1230 1189 rediticiu
1251 1132 1409 1198 inchoarat,
1427 1135 1455 1185 et
1470 1131 1593 1185 claustra
1608 1129 1692 1183 bonae

74 1241 161 1298 thiam
173 1243 262 1297 titium
273 1243 410 1310 Roboam,
428 1244 476 1316 qui
493 1244 522 1298 iu
537 1245 646 1300 duabus
660 1245 790 1301 tribubus
845 1224 964 1278 ⁸⁰ii⁰¹¹i³
977 1223 1080 1296 (inibUS
1094 1222 1192 1294 peffi‘ii
1204 1221 1352 1290 dehuffl'ssb
1369 1221 1472 1293 Perdit·

74 1331 171 1394 cessit,
189 1336 404 1387 castrametatus
422 1339 471 1387 est,
489 1334 648 1399 quodcum
665 1334 789 1389 audisse}
880 1316 911 1370 tn
941 1312 1066 1368 Atirom.
1098 1311 1163 1384 (iu.)
1194 1313 1265 1368 Cum
1294 1310 1424 1366 conditor
1447 1309 1560 1364 Iericho
1588 1307 1690 1363 funda·

74 1419 267 1490 bstuperactus
292 1426 351 1488 est;
383 1438 482 1477 vesum
511 1423 670 1492 roboratus,
699 1425 788 1479 019010
845 1407 942 1456 menta
965 1406 1095 1474 poneret,
1123 1400 1336 1473 primogenitus
1360 1400 1422 1470 ejus
1436 1397 1552 1454 nomina
1575 1397 1692 1452 Abiram

90 1509 214 1562 occurrit
241 1509 392 1564 Jeroboam
417 1511 446 1565 jn
476 1512 569 1566 locum
598 1511 648 1583 qui
674 1517 790 1567 vocatur
844 1495 974 1545 mortuus
1006 1494 1058 1545 est.
1083 1491 1154 1545 Cum
1178 1495 1275 1561 portos
1306 1488 1442 1554 muniret,
1476 1486 1569 1557 Segub
1598 1484 1692 1541 tilium

74 1597 288 1664 norrhaeorum,
315 1599 444 1670 Cumque
469 1600 789 1657 orationgmhahujsset
844 1595 930 1634 suom
972 1578 1160 1634 novissimum
1198 1577 1303 1644 amisit,
1343 1577 1423 1647 juxta
1457 1573 1692 1646 imprecationem

75 1688 165 1740 crtum
198 1685 341 1752 teroham,
372 1687 487 1742 tandem
513 1693 580 1743 art:
611 1690 642 1743 iu
670 1706 727 1762 quo
754 1689 788 1745 da
844 1669 939 1723 '⁰³⁰⁹'
1163 1737 1277 1794 CAPUT
1296 1737 1374 1792 xpp,

74 1773 173 1828 uestis
188 1775 382 1830 considentes?
406 1778 449 1830 Au
473 1776 503 1830 iu
525 1776 619 1831 situlis
648 1777 742 1832 aureis
765 1783 793 1832 et

74 1867 208 1917 evestrae
238 1869 305 1918 suut
330 1863 486 1935 impietatis
515 1870 543 1919 et
570 1881 627 1920 nou
643 1866 792 1937 religionis
882 1846 967 1901 ΨΜ·
995 1848 1019 1901 ¹·
1044 1874 1080 1887 ·
1104 1847 1140 1900 Ei
1164 1844 1248 1901 dixti·
1280 1842 1369 1913 (Rae.)
1394 1841 1468 1896 Elias
1488 1839 1694 1910 inieft‘fflifliul'

103 1955 146 2006 An
179 1952 333 2007 multitudo
362 1969 441 2024 spem
466 1953 546 2008 vohis
569 1953 712 2025 psaebqu
737 1954 789 2009 Sed
848 1934 1008 1989 oeusmeas
1032 1933 1236 2001 nominasset
1264 1927 1692 1995 hmsmeuesiveoeosterto,

76 2040 211 2094 reustum
230 2045 282 2107 est,
301 2040 521 2110 ubiqrjcescum
540 2043 638 2096 mum,
653 2043 791 2115 minibus)
846 2028 874 2077 et
885 2021 1028 2094 significat
1053 2021 1208 2077 Christum.
1237 2019 1608 2088 Thesbitescopttoaosseu
1628 2030 1694 2071 con-

74 2128 340 2199 tspugnatinjusoe,
355 2129 542 2184 Solummodo
553 2130 668 2186 enimin
678 2132 792 2201 justitia
844 2115 950 2166 uertens
964 2109 1172 2180 interpretatur
1191 2123 1198 2162 ε
1227 2112 1256 2162 et
1283 2107 1318 2162 da
1335 2105 1456 2162 Domino
1472 2108 1514 2160 est
1528 2103 1667 2200 scriptum
1684 2119 1691 2156 ε

74 2220 103 2272 te
130 2233 193 2288 spes
220 2218 345 2272 victoriae
360 2219 493 2274 consistit
509 2236 574 2291 quae
596 2219 700 2276 scilicet
715 2221 791 2292 apud
846 2201 983 2266 ommes
1009 2197 1140 2263 ὓῡῐῦῑΰθι
1166 2197 1354 2266 capifviifliem
1376 2197 1506 2249 mitam·
1529 2192 1607 2247 3¹0¹st
1626 2190 1693 2244 ⁵¹²¹·

77 2310 233 2371 ,ervaflqeg
251 2323 268 2360 a
291 2305 436 2379 principio
451 2308 528 2379 1030,
542 2312 571 2363 et
587 2325 684 2364 ,emm
702 2310 791 2364 Deum
846 2285 1007 2355 chisedech,
1034 2286 1074 2341 ita
1094 2285 1160 2340 Etiae
1177 2284 1258 2356 origo
1275 2287 1410 2351 taceatur,
1434 2296 1500 2336 cum
1516 2279 1609 2334 subito
1631 2280 1693 2349 ejus

74 2399 123 2462 tes,
153 2398 204 2448 etc,
236 2394 308 2448 Deus
335 2401 431 2451 autem
460 2397 600 2452 emenus
630 2398 792 2453 Jewboami
845 2390 952 2430 nomen
967 2374 1168 2439 introducitur,
1198 2378 1226 2428 et
1255 2371 1309 2426 boc
1337 2371 1366 2426 in
1390 2369 1540 2426 salvatoris
1554 2367 1693 2439 praetigu-

74 2481 271 2551 adissotrit3
298 2486 455 2540 exercitum
495 2491 590 2542 aotam
619 2487 698 2543 Abin
726 2489 793 2543 fecit
845 2463 966 2517 ”5⁰⁰⁰-

74 2585 137 2626 em,
162 2572 232 2626 Nam
257 2577 365 2643 quanta
379 2574 459 2629 „0110
487 2574 563 2630 hepo
589 2576 711 2632 refertur
733 2593 791 2632 ω,
882 2553 917 2605 lo
936 2552 1015 2621 cujus
1039 2555 1190 2621 conspecto.
1207 2550 1268 2621 (tu.)
1288 2551 1320 2604 Iu
1335 2552 1488 2620 conspectu
1511 2544 1623 2602 Domini
1638 2547 1695 2599 stat

74 2675 103 2714 se
126 2659 399 2733 commissa‚n0q110
420 2663 595 2732 fimorum,
614 2681 709 2736 neque
726 2666 793 2720 Ba„
842 2639 938 2712 justus
952 2640 1048 2706 modo,
1076 2639 1162 2695 stabit
1187 2642 1215 2692 et
1236 2638 1266 2692 io
1285 2639 1394 2704 futuro,
1419 2636 1516 2702 modo,
1540 2639 1572 2689 ut
1594 2633 1692 2688 coodi-

74 2764 91 2815 ι,
118 2745 279 2801 mirabilem
304 2754 504 2819 perceperunt,
535 2751 592 2805 ppo
617 2750 790 2817 conserente,
845 2729 915 2783 toris
931 2728 1090 2800 potentiam
1116 2728 1282 2782 adsensum
1310 2727 1438 2792 reducat,
1455 2729 1483 2779 et
1510 2723 1550 2778 sic
1572 2722 1695 2778 ssdeiiter

74 2833 365 2904 mouingintaenim
377 2835 470 2891 qujg
488 2838 705 2895 hosfiumgepo
722 2856 791 2912 pro,
845 2817 928 2905 vivat,
954 2817 986 2872 in
1008 2817 1115 2884 tuturo,
1144 2821 1175 2870 ot
1204 2816 1343 2871 veraciter
1376 2814 1442 2870 vitre
1471 2828 1587 2869 curnam
1620 2809 1694 2865 acci·

74 2929 118 2979 int
136 2928 189 2978 ete.
806 2927 826 2983 c
846 2905 914 2979 piat.

881 2996 962 3053 vaes.
993 2995 1019 3050 3.
1041 3024 1074 3034 -
1102 2992 1282 3049 abscondere.
1313 2992 1407 3062 (Rea.)
1436 2989 1625 3046 Absconditus
1652 2991 1695 3042 est

267 3057 380 3112 CAPUT
400 3058 465 3113 XVI‘
847 3084 921 3139 Elias
945 3085 1045 3138 noster
1059 3087 1126 3150 ete,
1145 3097 1230 3151 usque
1244 3081 1281 3136 od
1306 3090 1334 3135 et
1354 3078 1525 3151 obsequium
1546 3077 1624 3150 quod
1638 3078 1693 3133 Do-

79 3174 110 3228 ·t.
128 3201 162 3214 -
181 3174 279 3227 Factus
304 3177 343 3226 est
370 3177 459 3228 autem
478 3189 573 3240 samo,
604 3180 656 3230 etc.
683 3176 790 3233 bientio
846 3177 1105 3234 minoafldelibus
1119 3195 1153 3232 cx
1168 3177 1274 3233 Judaeis
1289 3175 1448 3233 exhibitum
1463 3179 1514 3230 est.

75 3261 189 3334 opheta
206 3262 234 3314 in
249 3261 326 3315 nullo
336 3260 393 3316 alio
407 3263 469 3316 toro
484 3262 585 3330 tit,sed
596 3264 690 3320 subito
700 3265 791 3322 iutro·
880 3268 917 3322 Iu
937 3272 1053 3322 torrente
1080 3267 1184 3323 Curitis.
1207 3268 1329 3322 Torrens
1357 3267 1449 3337 Cysou
1474 3263 1524 3335 qui
1552 3267 1580 3317 et
1598 3259 1694 3319 Carith

82 3349 157 3404 sicut
183 3349 243 3415 alii,
270 3350 345 3405 unda
376 3350 481 3406 abdias
505 3351 609 3406 dicitur
637 3354 746 3424 pavisse
761 3355 791 3409 in
845 3355 1050 3428 interpretatur
1073 3357 1190 3424 cognitio
1220 3353 1278 3408 sive
1303 3357 1418 3410 concido
1441 3355 1485 3408 vel
1504 3353 1614 3420 divisio,
1645 3352 1694 3405 tu-

74 3455 85 3495 s
110 3443 225 3493 centum
241 3439 405 3510 propbetas.
429 3440 460 3494 Et
483 3440 555 3495 Elias
580 3441 618 3496 ait
639 3459 646 3496 :
671 3444 792 3514 Prophe·
846 3445 925 3500 daico
939 3444 1047 3517 populo
1063 3444 1207 3499 convenit.

88 3529 253 3583 occiderem.
280 3529 312 3582 Et
340 3527 394 3582 titii
420 3529 627 3600 prophetarum
656 3531 792 3603 teguntur
882 3534 960 3588 Vrsa.
987 3534 1028 3587 to.
1045 3562 1079 3573 -
1100 3535 1209 3588 diutior.
1227 3532 1314 3604 (ism.)
1332 3531 1422 3586 Vidua
1449 3547 1536 3603 quam
1556 3527 1694 3584 Dominus

74 3631 98 3671 se
123 3616 233 3681 Elisaeo,
263 3633 388 3688 quorum
417 3617 473 3672 atia
498 3619 578 3673 nulia
610 3618 642 3675 su
670 3623 789 3691 mentio,
845 3637 903 3677 non
921 3621 1069 3689 frumenti,
1097 3622 1145 3676 sed
1171 3620 1248 3676 verbi
1275 3637 1349 3691 panc
1370 3620 1470 3691 pascit,
1491 3636 1525 3673 eo
1548 3622 1692 3689 estque,

74 3704 167 3760 sciolis
183 3704 349 3759 nominatio
845 3715 961 3766 mortuo
986 3708 1056 3776 viro,
1085 3709 1131 3764 cui
1157 3710 1218 3764 vuit
1240 3709 1341 3777 nubat,
1365 3709 1396 3763 id
1420 3713 1473 3774 est,
1498 3722 1616 3761 excusso
1631 3721 1689 3760 ser·

78 3796 105 3850 3.
132 3824 166 3835 -
193 3795 268 3849 Ecce.
295 3795 375 3863 (Rea.
400 3796 429 3850 in
457 3795 506 3850 tit.
534 3799 611 3866 itaq,
641 3800 789 3870 tumlti.)
844 3799 942 3854 vitutis
968 3798 1049 3870 jugo,
1078 3797 1155 3853 subit
1180 3797 1284 3852 Christi
1306 3797 1409 3867 jugum
1437 3811 1532 3863 suase,
1563 3799 1591 3849 at
1621 3810 1693 3848 ouus

82 3881 222 3937 Dominus
236 3882 323 3954 hujus
349 3883 392 3937 vel
409 3883 605 3955 cojuscunque
626 3884 719 3957 iniqui
733 3902 789 3957 po·
845 3887 915 3942 leve.

104 3986 170 4025 cum
195 3976 309 4042 peccata
336 3976 402 4042 post
432 3973 519 4027 tinem
543 3972 607 4027 ritae
634 3973 788 4029 ulciscitur.
881 3975 974 4046 (Rea.)
1001 3975 1066 4030 Hac
1092 3973 1178 4029 vidua
1206 3972 1335 4044 gentium
1361 3970 1504 4044 significat
1528 3968 1690 4036 Ecclesiam,

83 4062 112 4114 et
130 4058 290 4129 posteriora
305 4058 408 4114 domus
431 4060 502 4130 ejus,
532 4077 598 4115 cum
614 4061 789 4118 imitatorem
846 4068 912 4130 etc,
927 4077 1012 4133 usque
1027 4062 1064 4117 od
1080 4078 1136 4116 uon
1156 4061 1290 4117 deiecisse
1304 4059 1417 4115 dicitur.

75 4146 248 4201 cruciatibus
271 4147 583 4221 damnatoribusque
606 4166 674 4221 orgo
700 4168 790 4224 usque
881 4153 944 4227 (Io.)
958 4153 1049 4208 Vidua
1064 4150 1140 4223 apud
1164 4166 1251 4222 quam
1266 4147 1466 4221 hospitabatur
1488 4147 1573 4214 titios,
1601 4149 1692 4201 etcu-

87 4234 154 4290 vitae
178 4236 208 4290 in
235 4236 329 4308 pravis
354 4238 488 4309 operibus
512 4245 682 4311 perseverat,
698 4244 826 4313 poste-n
843 4244 892 4316 jus
909 4242 1055 4299 benedixit
1081 4241 1181 4296 furiose
1209 4245 1238 4296 et
1265 4241 1339 4307 oleo,
1357 4255 1504 4312 synagoga
1523 4243 1565 4294 est
1578 4238 1693 4294 tudoao-

76 4341 110 4379 aa
121 4324 312 4380 demetentur·
846 4349 921 4397 rom,
937 4348 1002 4404 quse
1025 4329 1096 4387 hosi
1112 4335 1202 4387 morte
1218 4329 1345 4393 viduata,
1360 4328 1452 4384 tiliam
1467 4327 1612 4383 nutriebat
1626 4342 1691 4398 par·

81 4415 108 4470 t.
125 4445 160 4455 -
190 4416 245 4480 Qui
270 4419 392 4471 mortuos
420 4418 515 4483 fucrit.
543 4417 609 4487 (io.)
632 4418 672 4472 De
693 4418 789 4499 Bauer,
845 4423 954 4489 rutum,
979 4420 1033 4477 hoc
1061 4424 1104 4476 est
1124 4419 1266 4474 carnatem
1281 4417 1611 4491 poputumtudaeorum.
1644 4413 1693 4469 itio

95 4503 130 4559 de
167 4519 287 4574 corpore
314 4503 421 4559 diaboti
454 4505 624 4561 confusione
658 4507 788 4579 plenissi-
844 4510 882 4569 ad
909 4510 1070 4582 ingressum
1099 4507 1177 4576 Ehe,
1202 4508 1230 4563 id
1252 4513 1296 4564 est
1318 4506 1470 4564 salvatoris
1497 4503 1598 4572 nostri,
1614 4503 1692 4559 febre

74 4607 181 4663 ,osque
195 4593 233 4646 od
256 4609 352 4649 secum
379 4593 415 4648 ad
436 4599 576 4650 aeternum
602 4597 721 4667 rapiunt
747 4596 791 4651 in·
845 4597 1024 4653 infidelitatis
1041 4597 1254 4666 infirmabatur,
1272 4596 1340 4670 quia
1354 4596 1384 4651 iu
1405 4612 1471 4651 eum
1491 4610 1550 4651 noo
1564 4591 1690 4661 credidit,

846 4684 896 4740 sed
910 4683 1026 4756 sprevit.
1042 4685 1122 4741 Unde
1153 4688 1245 4739 mater
1265 4684 1414 4756 Synagoga
1443 4682 1479 4738 de
1492 4681 1613 4737 advento
1631 4679 1692 4736 Sal-

79 4771 107 4825 o.
129 4798 165 4810 —-
190 4772 222 4826 in
246 4772 348 4825 Thessa
378 4786 471 4839 regno.
497 4772 591 4845 (Rea.)
623 4772 677 4828 Sex
701 4789 792 4828 annos
844 4772 951 4828 satoris
976 4771 1173 4845 conqueritur,
1199 4771 1281 4845 quasi
1305 4771 1365 4843 ipse
1387 4768 1691 4826 essetcaosaioterie·

74 4857 185 4926 thersa,
202 4858 329 4931 reliquos
345 4863 440 4914 autem
463 4859 493 4914 in
517 4861 640 4930 civitate,
658 4877 724 4934 quae
738 4861 790 4917 Se.
845 4859 947 4916 ctiouis
961 4859 1073 4933 popuii,
1102 4859 1199 4916 dicens
1215 4876 1221 4914 :
1240 4859 1312 4929 Quid
1338 4859 1448 4915 mittet
1473 4859 1532 4919 titt.
1550 4858 1604 4912 etc.
1621 4856 1692 4912 iiiuc

74 4947 273 5019 appellatur,a
294 4947 398 5004 Grecis
411 4964 478 5003 vero
493 4948 631 5004 Samaria.
662 4950 713 5004 iiic
738 4966 790 5005 no·
845 4955 887 5006 est
912 4949 990 5022 qaod
1018 4948 1139 5022 Caiphae
1155 4949 1216 5004 ait:
1245 4948 1364 5018 Eapeds‘t
1391 4946 1465 5002 vobis
1492 4951 1606 5001 aturrus
1635 4961 1690 5002 mo·

74 5047 138 5088 eam
164 5034 302 5089 Semeron
328 5035 466 5090 aSemer
490 5037 588 5107 priore
612 5036 741 5105 domino,
765 5043 794 5092 et
844 5041 935 5094 rtotor
958 5053 1011 5109 pro
1030 5039 1142 5108 poputo,
1171 5042 1197 5093 et
1221 5053 1275 5092 non
1305 5040 1362 5091 toto
1388 5050 1452 5104 gens
1476 5040 1569 5105 pereat
1597 5033 1689 5105 (toan.

74 5121 178 5194 tepolis
193 5121 286 5193 regui,
314 5125 342 5177 et
361 5128 461 5194 postea
488 5125 582 5179 omnis
606 5125 686 5197 regio
708 5124 743 5181 ab
758 5141 792 5180 eo
845 5129 893 5197 xi).

86 5212 261 5284 appellatur,
291 5228 354 5284 quae
370 5229 447 5267 nunc
461 5213 576 5269 Sebaste
597 5220 726 5282 vocatur,
741 5201 790 5268 uhi
880 5215 945 5288 (to.)
967 5215 1045 5273 Sicot
1071 5215 1212 5286 propheta
1239 5213 1330 5269 verbis
1345 5213 1507 5268 viduoenon
1521 5215 1564 5267 est
1577 5227 1691 5284 exaspe-

74 5298 92 5354 ti
104 5299 222 5354 ioannis
240 5301 372 5372 Baptistae
393 5301 553 5373 quiescunt.
845 5308 932 5372 ratus,
949 5304 1019 5377 quin
1034 5303 1132 5376 potius
1156 5303 1318 5371 miseretur,
1341 5302 1379 5357 ita
1397 5301 1572 5374 Redemptor
1594 5306 1691 5357 noster

81 5388 126 5444 st.
157 5389 374 5459 —AEdtgtcouit
400 5390 472 5444 niet.
500 5390 589 5460 (itam)
607 5391 678 5454 Hiet.
699 5393 790 5447 oiocos
845 5409 904 5449 oon
932 5397 1116 5466 exasperatur
1143 5391 1253 5447 malitia
1280 5391 1453 5460 todaeomro,
1484 5391 1533 5446 sed
1557 5391 1690 5447 misertus

74 5476 139 5545 hel,
169 5476 264 5532 domus
293 5480 339 5533 ne·
367 5479 582 5550 interpretatur,
610 5481 791 5536 destructae
846 5481 1003 5555 suipopuli
1028 5481 1096 5537 tulit
1111 5496 1176 5536 eum
1203 5481 1238 5536 de
1262 5480 1689 5549 sinumatris,eumtutiteum
