3892 6106
93 263 138 316 m
673 259 804 318 ocosse
822 260 1028 319 onustamur.
1047 291 1084 304 -
1102 262 1169 322 sis.
1189 264 1267 322 err.
1798 267 1850 324 roe
1869 236 1874 243 ’

90 379 143 436 bus
164 378 300 435 diabolus
329 379 469 450 corrupit.
498 379 530 434 lit
558 378 756 452 conglutinata
780 384 824 435 ast
851 379 983 440 animal
1002 385 1060 437 tate
1075 381 1142 437 vitre
1162 381 1319 449 ambulare,
1351 380 1428 454 quod
1455 385 1498 438 est
1526 382 1699 440 vestimenta
1727 392 1849 443 mutare.

92 470 152 541 ejus
165 484 234 522 curn
249 483 293 531 ea,
312 467 380 539 quia
395 468 506 523 unitam
520 467 574 522 sibi
585 484 637 540 par
651 467 834 538 iniquitatem
852 467 944 540 respi·
1001 469 1169 541 Significant
1182 475 1279 526 autem
1293 472 1408 526 inauras
1434 472 1512 526 falsae
1541 473 1680 529 doctrinae
1707 473 1849 546 phaleras.

92 556 139 612 cit.
158 558 190 611 Et
210 555 280 627 quia
297 571 380 610 mens
407 571 423 610 a
449 556 533 626 culpa
557 556 727 628 resipiscens
755 554 888 621 afficitur,
919 562 948 611 ct
1002 573 1134 613 sermone
1149 559 1263 625 nitidas,
1279 575 1329 614 seu
1344 575 1428 614 sensu
1444 559 1573 615 raritatis
1587 577 1698 616 vacuas.

93 644 254 701 admissum
282 644 350 699 llere
365 648 508 699 conatur:
524 650 677 714 corruptor
703 660 781 717 spem
813 658 845 697 ac
870 660 947 697 aecu-
1038 643 1237 712 «Eliorum,
1265 651 1342 701 sato.
1370 645 1461 718 (Aoo.)
1481 646 1625 712 Oureritur
1647 649 1732 718 qualo
1766 647 1849 705 inuu-

93 733 209 789 ritatem
226 748 346 788 vacuam
373 737 439 787 anta
455 733 553 788 oeulos
581 737 671 796 vocat,
701 743 842 805 quatenus
869 732 947 787 utili·
1002 747 1058 799 res,
1075 747 1141 803 quae
1159 738 1330 788 ornamenta
1344 740 1426 789 erant
1439 735 1475 790 ad
1489 734 1683 790 idololatriam
1699 751 1758 790 non
1786 752 1851 808 per-

93 827 185 878 tatem
200 821 504 878 tristiticesubtrahat.
527 821 757 877 Undeadditur:
788 821 948 877 ulristem·
1001 820 1147 876 tinentia?
1172 822 1219 877 sed
1243 821 1463 894 intelligendum
1493 828 1538 879 est
1563 823 1740 895 phylacteria
1764 825 1850 880 fuisse

93 927 151 984 que
167 907 316 966 blanditus
331 909 470 965 delinivit.
482 929 501 958 s
517 908 600 964 Hodo
628 909 717 979 enim,
736 909 859 964 aliorum
875 909 949 964 locta
1002 907 1122 964 deorum
1136 910 1306 965 alienorum.

92 999 347 1073 graviora;modo
377 998 448 1053 nihil
463 1014 524 1054 esse
539 998 617 1070 qnod
643 1000 750 1054 lactum
777 1003 834 1065 est;
863 999 947 1054 modo
1038 997 1118 1052 Vens.
1135 1001 1242 1054 dt·
1260 1019 1274 1049 ε
1291 998 1375 1053 venit
1398 998 1488 1071 igitur
1516 998 1602 1055 Jacob
1630 999 1848 1068 Suram,setc.

92 1089 313 1145 misericordem
334 1087 578 1160 llenmloquitur,
607 1092 636 1143 et
660 1094 774 1159 tempus
796 1090 831 1143 ad
855 1088 947 1160 poeni·
1003 1085 1092 1155 (Ano.)
1118 1087 1281 1142 Notandum
1315 1088 1359 1141 esi
1385 1087 1439 1141 tria
1465 1088 1583 1143 nomina
1612 1087 1700 1160 hujus
1726 1088 1850 1145 civitatis

92 1178 219 1234 mutiam
235 1176 408 1250 pollicetur:
427 1180 460 1230 ut
488 1177 557 1230 dum
574 1190 626 1248 par
647 1175 708 1231 hec
724 1176 841 1248 decepta
866 1191 948 1230 mens
1002 1188 1062 1229 esse
1086 1180 1319 1242 commemorata,
1348 1179 1414 1241 etc,
1436 1189 1521 1245 usquc
1548 1176 1586 1231 od
1621 1176 1720 1232 multis
1758 1178 1851 1233 causis

93 1265 223 1336 ducitur,
244 1264 415 1338 paenitentia
429 1262 587 1332 differatur,
616 1269 650 1319 nt
676 1269 743 1319 tunc
768 1263 844 1319 bona
868 1264 947 1319 nulla
1003 1261 1148 1318 adduntur
1162 1263 1332 1319 nominaret
1347 1268 1504 1319 mutantur.

93 1355 248 1426 percipiat,
278 1369 366 1426 quam
388 1367 466 1408 nunc
494 1352 569 1408 mela
597 1352 767 1408 contristant
791 1369 799 1406 ε
824 1356 853 1406 et
879 1355 947 1407 tunc
1038 1350 1181 1423 (iliacas.)
1214 1352 1282 1407 Ecce
1304 1351 1534 1408 manilestissimc
1560 1353 1765 1424 comprobatur
1794 1354 1850 1410 lte·

93 1443 211 1516 plenius
225 1443 413 1498 absorbeatur
426 1441 585 1514 suppliciis,
607 1458 672 1515 quta
691 1458 769 1498 nuno
794 1443 947 1514 gaudetin
1001 1439 1059 1493 thel
1075 1440 1288 1508 nonUlam‚{ut
1302 1439 1507 1512 supradictum
1534 1444 1585 1507 est,
1607 1441 1656 1497 sed
1684 1443 1790 1513 liuzen,
1820 1442 1849 1498 id

92 1532 217 1588 deliciis.
1001 1529 1053 1590 cst,
1069 1528 1256 1596 emundatum,
1273 1532 1357 1584 antea
1376 1543 1436 1585 csse
1451 1532 1590 1584 vocatam.

126 1621 213 1675 t'nas.
226 1621 304 1674 ΙΙΙ.
320 1648 355 1660 -
372 1640 384 1668 r
402 1618 493 1684 Quam
510 1634 574 1673 cum
588 1617 704 1673 vidisset
722 1617 836 1675 Sicham
857 1660 864 1674 .
882 1661 889 1674 .
912 1663 918 1676 .
938 1660 944 1673 .
1036 1617 1117 1671 Vsus.
1141 1620 1182 1672 l0.
1198 1647 1232 1657 -
1247 1636 1262 1669 a
1280 1618 1340 1674 Non
1367 1617 1512 1672 vocaberis
1536 1618 1621 1686 ultra,
1637 1637 1651 1669 o
1675 1623 1728 1672 etc.
1752 1621 1849 1683 (duo.)

93 1713 153 1764 aet
176 1707 321 1787 dormivit
347 1722 413 1762 cum
444 1707 503 1762 illa.
532 1726 546 1758 o
577 1707 658 1778 (lieo.
678 1707 775 1774 Quart.
801 1709 832 1763 in
867 1709 945 1778 Gerr,
1001 1703 1145 1769 Quaeritur
1167 1720 1232 1761 oum
1257 1705 1469 1761 semeldictum
1497 1706 1543 1773 sit,
1572 1727 1586 1755 a
1613 1707 1675 1761 Non
1705 1707 1850 1762 vocaberis

90 1804 161 1852 tom.
178 1797 295 1867 lll)llt
308 1796 432 1851 intendit
449 1796 553 1850 animae
571 1795 649 1851 [linae
674 1794 946 1852 llliaeiecobetad·
1002 1794 1184 1862 ultrolacob‚
1202 1798 1268 1861 etc,
1299 1810 1364 1849 cum
1393 1794 1504 1864 legatur
1531 1799 1631 1865 postea
1658 1794 1743 1849 Jacob
1767 1811 1850 1851 roca·
1935 1836 1938 1847 .

91 1886 201 1941 amarit
216 1885 371 1955 virginem,
390 1887 420 1938 et
440 1884 551 1938 locutus
574 1888 616 1938 est
642 1883 798 1939 secundum
829 1901 945 1941 sensum
1001 1886 1047 1936 lus
1061 1879 1141 1936 iSed
1155 1882 1210 1936 hoe
1238 1898 1342 1937 nomen
1370 1882 1405 1937 ad
1424 1883 1504 1937 illum
1528 1883 1654 1954 pertinet
1681 1883 1850 1955 promissio·

93 1973 224 2046 virginis.
251 1972 401 2040 Quomodo
424 1973 507 2045 virgo
533 1972 648 2040 dicitur,
673 1973 697 2028 si
721 1973 781 2044 jam
812 1975 947 2030 dormivit
1000 1984 1077 2037 uem,
1094 1969 1124 2023 in
1139 1985 1196 2041 que
1211 1969 1325 2025 ridetur
1339 1971 1413 2025 Deus
1437 1970 1583 2042 quomodo
1613 1987 1669 2026 uon
1692 1976 1735 2026 est
1765 1980 1850 2027 antec

93 2079 156 2118 cum
178 2061 244 2117 eei
266 2060 321 2116 nisi
349 2061 421 2116 lorta
440 2063 520 2133 virgo
544 2077 650 2116 nomen
665 2061 756 2116 aetatis
771 2066 815 2116 est
842 2079 944 2117 secun·
1000 2059 1130 2129 patribus
1145 2059 1230 2128 visus,
1245 2059 1295 2114 ubi
1312 2077 1371 2114 non
1392 2061 1447 2115 erit
1469 2076 1577 2115 nornen
1600 2066 1678 2116 retus
1694 2077 1700 2115 :
1718 2062 1787 2133 quia
1802 2064 1850 2116 nl-

95 2153 163 2206 dum
180 2150 335 2206 llebraeum
353 2150 513 2221 eloquium,
537 2166 573 2204 an
588 2149 684 2222 potius
697 2166 750 2222 per
773 2151 944 2224 recapitula·
1000 2147 1042 2201 llil
1061 2147 1221 2202 remanebit
1236 2147 1282 2202 hic
1295 2147 1325 2201 in
1342 2148 1404 2220 ipso
1424 2162 1544 2221 corpore
1558 2148 1716 2216 vetustatis,
1727 2153 1760 2211 ,et
1777 2148 1849 2204 risio

93 2240 203 2295 tionem
219 2244 286 2310 poet
300 2244 544 2293 commemoratur
570 2238 647 2311 quod
663 2243 728 2292 ante
755 2238 863 2293 lactum
892 2243 943 2294 est.
1002 2234 1052 2290 usi
1067 2250 1211 2290 summum
1226 2235 1378 2307 praemium
1391 2235 1456 2292 erit.

92 2328 176 2384 Prius
192 2325 781 2399 enimpotuitintendere-onimaeipsius‚
803 2330 944 2383 etamure
1036 2341 1182 2413 (Hieron.)
1206 2363 1219 2391 .
1247 2340 1310 2397 Non
1332 2341 1478 2397 vocabar,
1509 2342 1584 2397 uum
1608 2341 1748 2412 Jacob„
1790 2347 1845 2399 θη,

93 2416 251 2487 sirginem,
268 2419 297 2469 at
312 2414 392 2486 loqui
403 2414 560 2470 secundnm
576 2413 826 2487 sensumrirginis,
842 2415 945 2471 deinde
999 2429 1132 2485 Nondum
1146 2429 1224 2485 onim
1240 2429 1276 2485 ab
1290 2430 1391 2501 angelo
1418 2445 1523 2485 nomen
1547 2430 1574 2485 ei
1596 2431 1766 2501 imponitur,
1797 2432 1845 2487 sed

91 2503 219 2560 d⁰fm5f⁰
234 2502 372 2558 cumini·
998 2516 1208 2588 imponendum
1236 2518 1330 2575 olleo
1352 2518 1528 2591 praedicitur.
1559 2518 1640 2584 Quod
1666 2518 1756 2591 igilur
1779 2518 1849 2575 illuc

127 2615 139 2640 ·
168 2589 296 2647 Pacifici·
328 2611 340 2639 ⁹
365 2589 418 2645 Ubi
452 2589 641 2661 selit¹¹⁸di¹¹i⁸
670 2589 850 2662 intelli?etati
877 2596 945 2647 81]ὓῖ
997 2605 1126 2661 littorum
1140 2607 1329 2678 promittitur,
1345 2607 1392 2662 lric
1406 2607 1551 2679 expletum
1567 2607 1695 2662 docetur.

89 2683 229 2751 porticos,
252 2679 355 2751 Aquila
381 2677 527 2733 transtulit
551 2685 757 2745 consummatos,
777 2686 859 2751 utque
878 2697 944 2751 per·
1035 2714 1116 2767 pm·
1139 2715 1226 2768 4¹43⁸
1258 2742 1293 2752 ,,
1320 2731 1334 2765 ,

89 2772 173 2836 tectos
188 2785 242 2838 pro
258 2784 314 2840 quo
329 2767 359 2822 in
376 2767 495 2822 llebrcco
523 2767 644 2839 legitur:
674 2768 807 2824 selemim.
831 2768 869 2824 Ex
885 2785 943 2841 quo

91 2862 213 2928 apparet
225 2856 297 2911 illud
311 2872 372 2910 esse
388 2870 485 2908 verum
501 2855 579 2928 quod
609 2871 695 2927 supra
721 2855 756 2911 de
775 2856 869 2912 Salem
897 2857 943 2913 di-

91 2961 286 3097 mfllltseeensi
304 3038 388 3087 sete.
414 3030 505 3104 (luo.)
532 3032 622 3087 Paulo
636 3038 701 3086 anta
720 3033 807 3088 iacob
824 3035 944 3107 loquens

92 3139 156 3178 cnm
172 3124 260 3191 Esau,
286 3121 361 3176 lilios
384 3137 451 3176 suos
470 3120 594 3175 inientes
613 3136 673 3176 esse
697 3121 849 3193 significat.
877 3129 942 3192 etc,

1356 2713 1455 2768 Cresco
1470 2717 1499 2768 et
1520 2711 1722 2783 multiplicare.
1752 2734 1766 2762 »ι
1794 2714 1850 2769 llo

997 2802 1104 2857 roliter.
1132 2803 1197 2856 llteo
1225 2802 1376 2874 promissio
1404 2802 1438 2857 ad
1465 2801 1614 2874 spirituale
1638 2817 1737 2857 semen
1761 2801 1848 2857 luoob

998 2890 1132 2962 pertinet,
1157 2890 1230 2946 sicut
1249 2890 1311 2961 jum
1339 2894 1405 2945 anta
1428 2891 1464 2946 de
1491 2888 1634 2947 Abraham
1659 2889 1845 2946 dictumest.

959 2951 978 3006 c
999 2978 1104 3035 Omnes
1118 2979 1196 3035 enim
1223 2979 1274 3050 qui
1302 2980 1487 3050 supplantant
1507 2978 1585 3046 vitia,
1610 2984 1638 3032 at
1652 2982 1779 3033 veterem
1793 2977 1846 3033 ho·

998 3067 1106 3122 minem
1120 3083 1186 3122 oum
1203 3067 1312 3123 actibus
1327 3068 1385 3123 suis
1408 3068 1566 3139 deponunt,
1588 3071 1615 3123 et
1630 3066 1736 3123 mentis
1749 3067 1846 3122 oculos

341 3209 358 3221 ,,
393 3209 399 3220 ,
454 3209 459 3220 ,
726 3210 731 3220 ,
935 3213 940 3224 ,
998 3153 1136 3210 adlleum
1160 3153 1321 3220 intendunt,
1339 3158 1415 3209 reete
1439 3153 1475 3209 ad
1490 3154 1576 3209 Jacob
1595 3153 1848 3226 pertinent,oujus
1912 3182 1915 3187 ·

93 3212 229 3283 usquead
244 3209 291 3264 sed
308 3209 546 3280 llluejustnhoc
565 3208 842 3265 lactonomtnantur
861 3228 944 3283 quasa
998 3242 1084 3297 fldem
1115 3247 1144 3297 et
1172 3248 1250 3297 nepus
1277 3241 1438 3297 imitantur·
1466 3264 1476 3292 ⁸
1505 3241 1655 3313 {legesque
1677 3240 1713 3297 do
1741 3240 1848 3297 lumbi,

93 3299 281 3398 princip&
297 3303 438 3352 metm*
607 3385 613 3397 ,
910 3389 916 3401 ,
997 3330 1060 3400 ejus
1074 3331 1269 3402 egredientur,
1287 3350 1302 3383 s
1318 3329 1346 3385 id
1370 3336 1423 3398 est,
1439 3329 1528 3386 sancti
1554 3329 1604 3402 qui
1627 3330 1784 3385 secundum
1800 3347 1848 3384 vo·

126 3391 300 3459 aArrcptts,
325 3405 340 3438 s
362 3392 415 3441 oto.
445 3385 558 3457 (Smer.)
586 3385 631 3440 Sto
656 3390 785 3458 pastores
813 3389 942 3444 Ecclesiae
997 3418 1138 3474 lumem
1156 3420 1204 3475 Dei
1221 3434 1252 3476 se
1269 3423 1296 3475 et
1320 3419 1447 3475 subditos

92 3483 244 3547 peccatum
272 3474 366 3530 carnis
393 3474 436 3528 rel
467 3474 573 3529 atrimae
598 3474 695 3529 ulcisci
719 3474 826 3531 debent
845 3477 941 3547 gladio

91 3565 222 3635 spiritus,
240 3564 348 3636 quiesi
368 3561 552 3618 verbumllci
580 3563 671 3634 parati
700 3562 797 3619 ulcisci
825 3579 940 3620 omnem

92 3652 329 3709 inobedientium.

125 3761 141 3793 a
156 3742 215 3797 Nos
232 3740 317 3812 petrei
331 3755 440 3808 snmus,
456 3760 469 3787 u
488 3746 540 3794 etc.
566 3738 659 3810 (Auo.)
685 3740 741 3794 lloc
769 3739 844 3804 dicit,
873 3739 942 3811 quia

92 3831 251 3904 plurimum
276 3829 351 3884 bella
375 3832 508 3898 poterant
533 3843 659 3899 surgere:
678 3843 735 3882 non
756 3829 835 3899 quod
851 3830 941 3884 multo

93 3918 190 3974 minus
203 3918 323 3973 haberet
339 3932 425 3988 quam
452 3919 570 3986 possent
597 3916 797 3987 expurgationi
819 3917 941 3972 civitatis

93 4007 237 4063 sufficere.

128 4093 293 4166 allunquid
311 4096 343 4147 ot
365 4095 468 4160 scorto,
488 4112 498 4137 ι
518 4098 572 4146 cte.
589 4089 680 4162 (Auo.)
708 4092 790 4147 Zelus
813 4092 939 4148 illiorum

91 4184 178 4239 iacob
193 4183 223 4238 in
242 4182 383 4237 ultionem
408 4180 513 4234 sorrsris
536 4180 685 4235 moraliter
712 4187 874 4238 commonet
888 4198 939 4254 po·

93 4278 183 4327 stores
198 4269 340 4337 fidelium,
356 4284 453 4323 curam
478 4267 583 4322 habore
605 4268 764 4326 animarum
794 4268 848 4324 sibi
867 4285 941 4324 com·

93 4359 259 4426 missarum,
286 4374 323 4413 ne
337 4358 476 4412 violenter
502 4356 645 4429 corporali
668 4357 782 4424 delicto,
807 4363 857 4413 aul
882 4358 942 4413 for-

93 4447 239 4502 nicatione
267 4445 408 4518 spirituali
438 4445 634 4500 succumbant.
666 4466 679 4491 κ
709 4445 860 4518 Paratique
886 4448 944 4503 sint
1032 4428 1115 4483 Vm·
1133 4429 1175 4492 ’θ’
1195 4430 1286 4482 Π·“·
1308 4426 1528 4496 “Sibrium-¹·
1559 4428 1698 4497 (ΗΙΕΙΟΝΙ
1724 4426 1846 4498 Elibrata

93 4535 323 4591 „lcjaeiomnem
346 4532 582 4599 inobedientiam,
612 4553 626 4585 „
657 4538 686 4587 et
712 4535 941 4590 „communica-
997 4516 1026 4565 ot
1041 4510 1187 4566 Bethleem
1203 4511 1290 4566 unius
1305 4513 1384 4566 urbis
1407 4510 1575 4567 vocabulum
1605 4518 1657 4578 ast,
1677 4511 1730 4565 suls
1756 4512 1844 4566 inter·

93 4622 178 4677 tionis
207 4622 304 4694 gladio
332 4621 436 4677 ferient
473 4626 679 4693 stupratorem,
718 4638 753 4676 no
783 4622 942 4694 impunitus
995 4601 1157 4672 ”remim
1184 4599 1337 4654 ⁶⁰⁰³i⁰¹¹¹i·
1369 4600 1577 4671 mmmmm
1601 4600 1677 4654 ‘⁰5¹⁰
1705 4602 1847 4669 sivissem

1473 3434 1539 3473 vere
1555 3424 1682 3490 regunt:
1703 3419 1739 3474 de
1766 3419 1848 3489 cujum

997 3507 1106 3562 semine
1122 3507 1275 3579 spirituali,
1299 3506 1387 3564 idest
1404 3507 1565 3563 imitatione
1593 3506 1672 3575 lidei,
1702 3506 1733 3562 in
1759 3507 1844 3563 bonis

996 3596 1132 3666 operibus
1147 3597 1346 3653 fecundantur.

1031 3702 1112 3756 l'aas.
1129 3704 1171 3767 ll,
1191 3705 1231 3758 ts.
1251 3733 1284 3743 -
1314 3721 1328 3753 o
1360 3701 1409 3757 lile
1427 3717 1495 3755 vero
1515 3703 1605 3756 erexit
1630 3701 1748 3756 titulum
1774 3701 1845 3772 lapi-

996 3807 1010 3840 ε
1027 3790 1113 3845 deum
1136 3791 1165 3844 in
1181 3791 1243 3845 loco
1256 3807 1313 3862 quo
1336 3790 1449 3845 locutus
1464 3790 1567 3855 luerat,
1584 3809 1598 3841 s
1615 3794 1668 3844 etc.
1687 3789 1776 3859 (Auo.)
1795 3790 1845 3844 Fa·
1867 3789 1869 3792 ’

995 3884 1073 3934 ctum
1087 3884 1130 3933 est
1143 3879 1248 3933 iterum
1267 3877 1319 3932 hoe
1334 3879 1362 3933 in
1374 3879 1435 3932 loro
1455 3877 1531 3949 quod
1547 3883 1631 3932 antea
1657 3878 1763 3933 suctum
1781 3878 1847 3934 lue-

995 3970 1057 4034 rot3
1074 3966 1117 4022 rel
1144 3972 1334 4022 memoratum
1360 3965 1405 4021 hic
1437 3965 1512 4038 qood
1529 3972 1594 4020 anta
1610 3966 1705 4021 luerat
1719 3967 1838 4021 luctum.

994 4055 1050 4112 Sed
1065 4055 1214 4128 quodlibet
1227 4054 1332 4110 horum
1346 4056 1392 4122 sit,
1416 4069 1503 4127 super
1524 4053 1649 4125 lapidem
1674 4054 1776 4108 libavit
1798 4055 1845 4110 Ja-

995 4143 1058 4208 cob,
1080 4158 1138 4198 non
1156 4142 1257 4213 lapidi.
1287 4143 1348 4198 llon
1376 4159 1445 4215 ergo
1474 4141 1548 4198 sicut
1566 4142 1725 4198 idololatrae
1753 4144 1848 4198 solent

956 4236 1061 4292 naras
1076 4234 1142 4286 ente
1158 4229 1282 4302 lapidem
1298 4230 1482 4298 constituere,
1503 4235 1532 4287 ct
1558 4235 1695 4302 tanquam
1725 4231 1783 4287 lloo
1808 4231 1847 4285 la·

998 4320 1174 4390 pidilibara.

94 4711 202 4766 evadat·
997 4694 1025 4744 et
1045 4690 1140 4745 domus
1162 4691 1255 4760 portis,
1286 4693 1406 4760 propter
1432 4703 1539 4760 panem
1564 4687 1614 4760 qui
1642 4688 1677 4744 da
1701 4688 1771 4744 coelo
1795 4687 1845 4743 de·

996 4777 1115 4833 sccndit.

406 4852 515 4909 CAPUT
530 4854 626 4909 xxxv·
1032 4885 1112 4940 l'eas.
1132 4886 1223 4940 liii.
1245 4914 1280 4926 -
1303 4884 1499 4955 adgrediente
1521 4887 1658 4951 etitem»
1682 4889 1735 4939 etc.
1754 4883 1843 4956 (lam.)

126 4976 335 5032 t’ria,4-5.-
354 4992 368 5026 a
386 4975 531 5032 Dedcront
554 4992 623 5048 ergo
652 4976 687 5044 ei,
719 4997 733 5027 a
763 4983 816 5032 otc.
845 4976 938 5048 (tirso.
995 4970 1069 5038 Ouid
1085 4972 1137 5028 sibi
1160 4974 1220 5028 vult
1239 4973 1316 5046 quod
1330 4973 1464 5028 eumdem
1480 4973 1608 5028 Bennoni
1638 4973 1753 5042 llactsel,
1779 4990 1844 5030 cum

93 5064 351 5132 0.ioGen.,tom.
377 5061 439 5135 ΙΙΙ.)
460 5065 547 5119 ΡΙεηε
574 5063 743 5121 hocordine
766 5071 794 5119 et
816 5065 942 5137 hispro·
995 5061 1528 5133 pareret,rooarilflliumdolorismei
1544 5063 1558 5117 ‘l
1587 5062 1647 5117 Nisi
1666 5062 1844 5119 loturumex

91 5152 212 5209 lectibus
226 5150 441 5208 ascendendum
456 5158 497 5207 cst
513 5152 542 5207 in
572 5153 680 5220 cethei,
704 5152 734 5208 id
753 5157 805 5219 cst,
831 5152 861 5206 in
892 5152 942 5207 do·
996 5150 1267 5217 remiba-Paulum,
1286 5149 1336 5222 qui
1361 5149 1593 5221 dilligeretlllios
1620 5152 1750 5207 Ecclesiae
1774 5157 1846 5207 tem·

92 5257 169 5299 mum
199 5241 262 5308 nei,
288 5257 354 5313 quoe
382 5245 425 5296 est
457 5241 580 5296 Ecclesia
607 5240 711 5297 Christi
734 5241 861 5312 primum
889 5243 941 5307 est,
996 5254 1066 5311 pore
1081 5236 1288 5310 persecutionis
1316 5237 1566 5310 suaellliterper
1590 5239 1738 5311 Benjamiu
1754 5245 1843 5295 terre·

91 5332 227 5404 pristinos
248 5330 382 5386 abdicare
401 5345 522 5397 errores,
539 5335 567 5385 et
588 5330 675 5385 unius
702 5329 762 5384 veri
778 5329 828 5384 liei
853 5328 942 5400 profl-
996 5326 1062 5382 stris
1077 5324 1253 5381 Hierusalem
1276 5325 1427 5396 llguratur,
1455 5342 1520 5398 quas
1538 5332 1582 5383 est
1602 5327 1634 5382 in
1648 5329 1726 5384 tribu
1740 5329 1843 5400 Benja·

91 5422 142 5475 teri
156 5419 259 5490 iidem,
274 5417 353 5491 quod
377 5421 420 5472 est
442 5417 557 5473 auferre
584 5416 652 5473 deos
676 5417 785 5473 alienos
806 5433 814 5472 ι
839 5415 943 5473 deinde
997 5415 1080 5472 min:
1111 5413 1193 5485 cujus
1223 5414 1345 5486 populns
1373 5415 1453 5487 gravi
1482 5416 1579 5472 dolore
1605 5422 1727 5473 matrem
1756 5419 1844 5476 allicit

90 5504 241 5582 baptizari,
266 5504 563 5579 quodestmondari·
598 5519 630 5560 ao
656 5504 790 5577 deinceps
818 5504 848 5559 in
863 5504 944 5559 novi·
997 5503 1144 5560 tundendo
1167 5503 1337 5570 sanguinem
1372 5504 1589 5578 prophetorum,
1623 5505 1707 5561 etin
1744 5522 1843 5563 necem
