<?xml version="1.0" encoding="UTF-8"?>
<!DOCTYPE html PUBLIC "-//W3C//DTD XHTML 1.0 Transitional//EN"
    "http://www.w3.org/TR/xhtml1/DTD/xhtml1-transitional.dtd">
<html xmlns="http://www.w3.org/1999/xhtml" xml:lang="en" lang="en">
 <head>
  <title>
</title>
<meta http-equiv="Content-Type" content="text/html;charset=utf-8" />
  <meta name='ocr-system' content='tesseract 3.04.00' />
  <meta name='ocr-capabilities' content='ocr_page ocr_carea ocr_par ocr_line ocrx_word'/>
</head>
<body>
  <div class='ocr_page' id='page_1' title='image "./patrologiaecurs04migngoog_0092.png"; bbox 0 0 3892 6106; ppageno 0'>
   <div class='ocr_carea' id='block_1_1' title="bbox 50 237 1810 308">
    <p class='ocr_par' dir='ltr' id='par_1_1' title="bbox 50 237 1810 308">
     <span class='ocr_line' id='line_1_1' title="bbox 50 237 1810 308; baseline -0.01 0"><span class='ocrx_word' id='word_1_1' title='bbox 50 256 101 308; x_wconf 78' lang='lat' dir='ltr'><strong>rra</strong></span> <span class='ocrx_word' id='word_1_2' title='bbox 636 243 764 300; x_wconf 72' lang='lat' dir='ltr'><strong>(nossa</strong></span> <span class='ocrx_word' id='word_1_3' title='bbox 782 238 984 300; x_wconf 72' lang='lat' dir='ltr'><strong>onomatis.</strong></span> <span class='ocrx_word' id='word_1_4' title='bbox 1004 267 1038 278; x_wconf 95' lang='lat'><em>-</em></span> <span class='ocrx_word' id='word_1_5' title='bbox 1060 239 1126 295; x_wconf 82' lang='lat' dir='ltr'><strong>tte.</strong></span> <span class='ocrx_word' id='word_1_6' title='bbox 1147 237 1226 294; x_wconf 78' lang='lat' dir='ltr'><strong>GEN.</strong></span> <span class='ocrx_word' id='word_1_7' title='bbox 1762 237 1810 292; x_wconf 78' lang='lat' dir='ltr'><strong>lii</strong></span> 
     </span>
    </p>
   </div>
   <div class='ocr_carea' id='block_1_2' title="bbox 48 357 1811 441">
    <p class='ocr_par' dir='ltr' id='par_1_2' title="bbox 48 357 1811 441">
     <span class='ocr_line' id='line_1_2' title="bbox 48 357 1811 441; baseline -0.009 -11"><span class='ocrx_word' id='word_1_8' title='bbox 48 375 167 430; x_wconf 88' lang='lat' dir='ltr'><strong>rentde</strong></span> <span class='ocrx_word' id='word_1_9' title='bbox 189 374 343 429; x_wconf 86' lang='lat' dir='ltr'><strong>iratresuo</strong></span> <span class='ocrx_word' id='word_1_10' title='bbox 377 369 515 438; x_wconf 87' lang='lat' dir='ltr'><strong>uterine;</strong></span> <span class='ocrx_word' id='word_1_11' title='bbox 537 369 631 441; x_wconf 83' lang='lat' dir='ltr'><strong>justus</strong></span> <span class='ocrx_word' id='word_1_12' title='bbox 661 370 722 422; x_wconf 89' lang='lat' dir='ltr'><strong>eret</strong></span> <span class='ocrx_word' id='word_1_13' title='bbox 751 365 779 421; x_wconf 88' lang='lat' dir='ltr'><strong>ia</strong></span> <span class='ocrx_word' id='word_1_14' title='bbox 795 363 904 420; x_wconf 89' lang='lat' dir='ltr'><strong>adhibi·</strong></span> <span class='ocrx_word' id='word_1_15' title='bbox 923 363 1034 420; x_wconf 75' lang='lat' dir='ltr'><strong>bitrem</strong></span> <span class='ocrx_word' id='word_1_16' title='bbox 1056 360 1188 428; x_wconf 86' lang='lat' dir='ltr'><strong>uertitur,</strong></span> <span class='ocrx_word' id='word_1_17' title='bbox 1210 358 1260 416; x_wconf 93' lang='lat' dir='ltr'><strong>ubi</strong></span> <span class='ocrx_word' id='word_1_18' title='bbox 1292 363 1319 414; x_wconf 90' lang='lat' dir='ltr'><strong>et</strong></span> <span class='ocrx_word' id='word_1_19' title='bbox 1341 358 1370 413; x_wconf 94' lang='lat' dir='ltr'><strong>iu</strong></span> <span class='ocrx_word' id='word_1_20' title='bbox 1393 357 1536 431; x_wconf 89' lang='lat' dir='ltr'><strong>plerisque</strong></span> <span class='ocrx_word' id='word_1_21' title='bbox 1574 360 1686 415; x_wconf 87' lang='lat' dir='ltr'><strong>Cassam</strong></span> <span class='ocrx_word' id='word_1_22' title='bbox 1730 376 1811 432; x_wconf 90' lang='lat' dir='ltr'><strong>repe·</strong></span> 
     </span>
    </p>
   </div>
   <div class='ocr_carea' id='block_1_3' title="bbox 48 451 1812 624">
    <p class='ocr_par' dir='ltr' id='par_1_3' title="bbox 48 451 1812 624">
     <span class='ocr_line' id='line_1_3' title="bbox 48 451 1049 535; baseline -0.011 -18"><span class='ocrx_word' id='word_1_23' title='bbox 48 464 131 518; x_wconf 86' lang='lat' dir='ltr'><strong>tione</strong></span> <span class='ocrx_word' id='word_1_24' title='bbox 154 461 316 535; x_wconf 70' lang='lat' dir='ltr'><strong>discipliuae</strong></span> <span class='ocrx_word' id='word_1_25' title='bbox 343 457 606 532; x_wconf 80' lang='lat' dir='ltr'><strong>delinquentibus3</strong></span> <span class='ocrx_word' id='word_1_26' title='bbox 630 456 704 528; x_wconf 88' lang='lat' dir='ltr'><strong>pius,</strong></span> <span class='ocrx_word' id='word_1_27' title='bbox 734 454 763 508; x_wconf 90' lang='lat' dir='ltr'><strong>iu</strong></span> <span class='ocrx_word' id='word_1_28' title='bbox 795 468 912 509; x_wconf 88' lang='lat' dir='ltr'><strong>couver-</strong></span> <span class='ocrx_word' id='word_1_29' title='bbox 965 451 1049 506; x_wconf 92' lang='lat' dir='ltr'><strong>rilur.</strong></span> 
     </span>
     <span class='ocr_line' id='line_1_4' title="bbox 51 534 1812 624; baseline -0.007 -17"><span class='ocrx_word' id='word_1_30' title='bbox 51 550 364 624; x_wconf 79' lang='lat' dir='ltr'><strong>sionepoenitsntium.</strong></span> <span class='ocrx_word' id='word_1_31' title='bbox 1002 539 1083 594; x_wconf 83' lang='lat' dir='ltr'><strong>Vnus.</strong></span> <span class='ocrx_word' id='word_1_32' title='bbox 1105 539 1200 593; x_wconf 76' lang='lat' dir='ltr'><strong>io-at.</strong></span> <span class='ocrx_word' id='word_1_33' title='bbox 1222 567 1256 577; x_wconf 92' lang='lat'>-</span> <span class='ocrx_word' id='word_1_34' title='bbox 1281 557 1295 586; x_wconf 88' lang='lat'>«</span> <span class='ocrx_word' id='word_1_35' title='bbox 1321 537 1354 592; x_wconf 88' lang='lat' dir='ltr'><strong>Et</strong></span> <span class='ocrx_word' id='word_1_36' title='bbox 1378 534 1491 608; x_wconf 85' lang='lat' dir='ltr'><strong>gauisus</strong></span> <span class='ocrx_word' id='word_1_37' title='bbox 1519 540 1563 591; x_wconf 86' lang='lat' dir='ltr'><strong>est</strong></span> <span class='ocrx_word' id='word_1_38' title='bbox 1592 536 1734 604; x_wconf 65' lang='lat' dir='ltr'><strong>Pharum»</strong></span> <span class='ocrx_word' id='word_1_39' title='bbox 1760 542 1812 594; x_wconf 85' lang='lat' dir='ltr'><strong>etc.</strong></span> 
     </span>
    </p>
   </div>
   <div class='ocr_carea' id='block_1_4' title="bbox 50 623 1832 1779">
    <p class='ocr_par' dir='ltr' id='par_1_4' title="bbox 50 623 1817 1068">
     <span class='ocr_line' id='line_1_5' title="bbox 87 623 1817 708; baseline -0.006 -14"><span class='ocrx_word' id='word_1_40' title='bbox 87 643 173 698; x_wconf 81' lang='lat' dir='ltr'><strong>Vens.</strong></span> <span class='ocrx_word' id='word_1_41' title='bbox 190 641 295 708; x_wconf 55' lang='lat'><strong>3233.</strong></span> <span class='ocrx_word' id='word_1_42' title='bbox 319 657 380 689; x_wconf 74' lang='grc' dir='ltr'><strong>-ι</strong></span> <span class='ocrx_word' id='word_1_43' title='bbox 404 636 512 702; x_wconf 82' lang='lat' dir='ltr'><strong>ouibus</strong></span> <span class='ocrx_word' id='word_1_44' title='bbox 535 633 678 707; x_wconf 84' lang='lat' dir='ltr'><strong>appositis,</strong></span> <span class='ocrx_word' id='word_1_45' title='bbox 696 654 710 683; x_wconf 75' lang='lat' dir='ltr'><strong>s</strong></span> <span class='ocrx_word' id='word_1_46' title='bbox 744 636 800 687; x_wconf 92' lang='lat' dir='ltr'><strong>etc.</strong></span> <span class='ocrx_word' id='word_1_47' title='bbox 828 630 911 686; x_wconf 87' lang='lat' dir='ltr'><strong>Seor·</strong></span> <span class='ocrx_word' id='word_1_48' title='bbox 965 627 1030 682; x_wconf 83' lang='lat' dir='ltr'><strong>iioec</strong></span> <span class='ocrx_word' id='word_1_49' title='bbox 1052 626 1139 681; x_wconf 85' lang='lat' dir='ltr'><strong>rerba</strong></span> <span class='ocrx_word' id='word_1_50' title='bbox 1161 625 1317 681; x_wconf 80' lang='lat' dir='ltr'><strong>Pharaonis</strong></span> <span class='ocrx_word' id='word_1_51' title='bbox 1350 641 1415 697; x_wconf 79' lang='lat' dir='ltr'><strong>quie</strong></span> <span class='ocrx_word' id='word_1_52' title='bbox 1434 624 1469 679; x_wconf 88' lang='lat' dir='ltr'><strong>ad</strong></span> <span class='ocrx_word' id='word_1_53' title='bbox 1492 623 1596 695; x_wconf 83' lang='lat' dir='ltr'><strong>loseph</strong></span> <span class='ocrx_word' id='word_1_54' title='bbox 1620 624 1654 680; x_wconf 91' lang='lat' dir='ltr'><strong>de</strong></span> <span class='ocrx_word' id='word_1_55' title='bbox 1682 625 1767 682; x_wconf 83' lang='lat' dir='ltr'><strong>Jacob</strong></span> <span class='ocrx_word' id='word_1_56' title='bbox 1788 632 1817 682; x_wconf 86' lang='lat' dir='ltr'><strong>et</strong></span> 
     </span>
     <span class='ocr_line' id='line_1_6' title="bbox 50 711 1815 802; baseline -0.008 -17"><span class='ocrx_word' id='word_1_57' title='bbox 50 746 115 784; x_wconf 90' lang='lat' dir='ltr'><strong>sum</strong></span> <span class='ocrx_word' id='word_1_58' title='bbox 141 728 270 802; x_wconf 88' lang='lat' dir='ltr'><strong>appositi</strong></span> <span class='ocrx_word' id='word_1_59' title='bbox 295 731 363 782; x_wconf 88' lang='lat' dir='ltr'><strong>suut</strong></span> <span class='ocrx_word' id='word_1_60' title='bbox 391 724 447 781; x_wconf 93' lang='lat' dir='ltr'><strong>cibi</strong></span> <span class='ocrx_word' id='word_1_61' title='bbox 474 724 579 796; x_wconf 82' lang='lat' dir='ltr'><strong>loseph</strong></span> <span class='ocrx_word' id='word_1_62' title='bbox 612 722 694 796; x_wconf 88' lang='lat' dir='ltr'><strong>quasi</strong></span> <span class='ocrx_word' id='word_1_63' title='bbox 729 720 856 790; x_wconf 79' lang='lat' dir='ltr'><strong>advenae,</strong></span> <span class='ocrx_word' id='word_1_64' title='bbox 884 723 912 774; x_wconf 81' lang='lat' dir='ltr'><strong>et</strong></span> <span class='ocrx_word' id='word_1_65' title='bbox 965 714 1296 786; x_wconf 83' lang='lat' dir='ltr'><strong>tiliiseiuslocutusest,</strong></span> <span class='ocrx_word' id='word_1_66' title='bbox 1319 712 1482 785; x_wconf 87' lang='lat' dir='ltr'><strong>signiticont</strong></span> <span class='ocrx_word' id='word_1_67' title='bbox 1505 711 1610 786; x_wconf 88' lang='lat' dir='ltr'><strong>gaudia</strong></span> <span class='ocrx_word' id='word_1_68' title='bbox 1637 714 1752 784; x_wconf 85' lang='lat' dir='ltr'><strong>gentilis</strong></span> <span class='ocrx_word' id='word_1_69' title='bbox 1763 732 1815 787; x_wconf 91' lang='lat' dir='ltr'><strong>po·</strong></span> 
     </span>
     <span class='ocr_line' id='line_1_7' title="bbox 50 802 1817 888; baseline -0.009 -13"><span class='ocrx_word' id='word_1_70' title='bbox 50 817 346 880; x_wconf 82' lang='lat' dir='ltr'><strong>scorsumlratribus,</strong></span> <span class='ocrx_word' id='word_1_71' title='bbox 369 814 451 888; x_wconf 88' lang='lat' dir='ltr'><strong>quasi</strong></span> <span class='ocrx_word' id='word_1_72' title='bbox 479 812 581 868; x_wconf 86' lang='lat' dir='ltr'><strong>exteris</strong></span> <span class='ocrx_word' id='word_1_73' title='bbox 604 811 744 867; x_wconf 87' lang='lat' dir='ltr'><strong>natione:</strong></span> <span class='ocrx_word' id='word_1_74' title='bbox 775 809 912 882; x_wconf 79' lang='lat' dir='ltr'><strong>AEgyptiis</strong></span> <span class='ocrx_word' id='word_1_75' title='bbox 964 803 1078 877; x_wconf 85' lang='lat' dir='ltr'><strong>putide</strong></span> <span class='ocrx_word' id='word_1_76' title='bbox 1102 802 1286 859; x_wconf 83' lang='lat' dir='ltr'>conversione</span> <span class='ocrx_word' id='word_1_77' title='bbox 1311 802 1486 858; x_wconf 77' lang='lat' dir='ltr'><strong>ludaeorum.</strong></span> <span class='ocrx_word' id='word_1_78' title='bbox 1517 802 1617 874; x_wconf 83' lang='lat' dir='ltr'><strong>Magna</strong></span> <span class='ocrx_word' id='word_1_79' title='bbox 1634 802 1712 858; x_wconf 91' lang='lat' dir='ltr'><strong>enim</strong></span> <span class='ocrx_word' id='word_1_80' title='bbox 1733 804 1817 860; x_wconf 87' lang='lat' dir='ltr'><strong>devo-</strong></span> 
     </span>
     <span class='ocr_line' id='line_1_8' title="bbox 51 890 1817 982; baseline -0.011 -18"><span class='ocrx_word' id='word_1_81' title='bbox 51 924 173 982; x_wconf 92' lang='lat' dir='ltr'><strong>quoque</strong></span> <span class='ocrx_word' id='word_1_82' title='bbox 186 923 327 974; x_wconf 81' lang='lat' dir='ltr'><strong>seorsum,</strong></span> <span class='ocrx_word' id='word_1_83' title='bbox 341 905 422 978; x_wconf 87' lang='lat' dir='ltr'><strong>quasi</strong></span> <span class='ocrx_word' id='word_1_84' title='bbox 433 903 586 975; x_wconf 86' lang='lat' dir='ltr'><strong>indigenis,</strong></span> <span class='ocrx_word' id='word_1_85' title='bbox 602 900 652 973; x_wconf 91' lang='lat' dir='ltr'><strong>qui</strong></span> <span class='ocrx_word' id='word_1_86' title='bbox 679 899 819 973; x_wconf 84' lang='lat' dir='ltr'><strong>putabant</strong></span> <span class='ocrx_word' id='word_1_87' title='bbox 843 913 910 970; x_wconf 91' lang='lat' dir='ltr'><strong>pre·</strong></span> <span class='ocrx_word' id='word_1_88' title='bbox 963 893 1054 948; x_wconf 88' lang='lat' dir='ltr'><strong>tioest</strong></span> <span class='ocrx_word' id='word_1_89' title='bbox 1086 891 1216 947; x_wconf 77' lang='lat' dir='ltr'><strong>Ecclesia</strong></span> <span class='ocrx_word' id='word_1_90' title='bbox 1248 890 1377 962; x_wconf 87' lang='lat' dir='ltr'><strong>gentium</strong></span> <span class='ocrx_word' id='word_1_91' title='bbox 1400 890 1477 962; x_wconf 92' lang='lat' dir='ltr'><strong>quod</strong></span> <span class='ocrx_word' id='word_1_92' title='bbox 1499 890 1669 946; x_wconf 82' lang='lat' dir='ltr'><strong>israeliticus</strong></span> <span class='ocrx_word' id='word_1_93' title='bbox 1693 893 1817 964; x_wconf 81' lang='lat' dir='ltr'><strong>populus</strong></span> 
     </span>
     <span class='ocr_line' id='line_1_9' title="bbox 52 979 1817 1068; baseline -0.01 -14"><span class='ocrx_word' id='word_1_94' title='bbox 52 998 155 1054; x_wconf 83' lang='lat' dir='ltr'><strong>tanum</strong></span> <span class='ocrx_word' id='word_1_95' title='bbox 168 1013 232 1053; x_wconf 82' lang='lat' dir='ltr'><strong>esse</strong></span> <span class='ocrx_word' id='word_1_96' title='bbox 247 1012 312 1051; x_wconf 88' lang='lat' dir='ltr'><strong>oum</strong></span> <span class='ocrx_word' id='word_1_97' title='bbox 326 993 486 1068; x_wconf 74' lang='lat' dir='ltr'><strong>peregrinis</strong></span> <span class='ocrx_word' id='word_1_98' title='bbox 500 991 672 1048; x_wconf 80' lang='lat' dir='ltr'><strong>convivium.</strong></span> <span class='ocrx_word' id='word_1_99' title='bbox 965 981 1000 1036; x_wconf 89' lang='lat' dir='ltr'><strong>ad</strong></span> <span class='ocrx_word' id='word_1_100' title='bbox 1020 980 1107 1036; x_wconf 89' lang='lat' dir='ltr'><strong>tidem</strong></span> <span class='ocrx_word' id='word_1_101' title='bbox 1130 980 1237 1048; x_wconf 81' lang='lat' dir='ltr'><strong>ueniat,</strong></span> <span class='ocrx_word' id='word_1_102' title='bbox 1277 979 1392 1050; x_wconf 87' lang='lat' dir='ltr'><strong>quibus.</strong></span> <span class='ocrx_word' id='word_1_103' title='bbox 1414 979 1437 1033; x_wconf 90' lang='lat' dir='ltr'><strong>si</strong></span> <span class='ocrx_word' id='word_1_104' title='bbox 1464 982 1668 1035; x_wconf 81' lang='lat' dir='ltr'><strong>convertantur</strong></span> <span class='ocrx_word' id='word_1_105' title='bbox 1695 985 1723 1035; x_wconf 86' lang='lat' dir='ltr'><strong>et</strong></span> <span class='ocrx_word' id='word_1_106' title='bbox 1749 981 1817 1036; x_wconf 85' lang='lat' dir='ltr'><strong>fidei</strong></span> 
     </span>
    </p>

    <p class='ocr_par' dir='ltr' id='par_1_5' title="bbox 53 1066 1832 1779">
     <span class='ocr_line' id='line_1_10' title="bbox 89 1066 1817 1152; baseline -0.008 -14"><span class='ocrx_word' id='word_1_107' title='bbox 89 1087 175 1141; x_wconf 83' lang='lat' dir='ltr'><strong>Vnus.</strong></span> <span class='ocrx_word' id='word_1_108' title='bbox 193 1086 237 1142; x_wconf 74' lang='lat' dir='ltr'><strong>st.</strong></span> <span class='ocrx_word' id='word_1_109' title='bbox 254 1116 288 1124; x_wconf 91' lang='lat'>-</span> <span class='ocrx_word' id='word_1_110' title='bbox 308 1104 322 1135; x_wconf 87' lang='lat'>«</span> <span class='ocrx_word' id='word_1_111' title='bbox 339 1083 533 1152; x_wconf 85' lang='lat' dir='ltr'><strong>Biberuntque</strong></span> <span class='ocrx_word' id='word_1_112' title='bbox 548 1084 577 1135; x_wconf 88' lang='lat' dir='ltr'><strong>et</strong></span> <span class='ocrx_word' id='word_1_113' title='bbox 588 1077 723 1133; x_wconf 80' lang='lat' dir='ltr'><strong>inebriati</strong></span> <span class='ocrx_word' id='word_1_114' title='bbox 735 1079 910 1147; x_wconf 85' lang='lat' dir='ltr'><strong>sunt,»ete.</strong></span> <span class='ocrx_word' id='word_1_115' title='bbox 964 1069 1118 1142; x_wconf 80' lang='lat' dir='ltr'><strong>participes</strong></span> <span class='ocrx_word' id='word_1_116' title='bbox 1146 1067 1316 1131; x_wconf 80' lang='lat' dir='ltr'><strong>exstiterint,</strong></span> <span class='ocrx_word' id='word_1_117' title='bbox 1370 1066 1512 1139; x_wconf 91' lang='lat' dir='ltr'><strong>promittit</strong></span> <span class='ocrx_word' id='word_1_118' title='bbox 1548 1066 1711 1140; x_wconf 80' lang='lat' dir='ltr'><strong>spirituales</strong></span> <span class='ocrx_word' id='word_1_119' title='bbox 1748 1086 1817 1142; x_wconf 92' lang='lat' dir='ltr'><strong>opes</strong></span> 
     </span>
     <span class='ocr_line' id='line_1_11' title="bbox 53 1154 1819 1247; baseline -0.011 -15"><span class='ocrx_word' id='word_1_120' title='bbox 53 1175 149 1247; x_wconf 73' lang='lat' dir='ltr'><strong>(Ara)</strong></span> <span class='ocrx_word' id='word_1_121' title='bbox 162 1175 265 1230; x_wconf 72' lang='lat' dir='ltr'><strong>Solent</strong></span> <span class='ocrx_word' id='word_1_122' title='bbox 278 1172 382 1229; x_wconf 83' lang='lat' dir='ltr'><strong>ebriosi</strong></span> <span class='ocrx_word' id='word_1_123' title='bbox 397 1172 450 1227; x_wconf 92' lang='lat' dir='ltr'><strong>boc</strong></span> <span class='ocrx_word' id='word_1_124' title='bbox 477 1167 671 1226; x_wconf 87' lang='lat' dir='ltr'><strong>testimouium</strong></span> <span class='ocrx_word' id='word_1_125' title='bbox 698 1165 833 1222; x_wconf 88' lang='lat' dir='ltr'><strong>adbibere</strong></span> <span class='ocrx_word' id='word_1_126' title='bbox 859 1163 913 1220; x_wconf 89' lang='lat' dir='ltr'><strong>sibi</strong></span> <span class='ocrx_word' id='word_1_127' title='bbox 965 1159 1116 1224; x_wconf 86' lang='lat' dir='ltr'><strong>uirtutum,</strong></span> <span class='ocrx_word' id='word_1_128' title='bbox 1132 1161 1162 1212; x_wconf 89' lang='lat' dir='ltr'><strong>et</strong></span> <span class='ocrx_word' id='word_1_129' title='bbox 1184 1156 1307 1228; x_wconf 88' lang='lat' dir='ltr'><strong>gretiam</strong></span> <span class='ocrx_word' id='word_1_130' title='bbox 1326 1155 1449 1228; x_wconf 88' lang='lat' dir='ltr'><strong>Spiritus</strong></span> <span class='ocrx_word' id='word_1_131' title='bbox 1460 1154 1550 1210; x_wconf 89' lang='lat' dir='ltr'><strong>sancti</strong></span> <span class='ocrx_word' id='word_1_132' title='bbox 1579 1171 1664 1226; x_wconf 86' lang='lat' dir='ltr'><strong>quam</strong></span> <span class='ocrx_word' id='word_1_133' title='bbox 1686 1157 1736 1229; x_wconf 90' lang='lat' dir='ltr'><strong>qui</strong></span> <span class='ocrx_word' id='word_1_134' title='bbox 1751 1159 1819 1213; x_wconf 89' lang='lat' dir='ltr'><strong>acci·</strong></span> 
     </span>
     <span class='ocr_line' id='line_1_12' title="bbox 54 1243 1500 1335; baseline -0.015 -15"><span class='ocrx_word' id='word_1_135' title='bbox 54 1267 85 1321; x_wconf 89' lang='lat' dir='ltr'><strong>in</strong></span> <span class='ocrx_word' id='word_1_136' title='bbox 109 1263 306 1335; x_wconf 88' lang='lat' dir='ltr'><strong>patrocinium</strong></span> <span class='ocrx_word' id='word_1_137' title='bbox 329 1264 447 1333; x_wconf 86' lang='lat' dir='ltr'><strong>propter</strong></span> <span class='ocrx_word' id='word_1_138' title='bbox 483 1257 597 1329; x_wconf 82' lang='lat' dir='ltr'><strong>loseph,</strong></span> <span class='ocrx_word' id='word_1_139' title='bbox 626 1255 676 1328; x_wconf 89' lang='lat' dir='ltr'><strong>qui</strong></span> <span class='ocrx_word' id='word_1_140' title='bbox 704 1253 913 1325; x_wconf 80' lang='lat' dir='ltr'><strong>valdssspiens</strong></span> <span class='ocrx_word' id='word_1_141' title='bbox 964 1243 1500 1320; x_wconf 78' lang='lat' dir='ltr'><strong>pit‚indigeutiubouiuonlaborabit.</strong></span> 
     </span>
     <span class='ocr_line' id='line_1_13' title="bbox 54 1332 1817 1418; baseline -0.009 -10"><span class='ocrx_word' id='word_1_142' title='bbox 54 1351 287 1408; x_wconf 86' lang='lat' dir='ltr'><strong>commendatur.</strong></span> <span class='ocrx_word' id='word_1_143' title='bbox 300 1350 419 1406; x_wconf 83' lang='lat' dir='ltr'><strong>Sedhoc</strong></span> <span class='ocrx_word' id='word_1_144' title='bbox 438 1347 559 1404; x_wconf 80' lang='lat' dir='ltr'><strong>uerbum</strong></span> <span class='ocrx_word' id='word_1_145' title='bbox 582 1361 634 1418; x_wconf 91' lang='lat' dir='ltr'><strong>pro</strong></span> <span class='ocrx_word' id='word_1_146' title='bbox 658 1344 805 1400; x_wconf 80' lang='lat' dir='ltr'><strong>saturitate</strong></span> <span class='ocrx_word' id='word_1_147' title='bbox 826 1342 911 1415; x_wconf 89' lang='lat' dir='ltr'><strong>poni·</strong></span> <span class='ocrx_word' id='word_1_148' title='bbox 1013 1335 1092 1390; x_wconf 82' lang='lat' dir='ltr'><strong>Vnus.</strong></span> <span class='ocrx_word' id='word_1_149' title='bbox 1104 1336 1242 1390; x_wconf 77' lang='lat' dir='ltr'><strong>naua-</strong></span> <span class='ocrx_word' id='word_1_150' title='bbox 1258 1353 1272 1384; x_wconf 77' lang='lat' dir='ltr'><strong>a</strong></span> <span class='ocrx_word' id='word_1_151' title='bbox 1303 1332 1451 1404; x_wconf 81' lang='lat' dir='ltr'><strong>Beniamin</strong></span> <span class='ocrx_word' id='word_1_152' title='bbox 1470 1349 1536 1389; x_wconf 88' lang='lat' dir='ltr'><strong>rere</strong></span> <span class='ocrx_word' id='word_1_153' title='bbox 1546 1334 1632 1403; x_wconf 90' lang='lat' dir='ltr'><strong>dedit,</strong></span> <span class='ocrx_word' id='word_1_154' title='bbox 1650 1357 1664 1386; x_wconf 84' lang='lat' dir='ltr'><strong>s</strong></span> <span class='ocrx_word' id='word_1_155' title='bbox 1683 1341 1735 1393; x_wconf 86' lang='lat' dir='ltr'><strong>etc.</strong></span> <span class='ocrx_word' id='word_1_156' title='bbox 1750 1339 1817 1393; x_wconf 81' lang='lat' dir='ltr'><strong>Tre·</strong></span> 
     </span>
     <span class='ocr_line' id='line_1_14' title="bbox 57 1420 1816 1511; baseline -0.008 -14"><span class='ocrx_word' id='word_1_157' title='bbox 57 1438 320 1511; x_wconf 90' lang='lat' dir='ltr'><strong>turinScripturis,</strong></span> <span class='ocrx_word' id='word_1_158' title='bbox 333 1437 411 1494; x_wconf 90' lang='lat' dir='ltr'><strong>unde</strong></span> <span class='ocrx_word' id='word_1_159' title='bbox 436 1436 547 1508; x_wconf 89' lang='lat' dir='ltr'><strong>psalmo</strong></span> <span class='ocrx_word' id='word_1_160' title='bbox 567 1450 632 1492; x_wconf 77' lang='lat' dir='ltr'><strong>nuru</strong></span> <span class='ocrx_word' id='word_1_161' title='bbox 647 1449 685 1488; x_wconf 70' lang='lat' dir='ltr'><strong>:a</strong></span> <span class='ocrx_word' id='word_1_162' title='bbox 710 1432 832 1488; x_wconf 79' lang='lat' dir='ltr'><strong>Visilasli</strong></span> <span class='ocrx_word' id='word_1_163' title='bbox 857 1436 913 1487; x_wconf 74' lang='lat' dir='ltr'><strong>ter·</strong></span> <span class='ocrx_word' id='word_1_164' title='bbox 965 1423 1039 1478; x_wconf 84' lang='lat' dir='ltr'><strong>renti</strong></span> <span class='ocrx_word' id='word_1_165' title='bbox 1057 1423 1188 1496; x_wconf 85' lang='lat' dir='ltr'><strong>argentei</strong></span> <span class='ocrx_word' id='word_1_166' title='bbox 1211 1423 1315 1478; x_wconf 87' lang='lat' dir='ltr'><strong>dentur</strong></span> <span class='ocrx_word' id='word_1_167' title='bbox 1339 1420 1498 1494; x_wconf 82' lang='lat' dir='ltr'><strong>Beniamin,</strong></span> <span class='ocrx_word' id='word_1_168' title='bbox 1520 1440 1591 1496; x_wconf 88' lang='lat' dir='ltr'><strong>quos</strong></span> <span class='ocrx_word' id='word_1_169' title='bbox 1608 1442 1623 1480; x_wconf 92' lang='lat' dir='ltr'><strong>a</strong></span> <span class='ocrx_word' id='word_1_170' title='bbox 1639 1426 1749 1482; x_wconf 89' lang='lat' dir='ltr'><strong>Christe</strong></span> <span class='ocrx_word' id='word_1_171' title='bbox 1771 1444 1816 1483; x_wconf 92' lang='lat' dir='ltr'><strong>ac-</strong></span> 
     </span>
     <span class='ocr_line' id='line_1_15' title="bbox 58 1511 1832 1597; baseline -0.001 -23"><span class='ocrx_word' id='word_1_172' title='bbox 58 1545 119 1585; x_wconf 73' lang='lat' dir='ltr'><strong>mm</strong></span> <span class='ocrx_word' id='word_1_173' title='bbox 144 1533 176 1584; x_wconf 69' lang='grc' dir='ltr'><strong>οι</strong></span> <span class='ocrx_word' id='word_1_174' title='bbox 201 1525 353 1584; x_wconf 61' lang='lat' dir='ltr'><strong>inebriasti</strong></span> <span class='ocrx_word' id='word_1_175' title='bbox 377 1541 479 1593; x_wconf 55' lang='lat' dir='ltr'><strong>egum</strong></span> <span class='ocrx_word' id='word_1_176' title='bbox 502 1523 570 1597; x_wconf 75' lang='lat' dir='ltr'><strong>quia</strong></span> <span class='ocrx_word' id='word_1_177' title='bbox 601 1522 685 1590; x_wconf 73' lang='lat' dir='ltr'><strong>laude</strong></span> <span class='ocrx_word' id='word_1_178' title='bbox 707 1519 913 1577; x_wconf 76' lang='lat' dir='ltr'><strong>benedictionis</strong></span> <span class='ocrx_word' id='word_1_179' title='bbox 964 1512 1253 1585; x_wconf 73' lang='lat' dir='ltr'><strong>cepitqttipraedictti</strong></span> <span class='ocrx_word' id='word_1_180' title='bbox 1280 1511 1461 1582; x_wconf 75' lang='lat' dir='ltr'><strong>Trinitatem,</strong></span> <span class='ocrx_word' id='word_1_181' title='bbox 1489 1513 1532 1568; x_wconf 80' lang='lat' dir='ltr'><strong>vei</strong></span> <span class='ocrx_word' id='word_1_182' title='bbox 1562 1513 1666 1569; x_wconf 80' lang='lat' dir='ltr'><strong>Christi</strong></span> <span class='ocrx_word' id='word_1_183' title='bbox 1692 1531 1832 1573; x_wconf 72' lang='lat' dir='ltr'><strong>crucem·</strong></span> 
     </span>
     <span class='ocr_line' id='line_1_16' title="bbox 57 1600 1817 1690; baseline 0.001 -28"><span class='ocrx_word' id='word_1_184' title='bbox 57 1617 360 1690; x_wconf 20' lang='lat' dir='ltr'><strong>imposimmresqet</strong></span> <span class='ocrx_word' id='word_1_185' title='bbox 385 1615 495 1671; x_wconf 77' lang='lat' dir='ltr'><strong>donum</strong></span> <span class='ocrx_word' id='word_1_186' title='bbox 514 1612 564 1669; x_wconf 66' lang='lat' dir='ltr'><strong>nei</strong></span> <span class='ocrx_word' id='word_1_187' title='bbox 583 1614 845 1678; x_wconf 50' lang='lat' dir='ltr'><strong>commemoratum</strong></span> <span class='ocrx_word' id='word_1_188' title='bbox 866 1624 914 1681; x_wconf 63' lang='lat' dir='ltr'><strong>ap</strong></span> <span class='ocrx_word' id='word_1_189' title='bbox 966 1600 1161 1657; x_wconf 78' lang='lat' dir='ltr'><strong>lludel‘aulus</strong></span> <span class='ocrx_word' id='word_1_190' title='bbox 1180 1601 1241 1656; x_wconf 91' lang='lat' dir='ltr'><strong>aitl</strong></span> <span class='ocrx_word' id='word_1_191' title='bbox 1259 1600 1294 1657; x_wconf 93' lang='lat' dir='ltr'><strong>ad</strong></span> <span class='ocrx_word' id='word_1_192' title='bbox 1313 1600 1441 1658; x_wconf 85' lang='lat' dir='ltr'><strong>Corinth.</strong></span> <span class='ocrx_word' id='word_1_193' title='bbox 1474 1618 1534 1656; x_wconf 73' lang='lat' dir='ltr'><strong>m«</strong></span> <span class='ocrx_word' id='word_1_194' title='bbox 1557 1603 1620 1658; x_wconf 88' lang='lat' dir='ltr'><strong>Non</strong></span> <span class='ocrx_word' id='word_1_195' title='bbox 1638 1603 1817 1675; x_wconf 83' lang='lat' dir='ltr'><strong>judicarimc</strong></span> 
     </span>
     <span class='ocr_line' id='line_1_17' title="bbox 56 1663 1819 1779; baseline -0.002 -26"><span class='ocrx_word' id='word_1_196' title='bbox 56 1706 232 1779; x_wconf 71' lang='lat' dir='ltr'><strong>pmthanc</strong></span> <span class='ocrx_word' id='word_1_197' title='bbox 250 1704 417 1762; x_wconf 62' lang='lat' dir='ltr'><strong>ebrietatem</strong></span> <span class='ocrx_word' id='word_1_198' title='bbox 441 1701 620 1758; x_wconf 62' lang='lat' dir='ltr'><strong>saturitatem</strong></span> <span class='ocrx_word' id='word_1_199' title='bbox 648 1697 823 1772; x_wconf 66' lang='lat' dir='ltr'><strong>significare:</strong></span> <span class='ocrx_word' id='word_1_200' title='bbox 848 1713 913 1753; x_wconf 75' lang='lat' dir='ltr'><strong>nam</strong></span> <span class='ocrx_word' id='word_1_201' title='bbox 929 1663 949 1720; x_wconf 73' lang='lat' dir='ltr'>B</span> <span class='ocrx_word' id='word_1_202' title='bbox 968 1689 1077 1761; x_wconf 88' lang='lat' dir='ltr'><strong>aliquid</strong></span> <span class='ocrx_word' id='word_1_203' title='bbox 1099 1689 1170 1746; x_wconf 90' lang='lat' dir='ltr'><strong>scire</strong></span> <span class='ocrx_word' id='word_1_204' title='bbox 1204 1689 1355 1757; x_wconf 83' lang='lat' dir='ltr'><strong>intervos,</strong></span> <span class='ocrx_word' id='word_1_205' title='bbox 1388 1689 1442 1745; x_wconf 86' lang='lat' dir='ltr'><strong>nisi</strong></span> <span class='ocrx_word' id='word_1_206' title='bbox 1475 1689 1618 1747; x_wconf 85' lang='lat' dir='ltr'><strong>Christum</strong></span> <span class='ocrx_word' id='word_1_207' title='bbox 1658 1693 1765 1762; x_wconf 82' lang='lat' dir='ltr'><strong>lesum,</strong></span> <span class='ocrx_word' id='word_1_208' title='bbox 1789 1700 1819 1750; x_wconf 86' lang='lat' dir='ltr'><strong>et</strong></span> 
     </span>
    </p>
   </div>
   <div class='ocr_carea' id='block_1_5' title="bbox 56 1787 1826 4298">
    <p class='ocr_par' dir='ltr' id='par_1_6' title="bbox 56 1787 1826 4298">
     <span class='ocr_line' id='line_1_18' title="bbox 56 1787 1820 1868; baseline 0.001 -17"><span class='ocrx_word' id='word_1_209' title='bbox 56 1796 95 1851; x_wconf 87' lang='lat' dir='ltr'><strong>ita</strong></span> <span class='ocrx_word' id='word_1_210' title='bbox 108 1794 254 1850; x_wconf 83' lang='lat' dir='ltr'><strong>inebriari</strong></span> <span class='ocrx_word' id='word_1_211' title='bbox 270 1797 301 1848; x_wconf 90' lang='lat' dir='ltr'><strong>nt</strong></span> <span class='ocrx_word' id='word_1_212' title='bbox 321 1791 502 1848; x_wconf 82' lang='lat' dir='ltr'><strong>inebrientur</strong></span> <span class='ocrx_word' id='word_1_213' title='bbox 528 1788 644 1857; x_wconf 83' lang='lat' dir='ltr'><strong>ebriosi,</strong></span> <span class='ocrx_word' id='word_1_214' title='bbox 663 1804 716 1845; x_wconf 91' lang='lat' dir='ltr'><strong>nec</strong></span> <span class='ocrx_word' id='word_1_215' title='bbox 747 1787 802 1860; x_wconf 91' lang='lat' dir='ltr'><strong>ipsi</strong></span> <span class='ocrx_word' id='word_1_216' title='bbox 830 1791 913 1842; x_wconf 78' lang='lat' dir='ltr'><strong>terra</strong></span> <span class='ocrx_word' id='word_1_217' title='bbox 968 1794 1045 1851; x_wconf 78' lang='lat' dir='ltr'><strong>hune</strong></span> <span class='ocrx_word' id='word_1_218' title='bbox 1073 1794 1276 1850; x_wconf 71' lang='lat' dir='ltr'><strong>crucifixum.»</strong></span> <span class='ocrx_word' id='word_1_219' title='bbox 1311 1793 1442 1866; x_wconf 89' lang='lat' dir='ltr'><strong>Quinque</strong></span> <span class='ocrx_word' id='word_1_220' title='bbox 1472 1795 1558 1851; x_wconf 87' lang='lat' dir='ltr'><strong>stolas</strong></span> <span class='ocrx_word' id='word_1_221' title='bbox 1583 1797 1700 1868; x_wconf 86' lang='lat' dir='ltr'><strong>acecpit,</strong></span> <span class='ocrx_word' id='word_1_222' title='bbox 1723 1797 1753 1855; x_wconf 92' lang='lat' dir='ltr'><strong>id</strong></span> <span class='ocrx_word' id='word_1_223' title='bbox 1777 1805 1820 1855; x_wconf 86' lang='lat' dir='ltr'><strong>est</strong></span> 
     </span>
     <span class='ocr_line' id='line_1_19' title="bbox 57 1875 1819 1957; baseline 0.002 -18"><span class='ocrx_word' id='word_1_224' title='bbox 57 1883 126 1939; x_wconf 91' lang='lat' dir='ltr'><strong>utile</strong></span> <span class='ocrx_word' id='word_1_225' title='bbox 147 1888 209 1950; x_wconf 86' lang='lat' dir='ltr'><strong>est;</strong></span> <span class='ocrx_word' id='word_1_226' title='bbox 238 1880 375 1954; x_wconf 88' lang='lat' dir='ltr'><strong>quoniam</strong></span> <span class='ocrx_word' id='word_1_227' title='bbox 398 1881 507 1952; x_wconf 84' lang='lat' dir='ltr'><strong>maiore</strong></span> <span class='ocrx_word' id='word_1_228' title='bbox 535 1879 656 1934; x_wconf 90' lang='lat' dir='ltr'><strong>humore</strong></span> <span class='ocrx_word' id='word_1_229' title='bbox 690 1892 778 1950; x_wconf 70' lang='lat' dir='ltr'><strong>quun</strong></span> <span class='ocrx_word' id='word_1_230' title='bbox 797 1875 912 1942; x_wconf 71' lang='lat' dir='ltr'><strong>sufficit.</strong></span> <span class='ocrx_word' id='word_1_231' title='bbox 968 1883 1137 1956; x_wconf 83' lang='lat' dir='ltr'><strong>sapientiam</strong></span> <span class='ocrx_word' id='word_1_232' title='bbox 1152 1883 1283 1939; x_wconf 87' lang='lat' dir='ltr'><strong>omnium</strong></span> <span class='ocrx_word' id='word_1_233' title='bbox 1303 1898 1448 1938; x_wconf 88' lang='lat' dir='ltr'><strong>sensuum.</strong></span> <span class='ocrx_word' id='word_1_234' title='bbox 1467 1883 1607 1940; x_wconf 80' lang='lat' dir='ltr'><strong>Praecellit</strong></span> <span class='ocrx_word' id='word_1_235' title='bbox 1621 1901 1690 1957; x_wconf 86' lang='lat' dir='ltr'><strong>crgo</strong></span> <span class='ocrx_word' id='word_1_236' title='bbox 1716 1887 1819 1943; x_wconf 86' lang='lat' dir='ltr'><strong>Paulus</strong></span> 
     </span>
     <span class='ocr_line' id='line_1_20' title="bbox 57 1964 1826 2044; baseline 0.002 -16"><span class='ocrx_word' id='word_1_237' title='bbox 57 1971 279 2044; x_wconf 74' lang='lat' dir='ltr'><strong>renumpitur3</strong></span> <span class='ocrx_word' id='word_1_238' title='bbox 306 1970 379 2026; x_wconf 84' lang='lat' dir='ltr'><strong>sicut</strong></span> <span class='ocrx_word' id='word_1_239' title='bbox 399 1969 457 2026; x_wconf 81' lang='lat' dir='ltr'><strong>rite</strong></span> <span class='ocrx_word' id='word_1_240' title='bbox 472 1967 588 2035; x_wconf 81' lang='lat' dir='ltr'><strong>ebriosi,</strong></span> <span class='ocrx_word' id='word_1_241' title='bbox 617 1965 668 2040; x_wconf 87' lang='lat' dir='ltr'><strong>qui</strong></span> <span class='ocrx_word' id='word_1_242' title='bbox 694 1982 754 2023; x_wconf 90' lang='lat' dir='ltr'><strong>uon</strong></span> <span class='ocrx_word' id='word_1_243' title='bbox 784 1964 914 2022; x_wconf 84' lang='lat' dir='ltr'><strong>satistuto</strong></span> <span class='ocrx_word' id='word_1_244' title='bbox 968 1971 1145 2028; x_wconf 81' lang='lat' dir='ltr'><strong>abundantia</strong></span> <span class='ocrx_word' id='word_1_245' title='bbox 1162 1971 1332 2028; x_wconf 88' lang='lat' dir='ltr'><strong>moritorum</strong></span> <span class='ocrx_word' id='word_1_246' title='bbox 1348 1987 1354 2026; x_wconf 96' lang='lat'><strong>:</strong></span> <span class='ocrx_word' id='word_1_247' title='bbox 1371 1971 1420 2026; x_wconf 88' lang='lat' dir='ltr'><strong>scd</strong></span> <span class='ocrx_word' id='word_1_248' title='bbox 1448 1976 1478 2027; x_wconf 91' lang='lat' dir='ltr'><strong>et</strong></span> <span class='ocrx_word' id='word_1_249' title='bbox 1508 1971 1619 2039; x_wconf 81' lang='lat' dir='ltr'><strong>fratres,</strong></span> <span class='ocrx_word' id='word_1_250' title='bbox 1646 1973 1742 2032; x_wconf 87' lang='lat' dir='ltr'><strong>idest</strong></span> <span class='ocrx_word' id='word_1_251' title='bbox 1770 1976 1826 2032; x_wconf 92' lang='lat' dir='ltr'><strong>alii·</strong></span> 
     </span>
     <span class='ocr_line' id='line_1_21' title="bbox 58 2057 1819 2134; baseline 0.002 -16"><span class='ocrx_word' id='word_1_252' title='bbox 58 2078 86 2117; x_wconf 87' lang='lat' dir='ltr'><strong>sc</strong></span> <span class='ocrx_word' id='word_1_253' title='bbox 99 2059 271 2134; x_wconf 84' lang='lat' dir='ltr'><strong>replet,sed</strong></span> <span class='ocrx_word' id='word_1_254' title='bbox 285 2058 390 2131; x_wconf 87' lang='lat' dir='ltr'><strong>mergit</strong></span> <span class='ocrx_word' id='word_1_255' title='bbox 398 2057 514 2115; x_wconf 85' lang='lat' dir='ltr'><strong>diluvio.</strong></span> <span class='ocrx_word' id='word_1_256' title='bbox 968 2060 1177 2132; x_wconf 76' lang='lat' dir='ltr'><strong>predicatores,</strong></span> <span class='ocrx_word' id='word_1_257' title='bbox 1207 2059 1315 2115; x_wconf 89' lang='lat' dir='ltr'><strong>hebent</strong></span> <span class='ocrx_word' id='word_1_258' title='bbox 1342 2059 1465 2130; x_wconf 87' lang='lat' dir='ltr'><strong>gratiam</strong></span> <span class='ocrx_word' id='word_1_259' title='bbox 1490 2077 1583 2129; x_wconf 90' lang='lat' dir='ltr'><strong>suam,</strong></span> <span class='ocrx_word' id='word_1_260' title='bbox 1612 2061 1642 2118; x_wconf 94' lang='lat' dir='ltr'><strong>id</strong></span> <span class='ocrx_word' id='word_1_261' title='bbox 1670 2069 1713 2119; x_wconf 89' lang='lat' dir='ltr'><strong>est</strong></span> <span class='ocrx_word' id='word_1_262' title='bbox 1737 2064 1819 2122; x_wconf 89' lang='lat' dir='ltr'><strong>binas</strong></span> 
     </span>
     <span class='ocr_line' id='line_1_22' title="bbox 968 2147 1819 2214; baseline 0.009 -11"><span class='ocrx_word' id='word_1_263' title='bbox 968 2149 1061 2214; x_wconf 87' lang='lat' dir='ltr'><strong>stolas,</strong></span> <span class='ocrx_word' id='word_1_264' title='bbox 1078 2153 1112 2204; x_wconf 90' lang='lat' dir='ltr'><strong>ut</strong></span> <span class='ocrx_word' id='word_1_265' title='bbox 1122 2147 1313 2204; x_wconf 88' lang='lat' dir='ltr'><strong>confiteantur</strong></span> <span class='ocrx_word' id='word_1_266' title='bbox 1328 2148 1472 2204; x_wconf 91' lang='lat' dir='ltr'><strong>Christum</strong></span> <span class='ocrx_word' id='word_1_267' title='bbox 1486 2150 1576 2205; x_wconf 83' lang='lat' dir='ltr'><strong>[teum</strong></span> <span class='ocrx_word' id='word_1_268' title='bbox 1605 2156 1634 2206; x_wconf 88' lang='lat' dir='ltr'><strong>et</strong></span> <span class='ocrx_word' id='word_1_269' title='bbox 1659 2151 1819 2212; x_wconf 77' lang='lat' dir='ltr'><strong>beminema</strong></span> 
     </span>
     <span class='ocr_line' id='line_1_23' title="bbox 408 2199 1819 2311; baseline 0.004 -18"><span class='ocrx_word' id='word_1_270' title='bbox 408 2199 486 2255; x_wconf 62' lang='lat' dir='ltr'><strong>w·</strong></span> <span class='ocrx_word' id='word_1_271' title='bbox 504 2199 594 2256; x_wconf 68' lang='lat' dir='ltr'><strong>mv·</strong></span> <span class='ocrx_word' id='word_1_272' title='bbox 969 2238 1049 2294; x_wconf 89' lang='lat' dir='ltr'><strong>Unde</strong></span> <span class='ocrx_word' id='word_1_273' title='bbox 1075 2238 1156 2294; x_wconf 84' lang='lat' dir='ltr'><strong>Pror.</strong></span> <span class='ocrx_word' id='word_1_274' title='bbox 1183 2253 1299 2294; x_wconf 72' lang='lat' dir='ltr'><strong>sarm</strong></span> <span class='ocrx_word' id='word_1_275' title='bbox 1327 2237 1433 2293; x_wconf 90' lang='lat' dir='ltr'><strong>Omnes</strong></span> <span class='ocrx_word' id='word_1_276' title='bbox 1460 2238 1606 2294; x_wconf 85' lang='lat' dir='ltr'><strong>domestici</strong></span> <span class='ocrx_word' id='word_1_277' title='bbox 1628 2239 1690 2311; x_wconf 89' lang='lat' dir='ltr'><strong>ejus</strong></span> <span class='ocrx_word' id='word_1_278' title='bbox 1724 2243 1819 2299; x_wconf 83' lang='lat' dir='ltr'><strong>vestiti</strong></span> 
     </span>
     <span class='ocr_line' id='line_1_24' title="bbox 92 2319 1817 2402; baseline 0.002 -17"><span class='ocrx_word' id='word_1_279' title='bbox 92 2328 179 2385; x_wconf 71' lang='lat' dir='ltr'><strong>vna.</strong></span> <span class='ocrx_word' id='word_1_280' title='bbox 192 2327 320 2382; x_wconf 76' lang='lat' dir='ltr'><strong>5·ll.—</strong></span> <span class='ocrx_word' id='word_1_281' title='bbox 344 2323 503 2396; x_wconf 79' lang='lat' dir='ltr'><strong>«Scypbus</strong></span> <span class='ocrx_word' id='word_1_282' title='bbox 531 2337 616 2394; x_wconf 92' lang='lat' dir='ltr'><strong>quem</strong></span> <span class='ocrx_word' id='word_1_283' title='bbox 634 2319 720 2377; x_wconf 85' lang='lat' dir='ltr'><strong>iurati</strong></span> <span class='ocrx_word' id='word_1_284' title='bbox 734 2319 838 2388; x_wconf 63' lang='lat' dir='ltr'><strong>estis»</strong></span> <span class='ocrx_word' id='word_1_285' title='bbox 860 2322 913 2374; x_wconf 88' lang='lat' dir='ltr'><strong>etc.</strong></span> <span class='ocrx_word' id='word_1_286' title='bbox 969 2326 1142 2398; x_wconf 79' lang='lat' dir='ltr'><strong>duplicibus,</strong></span> <span class='ocrx_word' id='word_1_287' title='bbox 1159 2325 1211 2382; x_wconf 84' lang='lat' dir='ltr'><strong>»id</strong></span> <span class='ocrx_word' id='word_1_288' title='bbox 1235 2331 1278 2381; x_wconf 87' lang='lat' dir='ltr'><strong>est</strong></span> <span class='ocrx_word' id='word_1_289' title='bbox 1303 2326 1423 2398; x_wconf 81' lang='lat' dir='ltr'><strong>mystica</strong></span> <span class='ocrx_word' id='word_1_290' title='bbox 1437 2331 1466 2382; x_wconf 88' lang='lat' dir='ltr'><strong>et</strong></span> <span class='ocrx_word' id='word_1_291' title='bbox 1486 2327 1589 2382; x_wconf 91' lang='lat' dir='ltr'><strong>morali</strong></span> <span class='ocrx_word' id='word_1_292' title='bbox 1619 2327 1817 2402; x_wconf 88' lang='lat' dir='ltr'><strong>intelligentia.</strong></span> 
     </span>
     <span class='ocr_line' id='line_1_25' title="bbox 60 2408 1819 2491; baseline -0.004 -8"><span class='ocrx_word' id='word_1_293' title='bbox 60 2419 148 2489; x_wconf 74' lang='lat' dir='ltr'><strong>(aa.)</strong></span> <span class='ocrx_word' id='word_1_294' title='bbox 159 2416 240 2483; x_wconf 82' lang='lat' dir='ltr'><strong>Ouid</strong></span> <span class='ocrx_word' id='word_1_295' title='bbox 253 2414 308 2472; x_wconf 82' lang='lat' dir='ltr'><strong>sbi</strong></span> <span class='ocrx_word' id='word_1_296' title='bbox 324 2413 469 2486; x_wconf 74' lang='lat' dir='ltr'><strong>retiquae</strong></span> <span class='ocrx_word' id='word_1_297' title='bbox 496 2412 629 2468; x_wconf 74' lang='lat' dir='ltr'><strong>invenies</strong></span> <span class='ocrx_word' id='word_1_298' title='bbox 652 2415 696 2466; x_wconf 78' lang='lat' dir='ltr'><strong>su</strong></span> <span class='ocrx_word' id='word_1_299' title='bbox 717 2408 842 2481; x_wconf 73' lang='lat' dir='ltr'><strong>scyphus</strong></span> <span class='ocrx_word' id='word_1_300' title='bbox 867 2408 915 2463; x_wconf 81' lang='lat' dir='ltr'><strong>to·</strong></span> <span class='ocrx_word' id='word_1_301' title='bbox 969 2416 1122 2471; x_wconf 74' lang='lat' dir='ltr'><strong>metuntur</strong></span> <span class='ocrx_word' id='word_1_302' title='bbox 1148 2420 1176 2470; x_wconf 77' lang='lat' dir='ltr'><strong>st</strong></span> <span class='ocrx_word' id='word_1_303' title='bbox 1197 2414 1276 2487; x_wconf 79' lang='lat' dir='ltr'><strong>paui</strong></span> <span class='ocrx_word' id='word_1_304' title='bbox 1300 2430 1431 2483; x_wconf 77' lang='lat' dir='ltr'><strong>munera,</strong></span> <span class='ocrx_word' id='word_1_305' title='bbox 1461 2420 1490 2470; x_wconf 84' lang='lat' dir='ltr'><strong>st</strong></span> <span class='ocrx_word' id='word_1_306' title='bbox 1516 2415 1643 2473; x_wconf 75' lang='lat' dir='ltr'><strong>caristus</strong></span> <span class='ocrx_word' id='word_1_307' title='bbox 1671 2419 1819 2491; x_wconf 77' lang='lat' dir='ltr'><strong>promissis</strong></span> 
     </span>
     <span class='ocr_line' id='line_1_26' title="bbox 60 2495 1820 2580; baseline 0.001 -19"><span class='ocrx_word' id='word_1_308' title='bbox 60 2509 127 2580; x_wconf 85' lang='lat' dir='ltr'><strong>seph</strong></span> <span class='ocrx_word' id='word_1_309' title='bbox 143 2506 177 2562; x_wconf 92' lang='lat' dir='ltr'><strong>in</strong></span> <span class='ocrx_word' id='word_1_310' title='bbox 190 2505 305 2560; x_wconf 82' lang='lat' dir='ltr'><strong>saeculo</strong></span> <span class='ocrx_word' id='word_1_311' title='bbox 320 2502 481 2574; x_wconf 83' lang='lat' dir='ltr'><strong>Beniamin,</strong></span> <span class='ocrx_word' id='word_1_312' title='bbox 493 2500 549 2556; x_wconf 81' lang='lat' dir='ltr'><strong>nisi</strong></span> <span class='ocrx_word' id='word_1_313' title='bbox 569 2499 637 2573; x_wconf 75' lang='lat' dir='ltr'><strong>quia</strong></span> <span class='ocrx_word' id='word_1_314' title='bbox 663 2498 695 2555; x_wconf 80' lang='lat' dir='ltr'><strong>in</strong></span> <span class='ocrx_word' id='word_1_315' title='bbox 723 2497 807 2554; x_wconf 67' lang='lat' dir='ltr'><strong>corde</strong></span> <span class='ocrx_word' id='word_1_316' title='bbox 835 2495 916 2553; x_wconf 63' lang='lat' dir='ltr'><strong>Ptssii</strong></span> <span class='ocrx_word' id='word_1_317' title='bbox 968 2503 1253 2561; x_wconf 85' lang='lat' dir='ltr'><strong>muneribusinvitat</strong></span> <span class='ocrx_word' id='word_1_318' title='bbox 1271 2504 1410 2577; x_wconf 91' lang='lat' dir='ltr'><strong>poputum</strong></span> <span class='ocrx_word' id='word_1_319' title='bbox 1435 2520 1529 2560; x_wconf 92' lang='lat' dir='ltr'><strong>suum.</strong></span> <span class='ocrx_word' id='word_1_320' title='bbox 1562 2505 1679 2561; x_wconf 81' lang='lat' dir='ltr'><strong>idrruera</strong></span> <span class='ocrx_word' id='word_1_321' title='bbox 1703 2513 1820 2579; x_wconf 86' lang='lat' dir='ltr'><strong>portant</strong></span> 
     </span>
     <span class='ocr_line' id='line_1_27' title="bbox 60 2586 1818 2663; baseline 0.006 -21"><span class='ocrx_word' id='word_1_322' title='bbox 60 2595 184 2652; x_wconf 58' lang='lat' dir='ltr'><strong>amissus</strong></span> <span class='ocrx_word' id='word_1_323' title='bbox 202 2593 343 2649; x_wconf 67' lang='lat' dir='ltr'><strong>doctrino,</strong></span> <span class='ocrx_word' id='word_1_324' title='bbox 367 2592 428 2663; x_wconf 82' lang='lat' dir='ltr'><strong>jam</strong></span> <span class='ocrx_word' id='word_1_325' title='bbox 459 2589 644 2663; x_wconf 75' lang='lat' dir='ltr'><strong>praefulgebat</strong></span> <span class='ocrx_word' id='word_1_326' title='bbox 672 2586 830 2660; x_wconf 84' lang='lat' dir='ltr'><strong>eloquium.</strong></span> <span class='ocrx_word' id='word_1_327' title='bbox 846 2586 915 2641; x_wconf 86' lang='lat' dir='ltr'><strong>dum</strong></span> <span class='ocrx_word' id='word_1_328' title='bbox 969 2591 1052 2660; x_wconf 89' lang='lat' dir='ltr'><strong>asini,</strong></span> <span class='ocrx_word' id='word_1_329' title='bbox 1068 2591 1098 2647; x_wconf 94' lang='lat' dir='ltr'><strong>id</strong></span> <span class='ocrx_word' id='word_1_330' title='bbox 1111 2596 1155 2647; x_wconf 91' lang='lat' dir='ltr'><strong>est</strong></span> <span class='ocrx_word' id='word_1_331' title='bbox 1169 2591 1299 2661; x_wconf 85' lang='lat' dir='ltr'><strong>gentiles,</strong></span> <span class='ocrx_word' id='word_1_332' title='bbox 1314 2590 1431 2647; x_wconf 88' lang='lat' dir='ltr'><strong>inutiles</strong></span> <span class='ocrx_word' id='word_1_333' title='bbox 1449 2597 1478 2647; x_wconf 85' lang='lat' dir='ltr'><strong>et</strong></span> <span class='ocrx_word' id='word_1_334' title='bbox 1503 2591 1663 2651; x_wconf 87' lang='lat' dir='ltr'><strong>laboriosi:.</strong></span> <span class='ocrx_word' id='word_1_335' title='bbox 1677 2610 1753 2650; x_wconf 90' lang='lat' dir='ltr'><strong>nuuc</strong></span> <span class='ocrx_word' id='word_1_336' title='bbox 1767 2612 1818 2652; x_wconf 82' lang='lat' dir='ltr'><strong>eu·</strong></span> 
     </span>
     <span class='ocr_line' id='line_1_28' title="bbox 62 2676 1819 2754; baseline 0.002 -17"><span class='ocrx_word' id='word_1_337' title='bbox 62 2690 131 2741; x_wconf 78' lang='lat' dir='ltr'><strong>esset</strong></span> <span class='ocrx_word' id='word_1_338' title='bbox 146 2683 280 2740; x_wconf 84' lang='lat' dir='ltr'><strong>emditus</strong></span> <span class='ocrx_word' id='word_1_339' title='bbox 293 2681 323 2737; x_wconf 93' lang='lat' dir='ltr'><strong>in</strong></span> <span class='ocrx_word' id='word_1_340' title='bbox 337 2681 419 2754; x_wconf 82' lang='lat' dir='ltr'><strong>lege?</strong></span> <span class='ocrx_word' id='word_1_341' title='bbox 439 2679 495 2735; x_wconf 85' lang='lat' dir='ltr'><strong>Sed</strong></span> <span class='ocrx_word' id='word_1_342' title='bbox 518 2678 587 2753; x_wconf 84' lang='lat' dir='ltr'><strong>quia</strong></span> <span class='ocrx_word' id='word_1_343' title='bbox 607 2676 751 2749; x_wconf 79' lang='lat' dir='ltr'><strong>subjectus</strong></span> <span class='ocrx_word' id='word_1_344' title='bbox 771 2690 830 2730; x_wconf 79' lang='lat' dir='ltr'><strong>non</strong></span> <span class='ocrx_word' id='word_1_345' title='bbox 855 2677 916 2730; x_wconf 66' lang='lat' dir='ltr'><strong>erui</strong></span> <span class='ocrx_word' id='word_1_346' title='bbox 968 2684 1027 2737; x_wconf 89' lang='lat' dir='ltr'><strong>tem</strong></span> <span class='ocrx_word' id='word_1_347' title='bbox 1042 2683 1158 2752; x_wconf 87' lang='lat' dir='ltr'><strong>portant</strong></span> <span class='ocrx_word' id='word_1_348' title='bbox 1171 2679 1377 2751; x_wconf 83' lang='lat' dir='ltr'><strong>utilesiutypo</strong></span> <span class='ocrx_word' id='word_1_349' title='bbox 1392 2678 1496 2736; x_wconf 76' lang='lat' dir='ltr'><strong>Christi</strong></span> <span class='ocrx_word' id='word_1_350' title='bbox 1514 2696 1644 2744; x_wconf 87' lang='lat' dir='ltr'><strong>munera,</strong></span> <span class='ocrx_word' id='word_1_351' title='bbox 1673 2682 1703 2739; x_wconf 93' lang='lat' dir='ltr'><strong>iu</strong></span> <span class='ocrx_word' id='word_1_352' title='bbox 1726 2685 1819 2741; x_wconf 80' lang='lat' dir='ltr'><strong>Erun-</strong></span> 
     </span>
     <span class='ocr_line' id='line_1_29' title="bbox 63 2763 1380 2842; baseline -0.005 -13"><span class='ocrx_word' id='word_1_353' title='bbox 63 2775 130 2842; x_wconf 82' lang='lat' dir='ltr'><strong>iieo,</strong></span> <span class='ocrx_word' id='word_1_354' title='bbox 155 2772 238 2829; x_wconf 88' lang='lat' dir='ltr'><strong>intra</strong></span> <span class='ocrx_word' id='word_1_355' title='bbox 256 2786 370 2826; x_wconf 89' lang='lat' dir='ltr'><strong>saccum</strong></span> <span class='ocrx_word' id='word_1_356' title='bbox 385 2774 446 2825; x_wconf 89' lang='lat' dir='ltr'><strong>erat</strong></span> <span class='ocrx_word' id='word_1_357' title='bbox 472 2768 605 2841; x_wconf 82' lang='lat' dir='ltr'><strong>scyphus,</strong></span> <span class='ocrx_word' id='word_1_358' title='bbox 629 2764 760 2822; x_wconf 81' lang='lat' dir='ltr'><strong>doctriua</strong></span> <span class='ocrx_word' id='word_1_359' title='bbox 783 2764 859 2819; x_wconf 87' lang='lat' dir='ltr'><strong>iutra</strong></span> <span class='ocrx_word' id='word_1_360' title='bbox 873 2763 914 2819; x_wconf 85' lang='lat' dir='ltr'><strong>le·</strong></span> <span class='ocrx_word' id='word_1_361' title='bbox 969 2768 1044 2842; x_wconf 85' lang='lat' dir='ltr'><strong>gello</strong></span> <span class='ocrx_word' id='word_1_362' title='bbox 1061 2782 1216 2824; x_wconf 86' lang='lat' dir='ltr'><strong>munerum</strong></span> <span class='ocrx_word' id='word_1_363' title='bbox 1233 2766 1380 2839; x_wconf 85' lang='lat' dir='ltr'><strong>largitore.</strong></span> 
     </span>
     <span class='ocr_line' id='line_1_30' title="bbox 61 2853 1820 2936; baseline -0.002 -16"><span class='ocrx_word' id='word_1_364' title='bbox 61 2879 135 2936; x_wconf 83' lang='lat' dir='ltr'><strong>gem,</strong></span> <span class='ocrx_word' id='word_1_365' title='bbox 154 2863 277 2920; x_wconf 86' lang='lat' dir='ltr'><strong>lucerua</strong></span> <span class='ocrx_word' id='word_1_366' title='bbox 304 2860 380 2916; x_wconf 88' lang='lat' dir='ltr'><strong>iutra</strong></span> <span class='ocrx_word' id='word_1_367' title='bbox 400 2857 540 2914; x_wconf 90' lang='lat' dir='ltr'><strong>modium.</strong></span> <span class='ocrx_word' id='word_1_368' title='bbox 557 2856 657 2913; x_wconf 82' lang='lat' dir='ltr'><strong>biissus</strong></span> <span class='ocrx_word' id='word_1_369' title='bbox 675 2858 772 2911; x_wconf 76' lang='lat' dir='ltr'><strong>amen</strong></span> <span class='ocrx_word' id='word_1_370' title='bbox 792 2853 915 2910; x_wconf 76' lang='lat' dir='ltr'><strong>Ananias</strong></span> <span class='ocrx_word' id='word_1_371' title='bbox 1005 2857 1095 2928; x_wconf 76' lang='lat' dir='ltr'><strong>itero.)</strong></span> <span class='ocrx_word' id='word_1_372' title='bbox 1115 2857 1234 2928; x_wconf 78' lang='lat' dir='ltr'><strong>Expavit</strong></span> <span class='ocrx_word' id='word_1_373' title='bbox 1244 2855 1342 2923; x_wconf 82' lang='lat' dir='ltr'><strong>laceb,</strong></span> <span class='ocrx_word' id='word_1_374' title='bbox 1357 2855 1387 2912; x_wconf 91' lang='lat' dir='ltr'><strong>id</strong></span> <span class='ocrx_word' id='word_1_375' title='bbox 1416 2856 1552 2928; x_wconf 89' lang='lat' dir='ltr'><strong>estptebs</strong></span> <span class='ocrx_word' id='word_1_376' title='bbox 1570 2857 1740 2915; x_wconf 85' lang='lat' dir='ltr'><strong>incredula:</strong></span> <span class='ocrx_word' id='word_1_377' title='bbox 1770 2861 1820 2917; x_wconf 89' lang='lat' dir='ltr'><strong>sed</strong></span> 
     </span>
     <span class='ocr_line' id='line_1_31' title="bbox 62 2943 1820 3023; baseline -0.002 -15"><span class='ocrx_word' id='word_1_378' title='bbox 62 2967 180 3008; x_wconf 81' lang='lat' dir='ltr'><strong>uanum</strong></span> <span class='ocrx_word' id='word_1_379' title='bbox 206 2949 355 3023; x_wconf 85' lang='lat' dir='ltr'><strong>imposuit,</strong></span> <span class='ocrx_word' id='word_1_380' title='bbox 380 2945 561 3018; x_wconf 87' lang='lat' dir='ltr'><strong>marsupium</strong></span> <span class='ocrx_word' id='word_1_381' title='bbox 589 2943 683 3012; x_wconf 80' lang='lat' dir='ltr'><strong>soluit,</strong></span> <span class='ocrx_word' id='word_1_382' title='bbox 708 2946 738 2999; x_wconf 92' lang='lat' dir='ltr'><strong>et</strong></span> <span class='ocrx_word' id='word_1_383' title='bbox 763 2944 915 3014; x_wconf 89' lang='lat' dir='ltr'><strong>argeutum</strong></span> <span class='ocrx_word' id='word_1_384' title='bbox 934 2949 1122 3018; x_wconf 86' lang='lat' dir='ltr'><strong>cpostquam</strong></span> <span class='ocrx_word' id='word_1_385' title='bbox 1150 2950 1232 3018; x_wconf 86' lang='lat' dir='ltr'><strong>gesta</strong></span> <span class='ocrx_word' id='word_1_386' title='bbox 1267 2944 1371 3001; x_wconf 86' lang='lat' dir='ltr'><strong>Christi</strong></span> <span class='ocrx_word' id='word_1_387' title='bbox 1400 2945 1541 3016; x_wconf 88' lang='lat' dir='ltr'><strong>cognovit,</strong></span> <span class='ocrx_word' id='word_1_388' title='bbox 1570 2947 1672 3004; x_wconf 82' lang='lat' dir='ltr'><strong>revixit</strong></span> <span class='ocrx_word' id='word_1_389' title='bbox 1702 2948 1820 3020; x_wconf 88' lang='lat' dir='ltr'><strong>spiritus</strong></span> 
     </span>
     <span class='ocr_line' id='line_1_32' title="bbox 62 3028 1819 3112; baseline 0 -18"><span class='ocrx_word' id='word_1_390' title='bbox 62 3039 252 3112; x_wconf 84' lang='lat' dir='ltr'><strong>resplenduit,</strong></span> <span class='ocrx_word' id='word_1_391' title='bbox 264 3042 293 3093; x_wconf 89' lang='lat' dir='ltr'><strong>et</strong></span> <span class='ocrx_word' id='word_1_392' title='bbox 308 3034 505 3093; x_wconf 82' lang='lat' dir='ltr'><strong>decidentibus</strong></span> <span class='ocrx_word' id='word_1_393' title='bbox 523 3031 658 3106; x_wconf 73' lang='lat' dir='ltr'><strong>squamis,</strong></span> <span class='ocrx_word' id='word_1_394' title='bbox 678 3031 761 3105; x_wconf 64' lang='lat' dir='ltr'><strong>qussi</strong></span> <span class='ocrx_word' id='word_1_395' title='bbox 781 3028 913 3094; x_wconf 66' lang='lat' dir='ltr'><strong>vinculis·</strong></span> <span class='ocrx_word' id='word_1_396' title='bbox 968 3035 1039 3106; x_wconf 87' lang='lat' dir='ltr'><strong>ejus,</strong></span> <span class='ocrx_word' id='word_1_397' title='bbox 1056 3038 1085 3090; x_wconf 89' lang='lat' dir='ltr'><strong>et</strong></span> <span class='ocrx_word' id='word_1_398' title='bbox 1105 3035 1156 3106; x_wconf 90' lang='lat' dir='ltr'><strong>qui</strong></span> <span class='ocrx_word' id='word_1_399' title='bbox 1183 3037 1314 3090; x_wconf 89' lang='lat' dir='ltr'><strong>mortuus</strong></span> <span class='ocrx_word' id='word_1_400' title='bbox 1340 3033 1498 3102; x_wconf 85' lang='lat' dir='ltr'><strong>ridebatur,</strong></span> <span class='ocrx_word' id='word_1_401' title='bbox 1525 3034 1583 3090; x_wconf 87' lang='lat' dir='ltr'><strong>fide</strong></span> <span class='ocrx_word' id='word_1_402' title='bbox 1604 3038 1819 3094; x_wconf 87' lang='lat' dir='ltr'><strong>resurrectionis</strong></span> 
     </span>
     <span class='ocr_line' id='line_1_33' title="bbox 62 3119 1818 3196; baseline 0.004 -20"><span class='ocrx_word' id='word_1_403' title='bbox 62 3130 152 3184; x_wconf 72' lang='lat' dir='ltr'><strong>soluto</strong></span> <span class='ocrx_word' id='word_1_404' title='bbox 169 3143 264 3190; x_wconf 72' lang='lat' dir='ltr'><strong>sacco,</strong></span> <span class='ocrx_word' id='word_1_405' title='bbox 276 3125 304 3182; x_wconf 88' lang='lat' dir='ltr'><strong>id</strong></span> <span class='ocrx_word' id='word_1_406' title='bbox 319 3130 363 3180; x_wconf 84' lang='lat' dir='ltr'><strong>est</strong></span> <span class='ocrx_word' id='word_1_407' title='bbox 375 3122 505 3196; x_wconf 86' lang='lat' dir='ltr'><strong>deposito</strong></span> <span class='ocrx_word' id='word_1_408' title='bbox 520 3122 592 3194; x_wconf 90' lang='lat' dir='ltr'><strong>legis</strong></span> <span class='ocrx_word' id='word_1_409' title='bbox 613 3120 765 3188; x_wconf 83' lang='lat' dir='ltr'><strong>retunsius,</strong></span> <span class='ocrx_word' id='word_1_410' title='bbox 794 3119 913 3192; x_wconf 84' lang='lat' dir='ltr'><strong>adeptus</strong></span> <span class='ocrx_word' id='word_1_411' title='bbox 968 3124 1072 3180; x_wconf 90' lang='lat' dir='ltr'><strong>Cbristi</strong></span> <span class='ocrx_word' id='word_1_412' title='bbox 1086 3122 1252 3179; x_wconf 81' lang='lat' dir='ltr'><strong>vivificatur.</strong></span> <span class='ocrx_word' id='word_1_413' title='bbox 1268 3123 1391 3178; x_wconf 88' lang='lat' dir='ltr'><strong>Vocatur</strong></span> <span class='ocrx_word' id='word_1_414' title='bbox 1417 3138 1516 3195; x_wconf 80' lang='lat' dir='ltr'><strong>ergon</strong></span> <span class='ocrx_word' id='word_1_415' title='bbox 1533 3123 1599 3180; x_wconf 88' lang='lat' dir='ltr'><strong>tiliis</strong></span> <span class='ocrx_word' id='word_1_416' title='bbox 1627 3126 1695 3192; x_wconf 90' lang='lat' dir='ltr'><strong>suis,</strong></span> <span class='ocrx_word' id='word_1_417' title='bbox 1722 3126 1818 3196; x_wconf 87' lang='lat' dir='ltr'><strong>idest,</strong></span> 
     </span>
     <span class='ocr_line' id='line_1_34' title="bbox 62 3206 1820 3288; baseline 0.007 -17"><span class='ocrx_word' id='word_1_418' title='bbox 62 3225 99 3273; x_wconf 82' lang='lat' dir='ltr'><strong>est</strong></span> <span class='ocrx_word' id='word_1_419' title='bbox 123 3216 231 3288; x_wconf 77' lang='lat' dir='ltr'><strong>gratim</strong></span> <span class='ocrx_word' id='word_1_420' title='bbox 255 3215 428 3283; x_wconf 84' lang='lat' dir='ltr'><strong>libertatern,</strong></span> <span class='ocrx_word' id='word_1_421' title='bbox 459 3216 488 3269; x_wconf 90' lang='lat' dir='ltr'><strong>et</strong></span> <span class='ocrx_word' id='word_1_422' title='bbox 511 3211 634 3268; x_wconf 84' lang='lat' dir='ltr'><strong>revelata</strong></span> <span class='ocrx_word' id='word_1_423' title='bbox 667 3208 739 3266; x_wconf 84' lang='lat' dir='ltr'><strong>lucie</strong></span> <span class='ocrx_word' id='word_1_424' title='bbox 773 3206 914 3264; x_wconf 87' lang='lat' dir='ltr'><strong>sermonis</strong></span> <span class='ocrx_word' id='word_1_425' title='bbox 968 3214 1094 3280; x_wconf 71' lang='lat' dir='ltr'><strong>aPetro,</strong></span> <span class='ocrx_word' id='word_1_426' title='bbox 1119 3212 1208 3268; x_wconf 82' lang='lat' dir='ltr'><strong>Paulo</strong></span> <span class='ocrx_word' id='word_1_427' title='bbox 1243 3215 1274 3269; x_wconf 71' lang='lat' dir='ltr'><strong>et</strong></span> <span class='ocrx_word' id='word_1_428' title='bbox 1300 3212 1420 3281; x_wconf 83' lang='lat' dir='ltr'><strong>toanue,</strong></span> <span class='ocrx_word' id='word_1_429' title='bbox 1450 3213 1575 3284; x_wconf 72' lang='lat' dir='ltr'><strong>t&gt;⁰l&gt;1¹¹⁰⁸</strong></span> <span class='ocrx_word' id='word_1_430' title='bbox 1601 3214 1820 3271; x_wconf 65' lang='lat' dir='ltr'><strong>indaefflfflitd</strong></span> 
     </span>
     <span class='ocr_line' id='line_1_35' title="bbox 63 3300 1818 3378; baseline -0.001 -16"><span class='ocrx_word' id='word_1_431' title='bbox 63 3303 409 3378; x_wconf 75' lang='lat' dir='ltr'><strong>Evangeliumproedicat.</strong></span> <span class='ocrx_word' id='word_1_432' title='bbox 624 3322 627 3327; x_wconf 61' lang='lat'><strong><em>¹</em></strong></span> <span class='ocrx_word' id='word_1_433' title='bbox 967 3302 1099 3374; x_wconf 88' lang='lat' dir='ltr'><strong>gretiam.</strong></span> <span class='ocrx_word' id='word_1_434' title='bbox 1130 3300 1258 3357; x_wconf 89' lang='lat' dir='ltr'><strong>Occurrit</strong></span> <span class='ocrx_word' id='word_1_435' title='bbox 1279 3300 1323 3355; x_wconf 90' lang='lat' dir='ltr'><strong>illi</strong></span> <span class='ocrx_word' id='word_1_436' title='bbox 1346 3301 1443 3370; x_wconf 79' lang='lat' dir='ltr'><strong>ludas,</strong></span> <span class='ocrx_word' id='word_1_437' title='bbox 1458 3301 1508 3373; x_wconf 93' lang='lat' dir='ltr'><strong>qui</strong></span> <span class='ocrx_word' id='word_1_438' title='bbox 1534 3301 1737 3374; x_wconf 87' lang='lat' dir='ltr'><strong>iuterpretatur</strong></span> <span class='ocrx_word' id='word_1_439' title='bbox 1755 3319 1818 3360; x_wconf 86' lang='lat' dir='ltr'><strong>con·</strong></span> 
     </span>
     <span class='ocr_line' id='line_1_36' title="bbox 93 3383 1820 3464; baseline -0.001 -14"><span class='ocrx_word' id='word_1_440' title='bbox 93 3391 518 3464; x_wconf 77' lang='lat' dir='ltr'><strong>Vuas.15.-«huiguoratis</strong></span> <span class='ocrx_word' id='word_1_441' title='bbox 552 3389 630 3462; x_wconf 92' lang='lat' dir='ltr'><strong>qued</strong></span> <span class='ocrx_word' id='word_1_442' title='bbox 656 3403 716 3444; x_wconf 92' lang='lat' dir='ltr'><strong>non</strong></span> <span class='ocrx_word' id='word_1_443' title='bbox 751 3385 789 3442; x_wconf 89' lang='lat' dir='ltr'><strong>sit</strong></span> <span class='ocrx_word' id='word_1_444' title='bbox 813 3383 917 3455; x_wconf 82' lang='lat' dir='ltr'><strong>similis</strong></span> <span class='ocrx_word' id='word_1_445' title='bbox 965 3391 1049 3458; x_wconf 74' lang='lat' dir='ltr'><strong>sessio</strong></span> <span class='ocrx_word' id='word_1_446' title='bbox 1073 3389 1142 3461; x_wconf 90' lang='lat' dir='ltr'><strong>quia</strong></span> <span class='ocrx_word' id='word_1_447' title='bbox 1167 3389 1304 3462; x_wconf 71' lang='lat' dir='ltr'><strong>precedit</strong></span> <span class='ocrx_word' id='word_1_448' title='bbox 1332 3389 1472 3445; x_wconf 80' lang='lat' dir='ltr'><strong>confessio</strong></span> <span class='ocrx_word' id='word_1_449' title='bbox 1504 3405 1576 3462; x_wconf 89' lang='lat' dir='ltr'><strong>quos</strong></span> <span class='ocrx_word' id='word_1_450' title='bbox 1606 3396 1672 3447; x_wconf 91' lang='lat' dir='ltr'><strong>aute</strong></span> <span class='ocrx_word' id='word_1_451' title='bbox 1699 3392 1820 3464; x_wconf 87' lang='lat' dir='ltr'><strong>pertidia</strong></span> 
     </span>
     <span class='ocr_line' id='line_1_37' title="bbox 64 3475 1817 3556; baseline 0.001 -21"><span class='ocrx_word' id='word_1_452' title='bbox 64 3485 147 3541; x_wconf 74' lang='lat' dir='ltr'><strong>«mei</strong></span> <span class='ocrx_word' id='word_1_453' title='bbox 163 3483 195 3540; x_wconf 89' lang='lat' dir='ltr'><strong>in</strong></span> <span class='ocrx_word' id='word_1_454' title='bbox 210 3481 373 3556; x_wconf 79' lang='lat' dir='ltr'><strong>augurandi</strong></span> <span class='ocrx_word' id='word_1_455' title='bbox 385 3480 526 3536; x_wconf 81' lang='lat' dir='ltr'><strong>scientia?</strong></span> <span class='ocrx_word' id='word_1_456' title='bbox 542 3501 552 3528; x_wconf 74' lang='lat' dir='ltr'><strong>s</strong></span> <span class='ocrx_word' id='word_1_457' title='bbox 566 3479 648 3550; x_wconf 75' lang='lat' dir='ltr'><strong>(Auo.</strong></span> <span class='ocrx_word' id='word_1_458' title='bbox 672 3477 803 3544; x_wconf 79' lang='lat' dir='ltr'><strong>Quaestio</strong></span> <span class='ocrx_word' id='word_1_459' title='bbox 829 3475 913 3539; x_wconf 78' lang='lat' dir='ltr'><strong>den..</strong></span> <span class='ocrx_word' id='word_1_460' title='bbox 967 3478 1149 3550; x_wconf 83' lang='lat' dir='ltr'><strong>possidebat:</strong></span> <span class='ocrx_word' id='word_1_461' title='bbox 1166 3477 1248 3534; x_wconf 88' lang='lat' dir='ltr'><strong>etsie</strong></span> <span class='ocrx_word' id='word_1_462' title='bbox 1266 3478 1382 3550; x_wconf 83' lang='lat' dir='ltr'><strong>loseph,</strong></span> <span class='ocrx_word' id='word_1_463' title='bbox 1407 3477 1493 3533; x_wconf 85' lang='lat' dir='ltr'><strong>idest</strong></span> <span class='ocrx_word' id='word_1_464' title='bbox 1521 3479 1659 3548; x_wconf 86' lang='lat' dir='ltr'><strong>Christus,</strong></span> <span class='ocrx_word' id='word_1_465' title='bbox 1684 3481 1817 3549; x_wconf 89' lang='lat' dir='ltr'><strong>occurrit,</strong></span> 
     </span>
     <span class='ocr_line' id='line_1_38' title="bbox 63 3563 1819 3643; baseline -0.002 -13"><span class='ocrx_word' id='word_1_466' title='bbox 63 3581 128 3630; x_wconf 81' lang='lat' dir='ltr'><strong>bru.</strong></span> <span class='ocrx_word' id='word_1_467' title='bbox 146 3573 217 3643; x_wconf 84' lang='lat' dir='ltr'><strong>iil.)</strong></span> <span class='ocrx_word' id='word_1_468' title='bbox 231 3571 304 3638; x_wconf 86' lang='lat' dir='ltr'><strong>Quid</strong></span> <span class='ocrx_word' id='word_1_469' title='bbox 332 3569 464 3626; x_wconf 90' lang='lat' dir='ltr'><strong>hocsibi</strong></span> <span class='ocrx_word' id='word_1_470' title='bbox 485 3568 553 3624; x_wconf 82' lang='lat' dir='ltr'><strong>uelit</strong></span> <span class='ocrx_word' id='word_1_471' title='bbox 566 3565 657 3641; x_wconf 77' lang='lat' dir='ltr'><strong>quari</strong></span> <span class='ocrx_word' id='word_1_472' title='bbox 681 3566 761 3621; x_wconf 86' lang='lat' dir='ltr'><strong>solet.</strong></span> <span class='ocrx_word' id='word_1_473' title='bbox 791 3566 835 3620; x_wconf 81' lang='lat' dir='ltr'><strong>Au</strong></span> <span class='ocrx_word' id='word_1_474' title='bbox 847 3563 915 3636; x_wconf 89' lang='lat' dir='ltr'><strong>quia</strong></span> <span class='ocrx_word' id='word_1_475' title='bbox 967 3566 1201 3638; x_wconf 87' lang='lat' dir='ltr'><strong>quisenemjam</strong></span> <span class='ocrx_word' id='word_1_476' title='bbox 1216 3571 1299 3623; x_wconf 73' lang='lat' dir='ltr'><strong>estete</strong></span> <span class='ocrx_word' id='word_1_477' title='bbox 1316 3566 1567 3638; x_wconf 87' lang='lat' dir='ltr'><strong>suscipiatultimo</strong></span> <span class='ocrx_word' id='word_1_478' title='bbox 1583 3572 1819 3641; x_wconf 89' lang='lat' dir='ltr'><strong>temporepopu·</strong></span> 
     </span>
     <span class='ocr_line' id='line_1_39' title="bbox 64 3651 1819 3730; baseline -0.003 -10"><span class='ocrx_word' id='word_1_479' title='bbox 64 3659 347 3730; x_wconf 84' lang='lat' dir='ltr'><strong>museriesedioco</strong></span> <span class='ocrx_word' id='word_1_480' title='bbox 363 3657 472 3714; x_wconf 91' lang='lat' dir='ltr'><strong>dictum</strong></span> <span class='ocrx_word' id='word_1_481' title='bbox 491 3661 543 3725; x_wconf 87' lang='lat' dir='ltr'><strong>est,</strong></span> <span class='ocrx_word' id='word_1_482' title='bbox 559 3660 625 3725; x_wconf 77' lang='lat' dir='ltr'><strong>ete,</strong></span> <span class='ocrx_word' id='word_1_483' title='bbox 648 3653 784 3726; x_wconf 80' lang='lat' dir='ltr'><strong>usquead</strong></span> <span class='ocrx_word' id='word_1_484' title='bbox 801 3651 914 3724; x_wconf 91' lang='lat' dir='ltr'><strong>cognito</strong></span> <span class='ocrx_word' id='word_1_485' title='bbox 967 3654 1218 3724; x_wconf 83' lang='lat' dir='ltr'><strong>lumludoeorum,</strong></span> <span class='ocrx_word' id='word_1_486' title='bbox 1236 3671 1295 3711; x_wconf 93' lang='lat' dir='ltr'><strong>neu</strong></span> <span class='ocrx_word' id='word_1_487' title='bbox 1318 3654 1476 3711; x_wconf 88' lang='lat' dir='ltr'><strong>secuudum</strong></span> <span class='ocrx_word' id='word_1_488' title='bbox 1500 3655 1612 3725; x_wconf 89' lang='lat' dir='ltr'><strong>merita,</strong></span> <span class='ocrx_word' id='word_1_489' title='bbox 1641 3657 1691 3713; x_wconf 90' lang='lat' dir='ltr'><strong>sed</strong></span> <span class='ocrx_word' id='word_1_490' title='bbox 1714 3674 1819 3714; x_wconf 84' lang='lat' dir='ltr'><strong>secuu-</strong></span> 
     </span>
     <span class='ocr_line' id='line_1_40' title="bbox 63 3743 1820 3823; baseline -0.003 -15"><span class='ocrx_word' id='word_1_491' title='bbox 63 3752 259 3823; x_wconf 84' lang='lat' dir='ltr'><strong>iralre,quem</strong></span> <span class='ocrx_word' id='word_1_492' title='bbox 276 3764 332 3803; x_wconf 87' lang='lat' dir='ltr'><strong>ese</strong></span> <span class='ocrx_word' id='word_1_493' title='bbox 345 3746 491 3819; x_wconf 85' lang='lat' dir='ltr'><strong>perditum</strong></span> <span class='ocrx_word' id='word_1_494' title='bbox 513 3744 724 3800; x_wconf 84' lang='lat' dir='ltr'><strong>existimabant.</strong></span> <span class='ocrx_word' id='word_1_495' title='bbox 967 3743 1036 3800; x_wconf 91' lang='lat' dir='ltr'><strong>dum</strong></span> <span class='ocrx_word' id='word_1_496' title='bbox 1047 3744 1215 3800; x_wconf 87' lang='lat' dir='ltr'><strong>electionem</strong></span> <span class='ocrx_word' id='word_1_497' title='bbox 1245 3743 1356 3816; x_wconf 80' lang='lat' dir='ltr'><strong>gratias,</strong></span> <span class='ocrx_word' id='word_1_498' title='bbox 1384 3749 1414 3800; x_wconf 89' lang='lat' dir='ltr'><strong>et</strong></span> <span class='ocrx_word' id='word_1_499' title='bbox 1438 3743 1568 3816; x_wconf 86' lang='lat' dir='ltr'><strong>imponat</strong></span> <span class='ocrx_word' id='word_1_500' title='bbox 1587 3760 1707 3802; x_wconf 85' lang='lat' dir='ltr'><strong>manum</strong></span> <span class='ocrx_word' id='word_1_501' title='bbox 1734 3763 1820 3818; x_wconf 91' lang='lat' dir='ltr'><strong>super</strong></span> 
     </span>
     <span class='ocr_line' id='line_1_41' title="bbox 96 3827 1821 3905; baseline -0.002 -12"><span class='ocrx_word' id='word_1_502' title='bbox 96 3840 181 3894; x_wconf 76' lang='lat' dir='ltr'><strong>Vns.</strong></span> <span class='ocrx_word' id='word_1_503' title='bbox 205 3834 294 3892; x_wconf 66' lang='lat' dir='ltr'><strong>leli.</strong></span> <span class='ocrx_word' id='word_1_504' title='bbox 314 3861 351 3877; x_wconf 92' lang='lat'><em>-</em></span> <span class='ocrx_word' id='word_1_505' title='bbox 374 3853 388 3884; x_wconf 68' lang='lat' dir='ltr'><strong>a</strong></span> <span class='ocrx_word' id='word_1_506' title='bbox 415 3831 466 3888; x_wconf 93' lang='lat' dir='ltr'><strong>Cui</strong></span> <span class='ocrx_word' id='word_1_507' title='bbox 490 3831 587 3898; x_wconf 85' lang='lat' dir='ltr'><strong>ludas,</strong></span> <span class='ocrx_word' id='word_1_508' title='bbox 609 3831 790 3900; x_wconf 68' lang='lat' dir='ltr'><strong>secamus,</strong></span> <span class='ocrx_word' id='word_1_509' title='bbox 814 3827 915 3883; x_wconf 78' lang='lat' dir='ltr'><strong>ubieu-</strong></span> <span class='ocrx_word' id='word_1_510' title='bbox 969 3833 1068 3889; x_wconf 91' lang='lat' dir='ltr'><strong>oculos</strong></span> <span class='ocrx_word' id='word_1_511' title='bbox 1082 3833 1154 3905; x_wconf 86' lang='lat' dir='ltr'><strong>eius,</strong></span> <span class='ocrx_word' id='word_1_512' title='bbox 1170 3837 1199 3889; x_wconf 87' lang='lat' dir='ltr'><strong>et</strong></span> <span class='ocrx_word' id='word_1_513' title='bbox 1213 3833 1370 3888; x_wconf 74' lang='lat' dir='ltr'><strong>cecitatem</strong></span> <span class='ocrx_word' id='word_1_514' title='bbox 1391 3832 1523 3900; x_wconf 79' lang='lat' dir='ltr'><strong>auicrat3</strong></span> <span class='ocrx_word' id='word_1_515' title='bbox 1553 3833 1631 3903; x_wconf 90' lang='lat' dir='ltr'><strong>quod</strong></span> <span class='ocrx_word' id='word_1_516' title='bbox 1647 3834 1768 3902; x_wconf 89' lang='lat' dir='ltr'><strong>distulit,</strong></span> <span class='ocrx_word' id='word_1_517' title='bbox 1790 3839 1821 3892; x_wconf 86' lang='lat' dir='ltr'><strong>ut</strong></span> 
     </span>
     <span class='ocr_line' id='line_1_42' title="bbox 61 3917 1822 4000; baseline -0.002 -20"><span class='ocrx_word' id='word_1_518' title='bbox 61 3927 139 4000; x_wconf 65' lang='lat' dir='ltr'><strong>pra)</strong></span> <span class='ocrx_word' id='word_1_519' title='bbox 165 3925 254 3982; x_wconf 71' lang='lat' dir='ltr'><strong>natta</strong></span> <span class='ocrx_word' id='word_1_520' title='bbox 275 3923 306 3979; x_wconf 93' lang='lat' dir='ltr'><strong>iu</strong></span> <span class='ocrx_word' id='word_1_521' title='bbox 335 3921 504 3978; x_wconf 88' lang='lat' dir='ltr'><strong>narratione</strong></span> <span class='ocrx_word' id='word_1_522' title='bbox 533 3919 613 3976; x_wconf 77' lang='lat' dir='ltr'><strong>tuder</strong></span> <span class='ocrx_word' id='word_1_523' title='bbox 645 3917 730 3975; x_wconf 81' lang='lat' dir='ltr'><strong>aliter</strong></span> <span class='ocrx_word' id='word_1_524' title='bbox 756 3917 916 3974; x_wconf 86' lang='lat' dir='ltr'><strong>dictasunt</strong></span> <span class='ocrx_word' id='word_1_525' title='bbox 968 3927 1131 3996; x_wconf 85' lang='lat' dir='ltr'><strong>postremus</strong></span> <span class='ocrx_word' id='word_1_526' title='bbox 1145 3921 1284 3985; x_wconf 86' lang='lat' dir='ltr'><strong>crederet,</strong></span> <span class='ocrx_word' id='word_1_527' title='bbox 1314 3920 1363 3992; x_wconf 92' lang='lat' dir='ltr'><strong>qui</strong></span> <span class='ocrx_word' id='word_1_528' title='bbox 1392 3925 1458 3977; x_wconf 85' lang='lat' dir='ltr'><strong>aute</strong></span> <span class='ocrx_word' id='word_1_529' title='bbox 1482 3936 1543 3976; x_wconf 92' lang='lat' dir='ltr'><strong>non</strong></span> <span class='ocrx_word' id='word_1_530' title='bbox 1557 3920 1739 3992; x_wconf 84' lang='lat' dir='ltr'><strong>putaritcsse</strong></span> <span class='ocrx_word' id='word_1_531' title='bbox 1763 3939 1822 3979; x_wconf 88' lang='lat' dir='ltr'><strong>cre·</strong></span> 
     </span>
     <span class='ocr_line' id='line_1_43' title="bbox 64 4004 1822 4092; baseline -0.004 -20"><span class='ocrx_word' id='word_1_532' title='bbox 64 4033 151 4092; x_wconf 84' lang='lat' dir='ltr'><strong>quam</strong></span> <span class='ocrx_word' id='word_1_533' title='bbox 175 4030 242 4070; x_wconf 89' lang='lat' dir='ltr'><strong>curn</strong></span> <span class='ocrx_word' id='word_1_534' title='bbox 265 4012 321 4068; x_wconf 90' lang='lat' dir='ltr'><strong>illis</strong></span> <span class='ocrx_word' id='word_1_535' title='bbox 342 4015 441 4083; x_wconf 86' lang='lat' dir='ltr'><strong>egerat</strong></span> <span class='ocrx_word' id='word_1_536' title='bbox 457 4009 571 4083; x_wconf 82' lang='lat' dir='ltr'><strong>loseph,</strong></span> <span class='ocrx_word' id='word_1_537' title='bbox 601 4013 666 4078; x_wconf 83' lang='lat' dir='ltr'><strong>etc,</strong></span> <span class='ocrx_word' id='word_1_538' title='bbox 681 4023 767 4080; x_wconf 83' lang='lat' dir='ltr'><strong>usquc</strong></span> <span class='ocrx_word' id='word_1_539' title='bbox 795 4006 833 4062; x_wconf 88' lang='lat' dir='ltr'><strong>od</strong></span> <span class='ocrx_word' id='word_1_540' title='bbox 865 4004 914 4060; x_wconf 88' lang='lat' dir='ltr'><strong>sed</strong></span> <span class='ocrx_word' id='word_1_541' title='bbox 968 4008 1105 4064; x_wconf 82' lang='lat' dir='ltr'><strong>dandum.</strong></span> <span class='ocrx_word' id='word_1_542' title='bbox 1121 4008 1202 4064; x_wconf 88' lang='lat' dir='ltr'><strong>Unde</strong></span> <span class='ocrx_word' id='word_1_543' title='bbox 1214 4008 1251 4063; x_wconf 87' lang='lat' dir='ltr'><strong>ad</strong></span> <span class='ocrx_word' id='word_1_544' title='bbox 1265 4009 1408 4063; x_wconf 81' lang='lat' dir='ltr'><strong>Romanos</strong></span> <span class='ocrx_word' id='word_1_545' title='bbox 1423 4007 1574 4064; x_wconf 88' lang='lat' dir='ltr'><strong>undecimo</strong></span> <span class='ocrx_word' id='word_1_546' title='bbox 1588 4008 1730 4079; x_wconf 74' lang='lat' dir='ltr'><strong>capitezs</strong></span> <span class='ocrx_word' id='word_1_547' title='bbox 1749 4011 1822 4074; x_wconf 83' lang='lat' dir='ltr'><strong>onia</strong></span> 
     </span>
     <span class='ocr_line' id='line_1_44' title="bbox 63 4094 1821 4182; baseline -0.006 -20"><span class='ocrx_word' id='word_1_548' title='bbox 63 4108 113 4182; x_wconf 82' lang='lat' dir='ltr'><strong>qui</strong></span> <span class='ocrx_word' id='word_1_549' title='bbox 135 4107 257 4162; x_wconf 80' lang='lat' dir='ltr'><strong>ueremi</strong></span> <span class='ocrx_word' id='word_1_550' title='bbox 281 4117 348 4158; x_wconf 84' lang='lat' dir='ltr'><strong>eum</strong></span> <span class='ocrx_word' id='word_1_551' title='bbox 364 4100 446 4170; x_wconf 89' lang='lat' dir='ltr'><strong>scire,</strong></span> <span class='ocrx_word' id='word_1_552' title='bbox 462 4106 494 4155; x_wconf 87' lang='lat' dir='ltr'><strong>ut</strong></span> <span class='ocrx_word' id='word_1_553' title='bbox 516 4115 582 4154; x_wconf 82' lang='lat' dir='ltr'><strong>eum</strong></span> <span class='ocrx_word' id='word_1_554' title='bbox 605 4098 732 4155; x_wconf 88' lang='lat' dir='ltr'><strong>ilecteret</strong></span> <span class='ocrx_word' id='word_1_555' title='bbox 751 4096 787 4153; x_wconf 82' lang='lat' dir='ltr'><strong>ad</strong></span> <span class='ocrx_word' id='word_1_556' title='bbox 807 4094 915 4151; x_wconf 90' lang='lat' dir='ltr'><strong>miseri·</strong></span> <span class='ocrx_word' id='word_1_557' title='bbox 969 4097 1126 4154; x_wconf 75' lang='lat' dir='ltr'><strong>cacitasex</strong></span> <span class='ocrx_word' id='word_1_558' title='bbox 1142 4101 1223 4168; x_wconf 89' lang='lat' dir='ltr'><strong>parte</strong></span> <span class='ocrx_word' id='word_1_559' title='bbox 1235 4095 1268 4152; x_wconf 91' lang='lat' dir='ltr'><strong>in</strong></span> <span class='ocrx_word' id='word_1_560' title='bbox 1280 4096 1365 4152; x_wconf 88' lang='lat' dir='ltr'><strong>lsrael</strong></span> <span class='ocrx_word' id='word_1_561' title='bbox 1381 4096 1453 4152; x_wconf 88' lang='lat' dir='ltr'><strong>tacta</strong></span> <span class='ocrx_word' id='word_1_562' title='bbox 1475 4100 1527 4166; x_wconf 87' lang='lat' dir='ltr'><strong>est,</strong></span> <span class='ocrx_word' id='word_1_563' title='bbox 1554 4096 1645 4153; x_wconf 89' lang='lat' dir='ltr'><strong>donec</strong></span> <span class='ocrx_word' id='word_1_564' title='bbox 1673 4098 1821 4169; x_wconf 86' lang='lat' dir='ltr'><strong>plenitudo</strong></span> 
     </span>
     <span class='ocr_line' id='line_1_45' title="bbox 64 4185 1821 4298; baseline -0.009 -46"><span class='ocrx_word' id='word_1_565' title='bbox 64 4195 194 4252; x_wconf 82' lang='lat' dir='ltr'><strong>cordiam</strong></span> <span class='ocrx_word' id='word_1_566' title='bbox 207 4189 366 4249; x_wconf 78' lang='lat' dir='ltr'><strong>narrationi</strong></span> <span class='ocrx_word' id='word_1_567' title='bbox 382 4189 534 4246; x_wconf 87' lang='lat' dir='ltr'><strong>inserebat.</strong></span> <span class='ocrx_word' id='word_1_568' title='bbox 935 4242 956 4298; x_wconf 68' lang='lat' dir='ltr'>D</span> <span class='ocrx_word' id='word_1_569' title='bbox 970 4186 1100 4260; x_wconf 88' lang='lat' dir='ltr'><strong>gentium</strong></span> <span class='ocrx_word' id='word_1_570' title='bbox 1114 4185 1245 4247; x_wconf 82' lang='lat' dir='ltr'><strong>intraret.</strong></span> <span class='ocrx_word' id='word_1_571' title='bbox 1262 4190 1291 4242; x_wconf 84' lang='lat' dir='ltr'><strong>et</strong></span> <span class='ocrx_word' id='word_1_572' title='bbox 1305 4185 1345 4241; x_wconf 91' lang='lat' dir='ltr'><strong>sic</strong></span> <span class='ocrx_word' id='word_1_573' title='bbox 1359 4187 1452 4241; x_wconf 88' lang='lat' dir='ltr'><strong>omnis</strong></span> <span class='ocrx_word' id='word_1_574' title='bbox 1476 4186 1562 4242; x_wconf 88' lang='lat' dir='ltr'><strong>israel</strong></span> <span class='ocrx_word' id='word_1_575' title='bbox 1583 4188 1676 4242; x_wconf 91' lang='lat' dir='ltr'><strong>salvus</strong></span> <span class='ocrx_word' id='word_1_576' title='bbox 1698 4186 1788 4243; x_wconf 83' lang='lat' dir='ltr'><strong>lieret.</strong></span> <span class='ocrx_word' id='word_1_577' title='bbox 1808 4209 1821 4237; x_wconf 85' lang='lat'><strong>»</strong></span> 
     </span>
    </p>
   </div>
   <div class='ocr_carea' id='block_1_6' title="bbox 404 4326 1526 4387">
    <p class='ocr_par' dir='ltr' id='par_1_7' title="bbox 404 4326 1526 4387">
     <span class='ocr_line' id='line_1_46' title="bbox 404 4326 1526 4387; baseline -0.004 0"><span class='ocrx_word' id='word_1_578' title='bbox 404 4330 516 4387; x_wconf 71' lang='lat' dir='ltr'><strong>carui</strong></span> <span class='ocrx_word' id='word_1_579' title='bbox 529 4329 611 4387; x_wconf 83' lang='lat' dir='ltr'>XLV.</span> <span class='ocrx_word' id='word_1_580' title='bbox 1314 4326 1426 4383; x_wconf 75' lang='lat' dir='ltr'><strong>carui</strong></span> <span class='ocrx_word' id='word_1_581' title='bbox 1439 4327 1526 4383; x_wconf 79' lang='lat' dir='ltr'><strong>xcvi.</strong></span> 
     </span>
    </p>
   </div>
   <div class='ocr_carea' id='block_1_7' title="bbox 67 4433 1829 5577">
    <p class='ocr_par' dir='ltr' id='par_1_8' title="bbox 67 4433 1828 5038">
     <span class='ocr_line' id='line_1_47' title="bbox 100 4433 1825 4506; baseline -0.002 -9"><span class='ocrx_word' id='word_1_582' title='bbox 100 4443 182 4497; x_wconf 74' lang='lat' dir='ltr'><strong>Vsus</strong></span> <span class='ocrx_word' id='word_1_583' title='bbox 196 4442 257 4496; x_wconf 82' lang='grc'><strong>7-9.</strong></span> <span class='ocrx_word' id='word_1_584' title='bbox 270 4437 413 4493; x_wconf 73' lang='grc' dir='ltr'>-ιΙίεἰί</span> <span class='ocrx_word' id='word_1_585' title='bbox 431 4451 478 4492; x_wconf 88' lang='lat' dir='ltr'><strong>rue</strong></span> <span class='ocrx_word' id='word_1_586' title='bbox 496 4436 580 4503; x_wconf 83' lang='lat' dir='ltr'><strong>tiens,</strong></span> <span class='ocrx_word' id='word_1_587' title='bbox 591 4455 605 4486; x_wconf 75' lang='lat' dir='ltr'><strong>&gt;s</strong></span> <span class='ocrx_word' id='word_1_588' title='bbox 632 4439 685 4491; x_wconf 88' lang='lat' dir='ltr'><strong>etc.</strong></span> <span class='ocrx_word' id='word_1_589' title='bbox 710 4435 788 4504; x_wconf 79' lang='lat' dir='ltr'><strong>(duc.</strong></span> <span class='ocrx_word' id='word_1_590' title='bbox 814 4434 915 4501; x_wconf 84' lang='lat' dir='ltr'><strong>Quaest.</strong></span> <span class='ocrx_word' id='word_1_591' title='bbox 1007 4435 1088 4490; x_wconf 82' lang='lat' dir='ltr'><strong>Vens.</strong></span> <span class='ocrx_word' id='word_1_592' title='bbox 1102 4436 1146 4490; x_wconf 75' lang='lat' dir='ltr'><strong>td.</strong></span> <span class='ocrx_word' id='word_1_593' title='bbox 1158 4465 1191 4475; x_wconf 88' lang='lat'>-</span> <span class='ocrx_word' id='word_1_594' title='bbox 1206 4454 1220 4484; x_wconf 71' lang='lat' dir='ltr'><strong>a</strong></span> <span class='ocrx_word' id='word_1_595' title='bbox 1237 4433 1351 4489; x_wconf 73' lang='lat' dir='ltr'><strong>Cunctae</strong></span> <span class='ocrx_word' id='word_1_596' title='bbox 1374 4434 1477 4489; x_wconf 78' lang='lat' dir='ltr'><strong>anima</strong></span> <span class='ocrx_word' id='word_1_597' title='bbox 1505 4450 1570 4506; x_wconf 83' lang='lat' dir='ltr'><strong>quae</strong></span> <span class='ocrx_word' id='word_1_598' title='bbox 1595 4434 1730 4505; x_wconf 85' lang='lat' dir='ltr'><strong>ingressae</strong></span> <span class='ocrx_word' id='word_1_599' title='bbox 1757 4451 1825 4501; x_wconf 82' lang='lat' dir='ltr'><strong>sunt</strong></span> 
     </span>
     <span class='ocr_line' id='line_1_48' title="bbox 67 4521 1823 4600; baseline -0.007 -13"><span class='ocrx_word' id='word_1_600' title='bbox 67 4527 347 4600; x_wconf 75' lang='lat' dir='ltr'><strong>isGeu.,tem.ili.)</strong></span> <span class='ocrx_word' id='word_1_601' title='bbox 361 4525 435 4593; x_wconf 79' lang='lat' dir='ltr'><strong>Quid</strong></span> <span class='ocrx_word' id='word_1_602' title='bbox 449 4527 492 4582; x_wconf 84' lang='lat' dir='ltr'><strong>est</strong></span> <span class='ocrx_word' id='word_1_603' title='bbox 505 4522 677 4598; x_wconf 77' lang='lat' dir='ltr'><strong>quodjuris</strong></span> <span class='ocrx_word' id='word_1_604' title='bbox 698 4521 755 4578; x_wconf 91' lang='lat' dir='ltr'><strong>alia</strong></span> <span class='ocrx_word' id='word_1_605' title='bbox 777 4521 918 4594; x_wconf 84' lang='lat' dir='ltr'><strong>exemplo·</strong></span> <span class='ocrx_word' id='word_1_606' title='bbox 974 4523 1212 4581; x_wconf 82' lang='lat' dir='ltr'><strong>«cumlacobin</strong></span> <span class='ocrx_word' id='word_1_607' title='bbox 1239 4524 1402 4595; x_wconf 59' lang='lat' dir='ltr'><strong>AEgyptunq</strong></span> <span class='ocrx_word' id='word_1_608' title='bbox 1419 4544 1433 4572; x_wconf 89' lang='lat'>»</span> <span class='ocrx_word' id='word_1_609' title='bbox 1464 4527 1516 4579; x_wconf 89' lang='lat' dir='ltr'><strong>etc.</strong></span> <span class='ocrx_word' id='word_1_610' title='bbox 1543 4523 1635 4596; x_wconf 80' lang='lat' dir='ltr'><strong>(huo.)</strong></span> <span class='ocrx_word' id='word_1_611' title='bbox 1666 4526 1823 4583; x_wconf 76' lang='lat' dir='ltr'><strong>Videndum</strong></span> 
     </span>
     <span class='ocr_line' id='line_1_49' title="bbox 70 4610 1824 4688; baseline -0.003 -12"><span class='ocrx_word' id='word_1_612' title='bbox 70 4621 110 4676; x_wconf 79' lang='lat' dir='ltr'><strong>ria</strong></span> <span class='ocrx_word' id='word_1_613' title='bbox 123 4616 301 4688; x_wconf 68' lang='lat' dir='ltr'><strong>integitur:</strong></span> <span class='ocrx_word' id='word_1_614' title='bbox 316 4637 330 4667; x_wconf 74' lang='grc' dir='ltr'><strong><em>ι</em></strong></span> <span class='ocrx_word' id='word_1_615' title='bbox 344 4613 505 4671; x_wconf 76' lang='lat' dir='ltr'><strong>Misitenim</strong></span> <span class='ocrx_word' id='word_1_616' title='bbox 525 4628 572 4670; x_wconf 89' lang='lat' dir='ltr'><strong>me</strong></span> <span class='ocrx_word' id='word_1_617' title='bbox 595 4613 669 4668; x_wconf 84' lang='lat' dir='ltr'><strong>Deus</strong></span> <span class='ocrx_word' id='word_1_618' title='bbox 696 4615 761 4666; x_wconf 88' lang='lat' dir='ltr'><strong>aute</strong></span> <span class='ocrx_word' id='word_1_619' title='bbox 781 4626 841 4676; x_wconf 83' lang='lat' dir='ltr'><strong>ros,</strong></span> <span class='ocrx_word' id='word_1_620' title='bbox 869 4625 918 4664; x_wconf 87' lang='lat' dir='ltr'><strong>re·</strong></span> <span class='ocrx_word' id='word_1_621' title='bbox 973 4619 1015 4668; x_wconf 87' lang='lat' dir='ltr'><strong>est</strong></span> <span class='ocrx_word' id='word_1_622' title='bbox 1029 4611 1099 4683; x_wconf 92' lang='lat' dir='ltr'><strong>quid</strong></span> <span class='ocrx_word' id='word_1_623' title='bbox 1116 4610 1324 4683; x_wconf 88' lang='lat' dir='ltr'><strong>respondeatur</strong></span> <span class='ocrx_word' id='word_1_624' title='bbox 1351 4610 1392 4665; x_wconf 89' lang='lat' dir='ltr'><strong>eis</strong></span> <span class='ocrx_word' id='word_1_625' title='bbox 1416 4610 1466 4682; x_wconf 90' lang='lat' dir='ltr'><strong>qni</strong></span> <span class='ocrx_word' id='word_1_626' title='bbox 1483 4611 1536 4666; x_wconf 92' lang='lat' dir='ltr'><strong>boc</strong></span> <span class='ocrx_word' id='word_1_627' title='bbox 1564 4611 1729 4668; x_wconf 90' lang='lat' dir='ltr'><strong>testimonio</strong></span> <span class='ocrx_word' id='word_1_628' title='bbox 1756 4630 1824 4670; x_wconf 93' lang='lat' dir='ltr'><strong>cou-</strong></span> 
     </span>
     <span class='ocr_line' id='line_1_50' title="bbox 71 4698 1825 4778; baseline -0.005 -13"><span class='ocrx_word' id='word_1_629' title='bbox 71 4723 187 4765; x_wconf 78' lang='lat' dir='ltr'><strong>maners</strong></span> <span class='ocrx_word' id='word_1_630' title='bbox 210 4705 346 4778; x_wconf 87' lang='lat' dir='ltr'><strong>reliquias</strong></span> <span class='ocrx_word' id='word_1_631' title='bbox 369 4709 477 4760; x_wconf 82' lang='lat' dir='ltr'><strong>rostras</strong></span> <span class='ocrx_word' id='word_1_632' title='bbox 499 4716 587 4774; x_wconf 91' lang='lat' dir='ltr'><strong>super</strong></span> <span class='ocrx_word' id='word_1_633' title='bbox 611 4704 768 4767; x_wconf 87' lang='lat' dir='ltr'><strong>terrem,et</strong></span> <span class='ocrx_word' id='word_1_634' title='bbox 792 4698 920 4754; x_wconf 89' lang='lat' dir='ltr'><strong>enutrire</strong></span> <span class='ocrx_word' id='word_1_635' title='bbox 974 4701 1118 4758; x_wconf 88' lang='lat' dir='ltr'><strong>iirmanl&#39;e</strong></span> <span class='ocrx_word' id='word_1_636' title='bbox 1131 4699 1297 4773; x_wconf 87' lang='lat' dir='ltr'><strong>parentibus</strong></span> <span class='ocrx_word' id='word_1_637' title='bbox 1314 4699 1424 4754; x_wconf 88' lang='lat' dir='ltr'><strong>animes</strong></span> <span class='ocrx_word' id='word_1_638' title='bbox 1438 4715 1503 4755; x_wconf 92' lang='lat' dir='ltr'><strong>cum</strong></span> <span class='ocrx_word' id='word_1_639' title='bbox 1527 4699 1696 4771; x_wconf 87' lang='lat' dir='ltr'><strong>corporibus</strong></span> <span class='ocrx_word' id='word_1_640' title='bbox 1722 4717 1825 4774; x_wconf 89' lang='lat' dir='ltr'><strong>prepa-</strong></span> 
     </span>
     <span class='ocr_line' id='line_1_51' title="bbox 71 4786 1827 4868; baseline -0.006 -14"><span class='ocrx_word' id='word_1_641' title='bbox 71 4793 367 4868; x_wconf 85' lang='lat' dir='ltr'><strong>semsnrcliquiarum</strong></span> <span class='ocrx_word' id='word_1_642' title='bbox 382 4797 541 4848; x_wconf 82' lang='lat' dir='ltr'><strong>vestrarum</strong></span> <span class='ocrx_word' id='word_1_643' title='bbox 555 4789 716 4862; x_wconf 79' lang='lat' dir='ltr'><strong>maguum?</strong></span> <span class='ocrx_word' id='word_1_644' title='bbox 732 4789 818 4844; x_wconf 84' lang='lat' dir='ltr'><strong>»lieo</strong></span> <span class='ocrx_word' id='word_1_645' title='bbox 843 4786 920 4844; x_wconf 86' lang='lat' dir='ltr'><strong>euim</strong></span> <span class='ocrx_word' id='word_1_646' title='bbox 974 4789 1051 4862; x_wconf 87' lang='lat' dir='ltr'><strong>gari:</strong></span> <span class='ocrx_word' id='word_1_647' title='bbox 1079 4787 1189 4844; x_wconf 87' lang='lat' dir='ltr'><strong>animas</strong></span> <span class='ocrx_word' id='word_1_648' title='bbox 1212 4787 1290 4844; x_wconf 89' lang='lat' dir='ltr'><strong>enim</strong></span> <span class='ocrx_word' id='word_1_649' title='bbox 1319 4786 1408 4843; x_wconf 90' lang='lat' dir='ltr'><strong>dictus</strong></span> <span class='ocrx_word' id='word_1_650' title='bbox 1434 4803 1487 4859; x_wconf 91' lang='lat' dir='ltr'><strong>pro</strong></span> <span class='ocrx_word' id='word_1_651' title='bbox 1512 4786 1718 4858; x_wconf 84' lang='lat' dir='ltr'><strong>hominibus,e</strong></span> <span class='ocrx_word' id='word_1_652' title='bbox 1744 4795 1827 4861; x_wconf 89' lang='lat' dir='ltr'><strong>parte</strong></span> 
     </span>
     <span class='ocr_line' id='line_1_52' title="bbox 72 4875 1828 4956; baseline -0.004 -14"><span class='ocrx_word' id='word_1_653' title='bbox 72 4902 128 4943; x_wconf 94' lang='lat' dir='ltr'><strong>uou</strong></span> <span class='ocrx_word' id='word_1_654' title='bbox 158 4897 368 4956; x_wconf 83' lang='lat' dir='ltr'><strong>usquequaque</strong></span> <span class='ocrx_word' id='word_1_655' title='bbox 393 4883 541 4950; x_wconf 87' lang='lat' dir='ltr'><strong>consonat,</strong></span> <span class='ocrx_word' id='word_1_656' title='bbox 565 4884 631 4946; x_wconf 87' lang='lat' dir='ltr'><strong>etc,</strong></span> <span class='ocrx_word' id='word_1_657' title='bbox 654 4893 738 4948; x_wconf 82' lang='lat' dir='ltr'><strong>usque</strong></span> <span class='ocrx_word' id='word_1_658' title='bbox 765 4875 803 4934; x_wconf 89' lang='lat' dir='ltr'><strong>od</strong></span> <span class='ocrx_word' id='word_1_659' title='bbox 818 4879 870 4933; x_wconf 83' lang='lat' dir='ltr'><strong>»et</strong></span> <span class='ocrx_word' id='word_1_660' title='bbox 881 4875 921 4932; x_wconf 95' lang='lat' dir='ltr'><strong>sic</strong></span> <span class='ocrx_word' id='word_1_661' title='bbox 974 4876 1202 4949; x_wconf 86' lang='lat' dir='ltr'><strong>lotumilguratu</strong></span> <span class='ocrx_word' id='word_1_662' title='bbox 1223 4875 1379 4945; x_wconf 89' lang='lat' dir='ltr'><strong>locutione,</strong></span> <span class='ocrx_word' id='word_1_663' title='bbox 1408 4877 1506 4932; x_wconf 84' lang='lat' dir='ltr'><strong>urrllus</strong></span> <span class='ocrx_word' id='word_1_664' title='bbox 1530 4875 1663 4948; x_wconf 83' lang='lat' dir='ltr'><strong>ambigit.</strong></span> <span class='ocrx_word' id='word_1_665' title='bbox 1690 4877 1828 4950; x_wconf 83' lang='lat' dir='ltr'><strong>Sedquo·</strong></span> 
     </span>
     <span class='ocr_line' id='line_1_53' title="bbox 75 4962 1827 5038; baseline -0.005 -7"><span class='ocrx_word' id='word_1_666' title='bbox 75 4971 265 5031; x_wconf 86' lang='lat' dir='ltr'><strong>omnisisraei</strong></span> <span class='ocrx_word' id='word_1_667' title='bbox 280 4969 375 5026; x_wconf 83' lang='lat' dir='ltr'><strong>salvus</strong></span> <span class='ocrx_word' id='word_1_668' title='bbox 389 4969 504 5026; x_wconf 77' lang='lat' dir='ltr'><strong>tieret»</strong></span> <span class='ocrx_word' id='word_1_669' title='bbox 976 4965 1060 5023; x_wconf 90' lang='lat' dir='ltr'><strong>modo</strong></span> <span class='ocrx_word' id='word_1_670' title='bbox 1074 4964 1166 5038; x_wconf 89' lang='lat' dir='ltr'><strong>ipsam</strong></span> <span class='ocrx_word' id='word_1_671' title='bbox 1185 4967 1307 5037; x_wconf 70' lang='lat' dir='ltr'><strong>parterm</strong></span> <span class='ocrx_word' id='word_1_672' title='bbox 1321 4962 1351 5020; x_wconf 94' lang='lat' dir='ltr'><strong>id</strong></span> <span class='ocrx_word' id='word_1_673' title='bbox 1378 4970 1422 5019; x_wconf 89' lang='lat' dir='ltr'><strong>cst</strong></span> <span class='ocrx_word' id='word_1_674' title='bbox 1448 4963 1575 5019; x_wconf 89' lang='lat' dir='ltr'><strong>animam</strong></span> <span class='ocrx_word' id='word_1_675' title='bbox 1603 4965 1684 5038; x_wconf 87' lang='lat' dir='ltr'><strong>cujus</strong></span> <span class='ocrx_word' id='word_1_676' title='bbox 1710 4967 1827 5022; x_wconf 89' lang='lat' dir='ltr'><strong>nomine</strong></span> 
     </span>
    </p>

    <p class='ocr_par' dir='ltr' id='par_1_9' title="bbox 77 5052 1829 5577">
     <span class='ocr_line' id='line_1_54' title="bbox 107 5052 1829 5128; baseline -0.004 -11"><span class='ocrx_word' id='word_1_677' title='bbox 107 5065 189 5119; x_wconf 76' lang='lat' dir='ltr'><strong>vars.</strong></span> <span class='ocrx_word' id='word_1_678' title='bbox 205 5062 302 5117; x_wconf 75' lang='lat'><strong>10-15.</strong></span> <span class='ocrx_word' id='word_1_679' title='bbox 318 5079 379 5109; x_wconf 78' lang='lat' dir='ltr'><strong>-o</strong></span> <span class='ocrx_word' id='word_1_680' title='bbox 400 5057 544 5115; x_wconf 75' lang='lat' dir='ltr'><strong>habitabis</strong></span> <span class='ocrx_word' id='word_1_681' title='bbox 568 5055 599 5113; x_wconf 93' lang='lat' dir='ltr'><strong>in</strong></span> <span class='ocrx_word' id='word_1_682' title='bbox 615 5059 692 5112; x_wconf 84' lang='lat' dir='ltr'><strong>terra</strong></span> <span class='ocrx_word' id='word_1_683' title='bbox 714 5055 850 5120; x_wconf 76' lang='lat' dir='ltr'><strong>Caesen.»</strong></span> <span class='ocrx_word' id='word_1_684' title='bbox 867 5058 921 5110; x_wconf 86' lang='lat' dir='ltr'><strong>otc.</strong></span> <span class='ocrx_word' id='word_1_685' title='bbox 976 5059 1054 5111; x_wconf 90' lang='lat' dir='ltr'><strong>tetus</strong></span> <span class='ocrx_word' id='word_1_686' title='bbox 1075 5054 1163 5110; x_wconf 91' lang='lat' dir='ltr'><strong>hemo</strong></span> <span class='ocrx_word' id='word_1_687' title='bbox 1189 5052 1365 5124; x_wconf 82' lang='lat' dir='ltr'><strong>significatus</strong></span> <span class='ocrx_word' id='word_1_688' title='bbox 1393 5056 1445 5121; x_wconf 84' lang='lat' dir='ltr'><strong>est,</strong></span> <span class='ocrx_word' id='word_1_689' title='bbox 1476 5053 1679 5115; x_wconf 89' lang='lat' dir='ltr'><strong>alienamnsab</strong></span> <span class='ocrx_word' id='word_1_690' title='bbox 1704 5071 1738 5111; x_wconf 92' lang='lat' dir='ltr'><strong>eo</strong></span> <span class='ocrx_word' id='word_1_691' title='bbox 1751 5055 1829 5128; x_wconf 89' lang='lat' dir='ltr'><strong>quod</strong></span> 
     </span>
     <span class='ocr_line' id='line_1_55' title="bbox 77 5139 1828 5222; baseline -0.005 -15"><span class='ocrx_word' id='word_1_692' title='bbox 77 5149 213 5222; x_wconf 74' lang='lat' dir='ltr'><strong>illinus)</strong></span> <span class='ocrx_word' id='word_1_693' title='bbox 243 5149 277 5206; x_wconf 86' lang='lat' dir='ltr'><strong>ln</strong></span> <span class='ocrx_word' id='word_1_694' title='bbox 304 5148 423 5204; x_wconf 82' lang='lat' dir='ltr'><strong>liebraee</strong></span> <span class='ocrx_word' id='word_1_695' title='bbox 455 5145 578 5202; x_wconf 86' lang='lat' dir='ltr'><strong>habetur</strong></span> <span class='ocrx_word' id='word_1_696' title='bbox 606 5147 693 5201; x_wconf 80' lang='lat' dir='ltr'><strong>Geren</strong></span> <span class='ocrx_word' id='word_1_697' title='bbox 718 5143 818 5217; x_wconf 61' lang='lat' dir='ltr'><strong>(uuilli-</strong></span> <span class='ocrx_word' id='word_1_698' title='bbox 843 5142 923 5199; x_wconf 88' lang='lat' dir='ltr'><strong>Unde</strong></span> <span class='ocrx_word' id='word_1_699' title='bbox 976 5144 1146 5211; x_wconf 86' lang='lat' dir='ltr'><strong>dictumest,</strong></span> <span class='ocrx_word' id='word_1_700' title='bbox 1163 5141 1322 5196; x_wconf 82' lang='lat' dir='ltr'><strong>«exierunt</strong></span> <span class='ocrx_word' id='word_1_701' title='bbox 1348 5139 1382 5196; x_wconf 90' lang='lat' dir='ltr'><strong>de</strong></span> <span class='ocrx_word' id='word_1_702' title='bbox 1408 5139 1567 5197; x_wconf 86' lang='lat' dir='ltr'><strong>femoribus</strong></span> <span class='ocrx_word' id='word_1_703' title='bbox 1593 5143 1697 5215; x_wconf 58' lang='lat' dir='ltr'><strong>ejus»</strong></span> <span class='ocrx_word' id='word_1_704' title='bbox 1725 5149 1828 5200; x_wconf 88' lang='lat' dir='ltr'><strong>utcar-</strong></span> 
     </span>
     <span class='ocr_line' id='line_1_56' title="bbox 77 5226 1828 5309; baseline -0.005 -14"><span class='ocrx_word' id='word_1_705' title='bbox 77 5256 152 5297; x_wconf 87' lang='lat' dir='ltr'><strong>crror</strong></span> <span class='ocrx_word' id='word_1_706' title='bbox 188 5235 311 5295; x_wconf 81' lang='lat' dir='ltr'><strong>increvit</strong></span> <span class='ocrx_word' id='word_1_707' title='bbox 342 5235 417 5309; x_wconf 90' lang='lat' dir='ltr'><strong>qnod</strong></span> <span class='ocrx_word' id='word_1_708' title='bbox 440 5238 517 5290; x_wconf 84' lang='lat' dir='ltr'><strong>terre</strong></span> <span class='ocrx_word' id='word_1_709' title='bbox 544 5234 649 5290; x_wconf 86' lang='lat' dir='ltr'><strong>Gesseu</strong></span> <span class='ocrx_word' id='word_1_710' title='bbox 680 5232 710 5288; x_wconf 92' lang='lat' dir='ltr'><strong>in</strong></span> <span class='ocrx_word' id='word_1_711' title='bbox 740 5233 844 5288; x_wconf 75' lang='lat' dir='ltr'><strong>Arabia</strong></span> <span class='ocrx_word' id='word_1_712' title='bbox 876 5231 923 5288; x_wconf 85' lang='lat' dir='ltr'><strong>sit.</strong></span> <span class='ocrx_word' id='word_1_713' title='bbox 978 5229 1134 5288; x_wconf 85' lang='lat' dir='ltr'><strong>neserillo</strong></span> <span class='ocrx_word' id='word_1_714' title='bbox 1149 5232 1262 5284; x_wconf 89' lang='lat' dir='ltr'><strong>tantum</strong></span> <span class='ocrx_word' id='word_1_715' title='bbox 1278 5226 1714 5301; x_wconf 75' lang='lat' dir='ltr'><strong>uetusiquomvissolreauimae</strong></span> <span class='ocrx_word' id='word_1_716' title='bbox 1734 5232 1828 5288; x_wconf 90' lang='lat' dir='ltr'><strong>uomi-</strong></span> 
     </span>
     <span class='ocr_line' id='line_1_57' title="bbox 80 5315 1829 5398; baseline -0.006 -13"><span class='ocrx_word' id='word_1_717' title='bbox 80 5330 171 5398; x_wconf 81' lang='lat' dir='ltr'><strong>i’erro,</strong></span> <span class='ocrx_word' id='word_1_718' title='bbox 186 5325 305 5384; x_wconf 86' lang='lat' dir='ltr'><strong>sicutin</strong></span> <span class='ocrx_word' id='word_1_719' title='bbox 325 5323 430 5380; x_wconf 87' lang='lat' dir='ltr'><strong>nostris</strong></span> <span class='ocrx_word' id='word_1_720' title='bbox 451 5321 597 5380; x_wconf 89' lang='lat' dir='ltr'><strong>codicibus</strong></span> <span class='ocrx_word' id='word_1_721' title='bbox 620 5325 673 5390; x_wconf 87' lang='lat' dir='ltr'><strong>cst,</strong></span> <span class='ocrx_word' id='word_1_722' title='bbox 696 5325 924 5393; x_wconf 82' lang='lat' dir='ltr'><strong>perextremum</strong></span> <span class='ocrx_word' id='word_1_723' title='bbox 978 5319 1094 5390; x_wconf 90' lang='lat' dir='ltr'><strong>nentur)</strong></span> <span class='ocrx_word' id='word_1_724' title='bbox 1110 5316 1292 5388; x_wconf 80' lang='lat' dir='ltr'><strong>accipiamus,</strong></span> <span class='ocrx_word' id='word_1_725' title='bbox 1308 5315 1457 5386; x_wconf 75' lang='lat' dir='ltr'><strong>querendi</strong></span> <span class='ocrx_word' id='word_1_726' title='bbox 1471 5321 1537 5372; x_wconf 86' lang='lat' dir='ltr'><strong>sunt</strong></span> <span class='ocrx_word' id='word_1_727' title='bbox 1552 5317 1630 5373; x_wconf 92' lang='lat' dir='ltr'><strong>modi</strong></span> <span class='ocrx_word' id='word_1_728' title='bbox 1652 5317 1829 5374; x_wconf 90' lang='lat' dir='ltr'><strong>locutionum</strong></span> 
     </span>
     <span class='ocr_line' id='line_1_58' title="bbox 80 5404 1487 5484; baseline -0.011 -12"><span class='ocrx_word' id='word_1_729' title='bbox 80 5434 103 5472; x_wconf 81' lang='grc' dir='ltr'><strong>ιι</strong></span> <span class='ocrx_word' id='word_1_730' title='bbox 126 5415 262 5474; x_wconf 85' lang='lat' dir='ltr'><strong>scribitur</strong></span> <span class='ocrx_word' id='word_1_731' title='bbox 280 5414 406 5481; x_wconf 84' lang='lat' dir='ltr'><strong>Gessem,</strong></span> <span class='ocrx_word' id='word_1_732' title='bbox 428 5411 504 5484; x_wconf 92' lang='lat' dir='ltr'><strong>quod</strong></span> <span class='ocrx_word' id='word_1_733' title='bbox 525 5409 597 5466; x_wconf 91' lang='lat' dir='ltr'><strong>mibi</strong></span> <span class='ocrx_word' id='word_1_734' title='bbox 628 5424 811 5483; x_wconf 87' lang='lat' dir='ltr'><strong>nequaquem</strong></span> <span class='ocrx_word' id='word_1_735' title='bbox 832 5408 925 5480; x_wconf 88' lang='lat' dir='ltr'><strong>piacet</strong></span> <span class='ocrx_word' id='word_1_736' title='bbox 978 5407 1009 5464; x_wconf 93' lang='lat' dir='ltr'><strong>in</strong></span> <span class='ocrx_word' id='word_1_737' title='bbox 1023 5404 1187 5479; x_wconf 87' lang='lat' dir='ltr'><strong>Scripturis.</strong></span> <span class='ocrx_word' id='word_1_738' title='bbox 1485 5467 1487 5471; x_wconf 23' lang='lat'>¹</span> 
     </span>
     <span class='ocr_line' id='line_1_59' title="bbox 82 5492 1829 5577; baseline -0.005 -16"><span class='ocrx_word' id='word_1_739' title='bbox 82 5502 363 5577; x_wconf 82' lang='lat' dir='ltr'><strong>terramsiguiiicare</strong></span> <span class='ocrx_word' id='word_1_740' title='bbox 385 5499 561 5572; x_wconf 85' lang='lat' dir='ltr'><strong>complutam</strong></span> <span class='ocrx_word' id='word_1_741' title='bbox 588 5498 700 5554; x_wconf 84' lang='lat' dir='ltr'><strong>Cessem</strong></span> <span class='ocrx_word' id='word_1_742' title='bbox 724 5497 801 5552; x_wconf 87' lang='lat' dir='ltr'><strong>enim</strong></span> <span class='ocrx_word' id='word_1_743' title='bbox 830 5495 859 5550; x_wconf 86' lang='lat' dir='ltr'><strong>in</strong></span> <span class='ocrx_word' id='word_1_744' title='bbox 876 5498 926 5550; x_wconf 82' lang='lat' dir='ltr'><strong>im·</strong></span> <span class='ocrx_word' id='word_1_745' title='bbox 1016 5495 1095 5549; x_wconf 83' lang='lat' dir='ltr'><strong>l&#39;ans.</strong></span> <span class='ocrx_word' id='word_1_746' title='bbox 1112 5497 1207 5549; x_wconf 65' lang='lat' dir='ltr'><strong>th·-</strong></span> <span class='ocrx_word' id='word_1_747' title='bbox 1224 5492 1424 5550; x_wconf 74' lang='lat' dir='ltr'><strong>«Filiiautem</strong></span> <span class='ocrx_word' id='word_1_748' title='bbox 1448 5494 1591 5566; x_wconf 69' lang='lat' dir='ltr'><strong>loseph»</strong></span> <span class='ocrx_word' id='word_1_749' title='bbox 1621 5502 1673 5551; x_wconf 91' lang='lat' dir='ltr'><strong>ete.</strong></span> <span class='ocrx_word' id='word_1_750' title='bbox 1702 5496 1829 5568; x_wconf 84' lang='lat' dir='ltr'><strong>(llruueu.</strong></span> 
     </span>
    </p>
   </div>
   <div class='ocr_carea' id='block_1_8' title="bbox 0 0 1967 6100">
    <p class='ocr_par' dir='ltr' id='par_1_10' title="bbox 0 0 1967 6100">
     <span class='ocr_line' id='line_1_60' title="bbox 0 0 1967 6100; baseline 0 0"><span class='ocrx_word' id='word_1_751' title='bbox 0 0 1967 6100; x_wconf 95' lang='lat' dir='ltr'><strong> </strong></span> 
     </span>
    </p>
   </div>
  </div>
 </body>
</html>
