<?xml version="1.0" encoding="UTF-8"?>
<!DOCTYPE html PUBLIC "-//W3C//DTD XHTML 1.0 Transitional//EN"
    "http://www.w3.org/TR/xhtml1/DTD/xhtml1-transitional.dtd">
<html xmlns="http://www.w3.org/1999/xhtml" xml:lang="en" lang="en">
 <head>
  <title>
</title>
<meta http-equiv="Content-Type" content="text/html;charset=utf-8" />
  <meta name='ocr-system' content='tesseract 3.04.00' />
  <meta name='ocr-capabilities' content='ocr_page ocr_carea ocr_par ocr_line ocrx_word'/>
</head>
<body>
  <div class='ocr_page' id='page_1' title='image "./patrologiaecurs04migngoog_0181.png"; bbox 0 0 3892 6106; ppageno 0'>
   <div class='ocr_carea' id='block_1_1' title="bbox 75 240 1833 313">
    <p class='ocr_par' dir='ltr' id='par_1_1' title="bbox 75 240 1833 313">
     <span class='ocr_line' id='line_1_1' title="bbox 75 240 1833 313; baseline -0.01 0"><span class='ocrx_word' id='word_1_1' title='bbox 75 260 124 313; x_wconf 80' lang='lat'>351</span> <span class='ocrx_word' id='word_1_2' title='bbox 382 253 578 310; x_wconf 72' lang='lat' dir='ltr'>walarum}</span> <span class='ocrx_word' id='word_1_3' title='bbox 597 250 722 308; x_wconf 76' lang='lat' dir='ltr'>stauai</span> <span class='ocrx_word' id='word_1_4' title='bbox 741 250 842 306; x_wconf 76' lang='lat' dir='ltr'>ruho.</span> <span class='ocrx_word' id='word_1_5' title='bbox 863 250 944 304; x_wconf 85' lang='lat' dir='ltr'>llOil.</span> <span class='ocrx_word' id='word_1_6' title='bbox 964 248 1044 305; x_wconf 87' lang='lat' dir='ltr'>OPP.</span> <span class='ocrx_word' id='word_1_7' title='bbox 1069 247 1157 304; x_wconf 73' lang='lat' dir='ltr'><strong>PARS</strong></span> <span class='ocrx_word' id='word_1_8' title='bbox 1176 244 1198 299; x_wconf 91' lang='lat'>1.</span> <span class='ocrx_word' id='word_1_9' title='bbox 1218 273 1253 283; x_wconf 90' lang='lat'><em>-</em></span> <span class='ocrx_word' id='word_1_10' title='bbox 1271 240 1500 299; x_wconf 65' lang='lat' dir='ltr'>&#39;innotuerat</span> <span class='ocrx_word' id='word_1_11' title='bbox 1779 243 1833 296; x_wconf 79' lang='lat'>352</span> 
     </span>
    </p>
   </div>
   <div class='ocr_carea' id='block_1_2' title="bbox 109 361 1832 447">
    <p class='ocr_par' dir='ltr' id='par_1_2' title="bbox 109 361 1832 447">
     <span class='ocr_line' id='line_1_2' title="bbox 109 361 1832 447; baseline -0.01 -13"><span class='ocrx_word' id='word_1_12' title='bbox 109 381 191 435; x_wconf 83' lang='lat' dir='ltr'>Vens.</span> <span class='ocrx_word' id='word_1_13' title='bbox 210 381 251 434; x_wconf 79' lang='lat' dir='ltr'>le.</span> <span class='ocrx_word' id='word_1_14' title='bbox 268 408 302 418; x_wconf 92' lang='lat'>-</span> <span class='ocrx_word' id='word_1_15' title='bbox 316 379 374 435; x_wconf 89' lang='lat' dir='ltr'>Non</span> <span class='ocrx_word' id='word_1_16' title='bbox 389 391 495 447; x_wconf 72' lang='lat' dir='ltr'>queres</span> <span class='ocrx_word' id='word_1_17' title='bbox 509 377 648 430; x_wconf 82' lang='lat' dir='ltr'>uttionem.</span> <span class='ocrx_word' id='word_1_18' title='bbox 665 374 695 429; x_wconf 95' lang='lat' dir='ltr'>ld</span> <span class='ocrx_word' id='word_1_19' title='bbox 715 378 766 439; x_wconf 90' lang='lat' dir='ltr'>est,</span> <span class='ocrx_word' id='word_1_20' title='bbox 789 387 825 426; x_wconf 90' lang='lat' dir='ltr'>ne</span> <span class='ocrx_word' id='word_1_21' title='bbox 851 370 961 426; x_wconf 76' lang='lat' dir='ltr'>ulei-A</span> <span class='ocrx_word' id='word_1_22' title='bbox 979 370 1139 434; x_wconf 74' lang='lat' dir='ltr'>Matthaeus,</span> <span class='ocrx_word' id='word_1_23' title='bbox 1155 364 1285 422; x_wconf 77' lang='lat' dir='ltr'>distinxit</span> <span class='ocrx_word' id='word_1_24' title='bbox 1299 364 1413 436; x_wconf 78' lang='lat' dir='ltr'>(Metti.</span> <span class='ocrx_word' id='word_1_25' title='bbox 1427 363 1455 432; x_wconf 91' lang='grc' dir='ltr'>ι).</span> <span class='ocrx_word' id='word_1_26' title='bbox 1478 363 1584 428; x_wconf 82' lang='lat' dir='ltr'>Quarto</span> <span class='ocrx_word' id='word_1_27' title='bbox 1608 377 1684 416; x_wconf 90' lang='lat' dir='ltr'>anno</span> <span class='ocrx_word' id='word_1_28' title='bbox 1704 361 1832 416; x_wconf 82' lang='lat' dir='ltr'>fraretum</span> 
     </span>
    </p>
   </div>
   <div class='ocr_carea' id='block_1_3' title="bbox 70 451 1832 4869">
    <p class='ocr_par' dir='ltr' id='par_1_3' title="bbox 73 451 1832 888">
     <span class='ocr_line' id='line_1_3' title="bbox 77 451 1831 537; baseline -0.012 -12"><span class='ocrx_word' id='word_1_29' title='bbox 77 468 174 525; x_wconf 88' lang='lat' dir='ltr'>scendi</span> <span class='ocrx_word' id='word_1_30' title='bbox 189 465 309 522; x_wconf 89' lang='lat' dir='ltr'>libidine</span> <span class='ocrx_word' id='word_1_31' title='bbox 338 464 456 537; x_wconf 88' lang='lat' dir='ltr'>rapiaris</span> <span class='ocrx_word' id='word_1_32' title='bbox 480 464 548 519; x_wconf 92' lang='lat' dir='ltr'>dum</span> <span class='ocrx_word' id='word_1_33' title='bbox 573 462 679 533; x_wconf 78' lang='lat' dir='ltr'>arguis,</span> <span class='ocrx_word' id='word_1_34' title='bbox 706 467 737 516; x_wconf 92' lang='lat' dir='ltr'>ut</span> <span class='ocrx_word' id='word_1_35' title='bbox 762 461 852 516; x_wconf 69' lang='lat' dir='ltr'>laetari</span> <span class='ocrx_word' id='word_1_36' title='bbox 876 460 923 515; x_wconf 88' lang='lat' dir='ltr'>vel</span> <span class='ocrx_word' id='word_1_37' title='bbox 977 458 1049 529; x_wconf 89' lang='lat' dir='ltr'>legis</span> <span class='ocrx_word' id='word_1_38' title='bbox 1064 461 1193 511; x_wconf 86' lang='lat' dir='ltr'>sanctum</span> <span class='ocrx_word' id='word_1_39' title='bbox 1213 453 1438 510; x_wconf 89' lang='lat' dir='ltr'>commendatet</span> <span class='ocrx_word' id='word_1_40' title='bbox 1457 451 1643 517; x_wconf 85' lang='lat' dir='ltr'>laudabilem,</span> <span class='ocrx_word' id='word_1_41' title='bbox 1659 455 1831 505; x_wconf 89' lang='lat' dir='ltr'>nontamen</span> 
     </span>
     <span class='ocr_line' id='line_1_4' title="bbox 73 538 1832 622; baseline -0.011 -8"><span class='ocrx_word' id='word_1_42' title='bbox 73 557 214 614; x_wconf 89' lang='lat' dir='ltr'>consolari</span> <span class='ocrx_word' id='word_1_43' title='bbox 237 555 306 610; x_wconf 88' lang='lat' dir='ltr'>velis</span> <span class='ocrx_word' id='word_1_44' title='bbox 323 556 357 609; x_wconf 93' lang='lat' dir='ltr'>da</span> <span class='ocrx_word' id='word_1_45' title='bbox 375 555 470 610; x_wconf 89' lang='lat' dir='ltr'>alieno</span> <span class='ocrx_word' id='word_1_46' title='bbox 486 553 573 618; x_wconf 92' lang='lat' dir='ltr'>malo,</span> <span class='ocrx_word' id='word_1_47' title='bbox 588 552 636 607; x_wconf 88' lang='lat' dir='ltr'>sed</span> <span class='ocrx_word' id='word_1_48' title='bbox 658 551 750 622; x_wconf 88' lang='lat' dir='ltr'>potius</span> <span class='ocrx_word' id='word_1_49' title='bbox 773 551 921 606; x_wconf 82' lang='lat' dir='ltr'>consulare</span> <span class='ocrx_word' id='word_1_50' title='bbox 976 547 1140 602; x_wconf 87' lang='lat' dir='ltr'>adhucesse</span> <span class='ocrx_word' id='word_1_51' title='bbox 1164 543 1271 599; x_wconf 78' lang='lat' dir='ltr'>iudaeis</span> <span class='ocrx_word' id='word_1_52' title='bbox 1293 541 1432 597; x_wconf 83' lang='lat' dir='ltr'>esibilem.</span> <span class='ocrx_word' id='word_1_53' title='bbox 1460 541 1578 594; x_wconf 80' lang='lat' dir='ltr'>Fructus</span> <span class='ocrx_word' id='word_1_54' title='bbox 1600 539 1678 594; x_wconf 91' lang='lat' dir='ltr'>enim</span> <span class='ocrx_word' id='word_1_55' title='bbox 1702 538 1775 608; x_wconf 88' lang='lat' dir='ltr'>legis</span> <span class='ocrx_word' id='word_1_56' title='bbox 1801 540 1832 594; x_wconf 91' lang='lat' dir='ltr'>in</span> 
     </span>
     <span class='ocr_line' id='line_1_5' title="bbox 74 626 1832 718; baseline -0.011 -16"><span class='ocrx_word' id='word_1_57' title='bbox 74 647 117 702; x_wconf 91' lang='lat' dir='ltr'>illi</span> <span class='ocrx_word' id='word_1_58' title='bbox 137 661 223 718; x_wconf 91' lang='lat' dir='ltr'>quem</span> <span class='ocrx_word' id='word_1_59' title='bbox 249 643 353 716; x_wconf 79' lang='lat' dir='ltr'>arguis.</span> <span class='ocrx_word' id='word_1_60' title='bbox 387 642 466 698; x_wconf 90' lang='lat' dir='ltr'>Unde</span> <span class='ocrx_word' id='word_1_61' title='bbox 494 640 651 694; x_wconf 90' lang='lat' dir='ltr'>seeundum</span> <span class='ocrx_word' id='word_1_62' title='bbox 680 641 742 695; x_wconf 77' lang='lat' dir='ltr'>Lxx</span> <span class='ocrx_word' id='word_1_63' title='bbox 768 639 919 711; x_wconf 73' lang='lat' dir='ltr'>seqa&#39;tur:</span> <span class='ocrx_word' id='word_1_64' title='bbox 976 639 1079 706; x_wconf 87' lang='lat' dir='ltr'>quarto</span> <span class='ocrx_word' id='word_1_65' title='bbox 1093 648 1179 697; x_wconf 90' lang='lat' dir='ltr'>anno,</span> <span class='ocrx_word' id='word_1_66' title='bbox 1195 631 1225 686; x_wconf 93' lang='lat' dir='ltr'>id</span> <span class='ocrx_word' id='word_1_67' title='bbox 1248 634 1290 684; x_wconf 91' lang='lat' dir='ltr'>est</span> <span class='ocrx_word' id='word_1_68' title='bbox 1314 629 1342 683; x_wconf 88' lang='lat' dir='ltr'>in</span> <span class='ocrx_word' id='word_1_69' title='bbox 1369 628 1492 682; x_wconf 77' lang='lat' dir='ltr'>adcensa</span> <span class='ocrx_word' id='word_1_70' title='bbox 1521 626 1635 692; x_wconf 75' lang='lat' dir='ltr'>Christi,</span> <span class='ocrx_word' id='word_1_71' title='bbox 1663 632 1780 681; x_wconf 90' lang='lat' dir='ltr'>sanctus</span> <span class='ocrx_word' id='word_1_72' title='bbox 1804 633 1832 682; x_wconf 91' lang='lat' dir='ltr'>at</span> 
     </span>
     <span class='ocr_line' id='line_1_6' title="bbox 73 715 1827 801; baseline -0.011 -11"><span class='ocrx_word' id='word_1_73' title='bbox 73 736 133 790; x_wconf 81' lang='lat' dir='ltr'>iton</span> <span class='ocrx_word' id='word_1_74' title='bbox 157 734 284 786; x_wconf 84' lang='lat' dir='ltr'>irasceris</span> <span class='ocrx_word' id='word_1_75' title='bbox 305 732 371 800; x_wconf 66' lang='lat' dir='ltr'>filiis</span> <span class='ocrx_word' id='word_1_76' title='bbox 393 731 489 801; x_wconf 84' lang='lat' dir='ltr'>populi</span> <span class='ocrx_word' id='word_1_77' title='bbox 517 731 568 795; x_wconf 84' lang='lat' dir='ltr'>tui,</span> <span class='ocrx_word' id='word_1_78' title='bbox 593 733 645 783; x_wconf 91' lang='lat' dir='ltr'>etc.</span> <span class='ocrx_word' id='word_1_79' title='bbox 677 727 721 783; x_wconf 86' lang='lat' dir='ltr'>Sic</span> <span class='ocrx_word' id='word_1_80' title='bbox 746 728 825 782; x_wconf 88' lang='lat' dir='ltr'>enim</span> <span class='ocrx_word' id='word_1_81' title='bbox 845 733 921 782; x_wconf 89' lang='lat' dir='ltr'>recte</span> <span class='ocrx_word' id='word_1_82' title='bbox 976 721 1136 789; x_wconf 88' lang='lat' dir='ltr'>laudabilis,</span> <span class='ocrx_word' id='word_1_83' title='bbox 1153 735 1240 791; x_wconf 91' lang='lat' dir='ltr'>quem</span> <span class='ocrx_word' id='word_1_84' title='bbox 1259 719 1393 774; x_wconf 88' lang='lat' dir='ltr'>Sanctum</span> <span class='ocrx_word' id='word_1_85' title='bbox 1418 720 1586 770; x_wconf 89' lang='lat' dir='ltr'>sanctorum</span> <span class='ocrx_word' id='word_1_86' title='bbox 1612 715 1746 779; x_wconf 82' lang='lat' dir='ltr'>iaciebat,</span> <span class='ocrx_word' id='word_1_87' title='bbox 1775 732 1827 770; x_wconf 91' lang='lat' dir='ltr'>cu-</span> 
     </span>
     <span class='ocr_line' id='line_1_7' title="bbox 73 803 1825 888; baseline -0.011 -16"><span class='ocrx_word' id='word_1_88' title='bbox 73 819 117 874; x_wconf 85' lang='lat' dir='ltr'>ira</span> <span class='ocrx_word' id='word_1_89' title='bbox 131 817 247 872; x_wconf 84' lang='lat' dir='ltr'>definita</span> <span class='ocrx_word' id='word_1_90' title='bbox 264 821 315 884; x_wconf 89' lang='lat' dir='ltr'>est,</span> <span class='ocrx_word' id='word_1_91' title='bbox 330 814 444 888; x_wconf 83' lang='lat' dir='ltr'>quaesit</span> <span class='ocrx_word' id='word_1_92' title='bbox 459 815 612 870; x_wconf 90' lang='lat' dir='ltr'>ulciscendi</span> <span class='ocrx_word' id='word_1_93' title='bbox 629 815 726 870; x_wconf 92' lang='lat' dir='ltr'>libido.</span> <span class='ocrx_word' id='word_1_94' title='bbox 974 813 1021 884; x_wconf 86' lang='lat' dir='ltr'>jus</span> <span class='ocrx_word' id='word_1_95' title='bbox 1036 826 1123 880; x_wconf 90' lang='lat' dir='ltr'>opera</span> <span class='ocrx_word' id='word_1_96' title='bbox 1136 806 1291 863; x_wconf 80' lang='lat' dir='ltr'>laudabilia</span> <span class='ocrx_word' id='word_1_97' title='bbox 1304 812 1333 861; x_wconf 91' lang='lat' dir='ltr'>at</span> <span class='ocrx_word' id='word_1_98' title='bbox 1346 805 1480 877; x_wconf 90' lang='lat' dir='ltr'>gloriosa.</span> <span class='ocrx_word' id='word_1_99' title='bbox 1500 803 1579 859; x_wconf 89' lang='lat' dir='ltr'>Unde</span> <span class='ocrx_word' id='word_1_100' title='bbox 1604 808 1633 858; x_wconf 90' lang='lat' dir='ltr'>et</span> <span class='ocrx_word' id='word_1_101' title='bbox 1656 803 1688 857; x_wconf 90' lang='lat' dir='ltr'>in</span> <span class='ocrx_word' id='word_1_102' title='bbox 1713 805 1825 874; x_wconf 77' lang='lat' dir='ltr'>purely.</span> 
     </span>
    </p>

    <p class='ocr_par' dir='ltr' id='par_1_4' title="bbox 72 891 1830 1596">
     <span class='ocr_line' id='line_1_8' title="bbox 111 891 1819 972; baseline -0.008 -13"><span class='ocrx_word' id='word_1_103' title='bbox 111 909 191 962; x_wconf 82' lang='lat' dir='ltr'>Vens.</span> <span class='ocrx_word' id='word_1_104' title='bbox 219 910 259 961; x_wconf 83' lang='lat' dir='ltr'>re.</span> <span class='ocrx_word' id='word_1_105' title='bbox 284 935 320 945; x_wconf 92' lang='lat'><em>-</em></span> <span class='ocrx_word' id='word_1_106' title='bbox 343 909 468 960; x_wconf 78' lang='lat' dir='ltr'>iumenta</span> <span class='ocrx_word' id='word_1_107' title='bbox 485 909 542 972; x_wconf 88' lang='lat' dir='ltr'>tua,</span> <span class='ocrx_word' id='word_1_108' title='bbox 570 909 622 959; x_wconf 89' lang='lat' dir='ltr'>etc.</span> <span class='ocrx_word' id='word_1_109' title='bbox 649 907 713 960; x_wconf 80' lang='lat' dir='ltr'>llaec</span> <span class='ocrx_word' id='word_1_110' title='bbox 738 905 773 959; x_wconf 88' lang='lat' dir='ltr'>ad</span> <span class='ocrx_word' id='word_1_111' title='bbox 796 903 922 961; x_wconf 75' lang='lat' dir='ltr'>litteram</span> <span class='ocrx_word' id='word_1_112' title='bbox 976 901 1032 956; x_wconf 89' lang='lat' dir='ltr'>tice</span> <span class='ocrx_word' id='word_1_113' title='bbox 1048 900 1199 971; x_wconf 75' lang='lat' dir='ltr'>grabatum</span> <span class='ocrx_word' id='word_1_114' title='bbox 1224 899 1356 968; x_wconf 89' lang='lat' dir='ltr'>portante</span> <span class='ocrx_word' id='word_1_115' title='bbox 1376 891 1573 964; x_wconf 85' lang='lat' dir='ltr'>glorificabant</span> <span class='ocrx_word' id='word_1_116' title='bbox 1587 892 1679 947; x_wconf 80' lang='lat' dir='ltr'>[teum</span> <span class='ocrx_word' id='word_1_117' title='bbox 1706 893 1819 956; x_wconf 79' lang='lat' dir='ltr'>(Metti.</span> 
     </span>
     <span class='ocr_line' id='line_1_9' title="bbox 74 980 1820 1065; baseline -0.007 -18"><span class='ocrx_word' id='word_1_118' title='bbox 74 993 427 1060; x_wconf 80' lang='lat' dir='ltr'>videnturesseridicula‚</span> <span class='ocrx_word' id='word_1_119' title='bbox 451 1009 503 1047; x_wconf 88' lang='lat' dir='ltr'>nec</span> <span class='ocrx_word' id='word_1_120' title='bbox 527 1009 544 1047; x_wconf 87' lang='lat' dir='ltr'>a</span> <span class='ocrx_word' id='word_1_121' title='bbox 564 992 712 1064; x_wconf 86' lang='lat' dir='ltr'>prophetis</span> <span class='ocrx_word' id='word_1_122' title='bbox 736 997 764 1046; x_wconf 92' lang='lat' dir='ltr'>et</span> <span class='ocrx_word' id='word_1_123' title='bbox 785 992 921 1065; x_wconf 74' lang='lat' dir='ltr'>spt&#39;ritua-</span> <span class='ocrx_word' id='word_1_124' title='bbox 976 988 1036 1060; x_wconf 76' lang='lat' dir='ltr'>au),</span> <span class='ocrx_word' id='word_1_125' title='bbox 1065 987 1115 1059; x_wconf 92' lang='lat' dir='ltr'>qui</span> <span class='ocrx_word' id='word_1_126' title='bbox 1139 985 1219 1041; x_wconf 85' lang='lat' dir='ltr'>dedit</span> <span class='ocrx_word' id='word_1_127' title='bbox 1244 984 1330 1039; x_wconf 90' lang='lat' dir='ltr'>talem</span> <span class='ocrx_word' id='word_1_128' title='bbox 1358 986 1526 1055; x_wconf 89' lang='lat' dir='ltr'>potestatem</span> <span class='ocrx_word' id='word_1_129' title='bbox 1553 981 1743 1035; x_wconf 80' lang='lat' dir='ltr'>hominibus:</span> <span class='ocrx_word' id='word_1_130' title='bbox 1772 980 1820 1034; x_wconf 87' lang='lat' dir='ltr'>sed</span> 
     </span>
     <span class='ocr_line' id='line_1_10' title="bbox 73 1068 1819 1148; baseline -0.009 -11"><span class='ocrx_word' id='word_1_131' title='bbox 73 1083 147 1137; x_wconf 90' lang='lat' dir='ltr'>libus</span> <span class='ocrx_word' id='word_1_132' title='bbox 163 1081 229 1135; x_wconf 79' lang='lat' dir='ltr'>viris</span> <span class='ocrx_word' id='word_1_133' title='bbox 245 1087 311 1135; x_wconf 91' lang='lat' dir='ltr'>sunt</span> <span class='ocrx_word' id='word_1_134' title='bbox 324 1081 481 1136; x_wconf 84' lang='lat' dir='ltr'>observata.</span> <span class='ocrx_word' id='word_1_135' title='bbox 499 1081 579 1136; x_wconf 88' lang='lat' dir='ltr'>Unde</span> <span class='ocrx_word' id='word_1_136' title='bbox 599 1081 686 1135; x_wconf 80' lang='lat' dir='ltr'>llarid</span> <span class='ocrx_word' id='word_1_137' title='bbox 712 1080 781 1136; x_wconf 89' lang='lat' dir='ltr'>dicit</span> <span class='ocrx_word' id='word_1_138' title='bbox 797 1097 803 1134; x_wconf 95' lang='lat'>:</span> <span class='ocrx_word' id='word_1_139' title='bbox 833 1082 920 1148; x_wconf 82' lang='lat' dir='ltr'>Ponit,</span> <span class='ocrx_word' id='word_1_140' title='bbox 976 1071 1488 1142; x_wconf 79' lang='lat' dir='ltr'>nondumedebetJudaeus,quianoa</span> <span class='ocrx_word' id='word_1_141' title='bbox 1500 1084 1664 1123; x_wconf 82' lang='lat' dir='ltr'>conversas.</span> <span class='ocrx_word' id='word_1_142' title='bbox 1676 1069 1709 1122; x_wconf 90' lang='lat' dir='ltr'>ln</span> <span class='ocrx_word' id='word_1_143' title='bbox 1721 1068 1819 1139; x_wconf 87' lang='lat' dir='ltr'>quinto</span> 
     </span>
     <span class='ocr_line' id='line_1_11' title="bbox 72 1155 1826 1240; baseline -0.008 -16"><span class='ocrx_word' id='word_1_144' title='bbox 72 1172 159 1240; x_wconf 67' lang='lat' dir='ltr'>filicem</span> <span class='ocrx_word' id='word_1_145' title='bbox 174 1186 262 1224; x_wconf 85' lang='lat' dir='ltr'>meum</span> <span class='ocrx_word' id='word_1_146' title='bbox 282 1171 448 1226; x_wconf 83' lang='lat' dir='ltr'>Salomonem</span> <span class='ocrx_word' id='word_1_147' title='bbox 466 1173 496 1224; x_wconf 86' lang='lat' dir='ltr'>iu</span> <span class='ocrx_word' id='word_1_148' title='bbox 512 1171 614 1225; x_wconf 80' lang='lat' dir='ltr'>mictum</span> <span class='ocrx_word' id='word_1_149' title='bbox 636 1185 723 1224; x_wconf 85' lang='lat' dir='ltr'>mcum</span> <span class='ocrx_word' id='word_1_150' title='bbox 743 1170 837 1240; x_wconf 81' lang='lat' dir='ltr'>(Ecclt.</span> <span class='ocrx_word' id='word_1_151' title='bbox 862 1186 919 1236; x_wconf 78' lang='lat' dir='ltr'>xix,</span> <span class='ocrx_word' id='word_1_152' title='bbox 976 1181 1043 1220; x_wconf 79' lang='lat' dir='ltr'>vero</span> <span class='ocrx_word' id='word_1_153' title='bbox 1058 1180 1145 1230; x_wconf 90' lang='lat' dir='ltr'>anno,</span> <span class='ocrx_word' id='word_1_154' title='bbox 1159 1162 1189 1217; x_wconf 91' lang='lat' dir='ltr'>id</span> <span class='ocrx_word' id='word_1_155' title='bbox 1208 1166 1251 1216; x_wconf 92' lang='lat' dir='ltr'>est</span> <span class='ocrx_word' id='word_1_156' title='bbox 1277 1159 1499 1233; x_wconf 78' lang='lat' dir='ltr'>predicantibus</span> <span class='ocrx_word' id='word_1_157' title='bbox 1525 1156 1674 1229; x_wconf 89' lang='lat' dir='ltr'>apostolis,</span> <span class='ocrx_word' id='word_1_158' title='bbox 1702 1155 1826 1211; x_wconf 83' lang='lat' dir='ltr'>tructam</span> 
     </span>
     <span class='ocr_line' id='line_1_12' title="bbox 77 1248 1558 1329; baseline -0.008 -15"><span class='ocrx_word' id='word_1_159' title='bbox 77 1258 224 1329; x_wconf 85' lang='lat' dir='ltr'>Oportebit</span> <span class='ocrx_word' id='word_1_160' title='bbox 241 1263 346 1324; x_wconf 89' lang='lat' dir='ltr'>autem,</span> <span class='ocrx_word' id='word_1_161' title='bbox 361 1259 516 1312; x_wconf 83' lang='lat' dir='ltr'>secundum</span> <span class='ocrx_word' id='word_1_162' title='bbox 533 1259 656 1312; x_wconf 81' lang='lat' dir='ltr'>litteram</span> <span class='ocrx_word' id='word_1_163' title='bbox 684 1274 718 1312; x_wconf 90' lang='lat' dir='ltr'>ea</span> <span class='ocrx_word' id='word_1_164' title='bbox 737 1274 801 1328; x_wconf 73' lang='lat' dir='ltr'>qnae</span> <span class='ocrx_word' id='word_1_165' title='bbox 816 1273 851 1312; x_wconf 87' lang='lat' dir='ltr'>ex</span> <span class='ocrx_word' id='word_1_166' title='bbox 872 1259 923 1313; x_wconf 91' lang='lat' dir='ltr'>tali</span> <span class='ocrx_word' id='word_1_167' title='bbox 976 1255 1039 1326; x_wconf 88' lang='lat' dir='ltr'>ejus</span> <span class='ocrx_word' id='word_1_168' title='bbox 1053 1252 1175 1308; x_wconf 85' lang='lat' dir='ltr'>ederunt</span> <span class='ocrx_word' id='word_1_169' title='bbox 1187 1251 1352 1323; x_wconf 79' lang='lat' dir='ltr'>quicunque</span> <span class='ocrx_word' id='word_1_170' title='bbox 1366 1248 1558 1303; x_wconf 86' lang='lat' dir='ltr'>crediderant.</span> 
     </span>
     <span class='ocr_line' id='line_1_13' title="bbox 77 1336 1826 1414; baseline -0.009 -12"><span class='ocrx_word' id='word_1_171' title='bbox 77 1346 275 1402; x_wconf 82' lang='lat' dir='ltr'>commistione</span> <span class='ocrx_word' id='word_1_172' title='bbox 292 1346 499 1414; x_wconf 87' lang='lat' dir='ltr'>nascebantur,</span> <span class='ocrx_word' id='word_1_173' title='bbox 523 1346 692 1401; x_wconf 89' lang='lat' dir='ltr'>abominari.</span> <span class='ocrx_word' id='word_1_174' title='bbox 721 1346 820 1402; x_wconf 87' lang='lat' dir='ltr'>Unde:</span> <span class='ocrx_word' id='word_1_175' title='bbox 858 1349 922 1402; x_wconf 85' lang='lat' dir='ltr'>illu-</span> <span class='ocrx_word' id='word_1_176' title='bbox 1014 1345 1047 1398; x_wconf 83' lang='lat' dir='ltr'>lit</span> <span class='ocrx_word' id='word_1_177' title='bbox 1072 1342 1275 1412; x_wconf 64' lang='lat' dir='ltr'>praeciaentes,</span> <span class='ocrx_word' id='word_1_178' title='bbox 1304 1343 1358 1392; x_wconf 93' lang='lat' dir='ltr'>etc.</span> <span class='ocrx_word' id='word_1_179' title='bbox 1388 1338 1504 1409; x_wconf 68' lang='lat' dir='ltr'>(Gaea,</span> <span class='ocrx_word' id='word_1_180' title='bbox 1533 1352 1581 1391; x_wconf 83' lang='lat' dir='ltr'>vau</span> <span class='ocrx_word' id='word_1_181' title='bbox 1609 1336 1726 1403; x_wconf 78' lang='lat' dir='ltr'>Morat,</span> <span class='ocrx_word' id='word_1_182' title='bbox 1763 1351 1826 1405; x_wconf 89' lang='lat' dir='ltr'>cap.</span> 
     </span>
     <span class='ocr_line' id='line_1_14' title="bbox 75 1423 1830 1506; baseline -0.009 -15"><span class='ocrx_word' id='word_1_183' title='bbox 75 1437 125 1492; x_wconf 85' lang='lat' dir='ltr'>tier</span> <span class='ocrx_word' id='word_1_184' title='bbox 149 1453 253 1506; x_wconf 82' lang='lat' dir='ltr'>quoque</span> <span class='ocrx_word' id='word_1_185' title='bbox 273 1437 483 1502; x_wconf 78' lang='lat' dir='ltr'>sortisiaomiet</span> <span class='ocrx_word' id='word_1_186' title='bbox 498 1437 589 1490; x_wconf 84' lang='lat' dir='ltr'>lunum</span> <span class='ocrx_word' id='word_1_187' title='bbox 604 1436 738 1502; x_wconf 71' lang='lat' dir='ltr'>etlilium,</span> <span class='ocrx_word' id='word_1_188' title='bbox 761 1437 786 1489; x_wconf 89' lang='lat' dir='ltr'>et</span> <span class='ocrx_word' id='word_1_189' title='bbox 811 1440 923 1506; x_wconf 85' lang='lat' dir='ltr'>operatu</span> <span class='ocrx_word' id='word_1_190' title='bbox 978 1433 1035 1500; x_wconf 77' lang='grc'>35.)</span> <span class='ocrx_word' id='word_1_191' title='bbox 1060 1431 1149 1502; x_wconf 88' lang='lat' dir='ltr'>Ligna</span> <span class='ocrx_word' id='word_1_192' title='bbox 1177 1428 1329 1500; x_wconf 82' lang='lat' dir='ltr'>pomifera,</span> <span class='ocrx_word' id='word_1_193' title='bbox 1360 1431 1425 1492; x_wconf 72' lang='lat' dir='ltr'>etc,</span> <span class='ocrx_word' id='word_1_194' title='bbox 1449 1441 1535 1496; x_wconf 85' lang='lat' dir='ltr'>usque</span> <span class='ocrx_word' id='word_1_195' title='bbox 1561 1425 1599 1479; x_wconf 81' lang='lat' dir='ltr'>ud</span> <span class='ocrx_word' id='word_1_196' title='bbox 1621 1423 1651 1478; x_wconf 91' lang='lat' dir='ltr'>in</span> <span class='ocrx_word' id='word_1_197' title='bbox 1679 1423 1830 1495; x_wconf 80' lang='lat' dir='ltr'>praesentis</span> 
     </span>
     <span class='ocr_line' id='line_1_15' title="bbox 73 1517 1289 1596; baseline -0.007 -17"><span class='ocrx_word' id='word_1_198' title='bbox 73 1531 114 1580; x_wconf 81' lang='lat' dir='ltr'>est</span> <span class='ocrx_word' id='word_1_199' title='bbox 132 1527 197 1580; x_wconf 84' lang='lat' dir='ltr'>utile</span> <span class='ocrx_word' id='word_1_200' title='bbox 210 1524 334 1580; x_wconf 84' lang='lat' dir='ltr'>manibus</span> <span class='ocrx_word' id='word_1_201' title='bbox 347 1528 404 1579; x_wconf 83' lang='lat' dir='ltr'>suis</span> <span class='ocrx_word' id='word_1_202' title='bbox 419 1523 514 1596; x_wconf 86' lang='lat' dir='ltr'>(Proo.</span> <span class='ocrx_word' id='word_1_203' title='bbox 529 1523 613 1594; x_wconf 80' lang='lat' dir='ltr'>xxxa).</span> <span class='ocrx_word' id='word_1_204' title='bbox 977 1521 1043 1575; x_wconf 76' lang='lat' dir='ltr'>ritae</span> <span class='ocrx_word' id='word_1_205' title='bbox 1060 1523 1142 1574; x_wconf 91' lang='lat' dir='ltr'>nocte</span> <span class='ocrx_word' id='word_1_206' title='bbox 1154 1517 1289 1590; x_wconf 84' lang='lat' dir='ltr'>gaudere.</span> 
     </span>
    </p>

    <p class='ocr_par' dir='ltr' id='par_1_5' title="bbox 75 1601 1829 2123">
     <span class='ocr_line' id='line_1_16' title="bbox 114 1601 1828 1681; baseline -0.006 -15"><span class='ocrx_word' id='word_1_207' title='bbox 114 1614 197 1669; x_wconf 85' lang='lat' dir='ltr'>Vens.</span> <span class='ocrx_word' id='word_1_208' title='bbox 215 1614 260 1667; x_wconf 75' lang='lat'>20.</span> <span class='ocrx_word' id='word_1_209' title='bbox 276 1613 406 1667; x_wconf 88' lang='lat' dir='ltr'>—Homo</span> <span class='ocrx_word' id='word_1_210' title='bbox 421 1615 447 1667; x_wconf 86' lang='lat' dir='ltr'>si</span> <span class='ocrx_word' id='word_1_211' title='bbox 467 1612 617 1680; x_wconf 84' lang='lat' dir='ltr'>dormierit,</span> <span class='ocrx_word' id='word_1_212' title='bbox 645 1616 697 1666; x_wconf 90' lang='lat' dir='ltr'>etc.</span> <span class='ocrx_word' id='word_1_213' title='bbox 728 1611 832 1681; x_wconf 85' lang='lat' dir='ltr'>(lsrcn.)</span> <span class='ocrx_word' id='word_1_214' title='bbox 854 1613 923 1668; x_wconf 88' lang='lat' dir='ltr'>Cum</span> <span class='ocrx_word' id='word_1_215' title='bbox 1013 1610 1095 1664; x_wconf 85' lang='lat' dir='ltr'>Vana.</span> <span class='ocrx_word' id='word_1_216' title='bbox 1112 1611 1156 1663; x_wconf 74' lang='grc'>26.</span> <span class='ocrx_word' id='word_1_217' title='bbox 1173 1637 1208 1647; x_wconf 93' lang='lat'>-</span> <span class='ocrx_word' id='word_1_218' title='bbox 1222 1607 1282 1662; x_wconf 87' lang='lat' dir='ltr'>Non</span> <span class='ocrx_word' id='word_1_219' title='bbox 1296 1603 1447 1666; x_wconf 83' lang='lat' dir='ltr'>comedetis,</span> <span class='ocrx_word' id='word_1_220' title='bbox 1461 1608 1514 1658; x_wconf 89' lang='lat' dir='ltr'>etc.</span> <span class='ocrx_word' id='word_1_221' title='bbox 1538 1603 1641 1657; x_wconf 85' lang='lat' dir='ltr'>Totum</span> <span class='ocrx_word' id='word_1_222' title='bbox 1661 1601 1828 1658; x_wconf 77' lang='lat' dir='ltr'>Iudaeorum</span> 
     </span>
     <span class='ocr_line' id='line_1_17' title="bbox 75 1689 1829 1775; baseline -0.008 -18"><span class='ocrx_word' id='word_1_223' title='bbox 75 1701 243 1775; x_wconf 90' lang='lat' dir='ltr'>prohiberet</span> <span class='ocrx_word' id='word_1_224' title='bbox 262 1701 394 1772; x_wconf 85' lang='lat' dir='ltr'>jumenta</span> <span class='ocrx_word' id='word_1_225' title='bbox 417 1700 530 1755; x_wconf 86' lang='lat' dir='ltr'>misceri</span> <span class='ocrx_word' id='word_1_226' title='bbox 551 1716 617 1754; x_wconf 79' lang='lat' dir='ltr'>carm</span> <span class='ocrx_word' id='word_1_227' title='bbox 641 1700 781 1772; x_wconf 84' lang='lat' dir='ltr'>jumentis</span> <span class='ocrx_word' id='word_1_228' title='bbox 806 1700 923 1756; x_wconf 89' lang='lat' dir='ltr'>alterius</span> <span class='ocrx_word' id='word_1_229' title='bbox 978 1703 1008 1753; x_wconf 88' lang='lat' dir='ltr'>et</span> <span class='ocrx_word' id='word_1_230' title='bbox 1021 1696 1173 1769; x_wconf 92' lang='lat' dir='ltr'>gentilium</span> <span class='ocrx_word' id='word_1_231' title='bbox 1187 1695 1262 1750; x_wconf 86' lang='lat' dir='ltr'>radit</span> <span class='ocrx_word' id='word_1_232' title='bbox 1279 1694 1463 1748; x_wconf 88' lang='lat' dir='ltr'>fermentum.</span> <span class='ocrx_word' id='word_1_233' title='bbox 1490 1691 1569 1748; x_wconf 90' lang='lat' dir='ltr'>Unde</span> <span class='ocrx_word' id='word_1_234' title='bbox 1594 1706 1671 1745; x_wconf 91' lang='lat' dir='ltr'>nnnc</span> <span class='ocrx_word' id='word_1_235' title='bbox 1694 1689 1829 1762; x_wconf 87' lang='lat' dir='ltr'>prohibet</span> 
     </span>
     <span class='ocr_line' id='line_1_18' title="bbox 77 1781 1654 1861; baseline -0.006 -18"><span class='ocrx_word' id='word_1_236' title='bbox 77 1789 201 1861; x_wconf 90' lang='lat' dir='ltr'>generis,</span> <span class='ocrx_word' id='word_1_237' title='bbox 218 1804 266 1841; x_wconf 89' lang='lat' dir='ltr'>eos</span> <span class='ocrx_word' id='word_1_238' title='bbox 278 1787 385 1843; x_wconf 87' lang='lat' dir='ltr'>scilicet</span> <span class='ocrx_word' id='word_1_239' title='bbox 399 1787 448 1859; x_wconf 89' lang='lat' dir='ltr'>qui</span> <span class='ocrx_word' id='word_1_240' title='bbox 462 1791 529 1842; x_wconf 81' lang='lat' dir='ltr'>saint</span> <span class='ocrx_word' id='word_1_241' title='bbox 541 1787 593 1842; x_wconf 91' lang='lat' dir='ltr'>sub</span> <span class='ocrx_word' id='word_1_242' title='bbox 615 1787 682 1857; x_wconf 83' lang='lat' dir='ltr'>jugo</span> <span class='ocrx_word' id='word_1_243' title='bbox 706 1786 811 1843; x_wconf 87' lang='lat' dir='ltr'>Christi</span> <span class='ocrx_word' id='word_1_244' title='bbox 835 1788 923 1841; x_wconf 87' lang='lat' dir='ltr'>susci·</span> <span class='ocrx_word' id='word_1_245' title='bbox 978 1803 995 1842; x_wconf 93' lang='lat' dir='ltr'>a</span> <span class='ocrx_word' id='word_1_246' title='bbox 1009 1786 1081 1857; x_wconf 89' lang='lat' dir='ltr'>legis</span> <span class='ocrx_word' id='word_1_247' title='bbox 1101 1784 1247 1851; x_wconf 75' lang='lat' dir='ltr'>servitute,</span> <span class='ocrx_word' id='word_1_248' title='bbox 1263 1799 1339 1837; x_wconf 88' lang='lat' dir='ltr'>nunc</span> <span class='ocrx_word' id='word_1_249' title='bbox 1352 1799 1369 1836; x_wconf 90' lang='lat' dir='ltr'>a</span> <span class='ocrx_word' id='word_1_250' title='bbox 1383 1781 1535 1852; x_wconf 88' lang='lat' dir='ltr'>gentilium</span> <span class='ocrx_word' id='word_1_251' title='bbox 1548 1796 1654 1835; x_wconf 89' lang='lat' dir='ltr'>errore.</span> 
     </span>
     <span class='ocr_line' id='line_1_19' title="bbox 78 1867 1829 1950; baseline -0.006 -18"><span class='ocrx_word' id='word_1_252' title='bbox 78 1893 147 1950; x_wconf 88' lang='lat' dir='ltr'>pere</span> <span class='ocrx_word' id='word_1_253' title='bbox 157 1877 262 1947; x_wconf 90' lang='lat' dir='ltr'>jugum</span> <span class='ocrx_word' id='word_1_254' title='bbox 276 1874 348 1945; x_wconf 89' lang='lat' dir='ltr'>legis</span> <span class='ocrx_word' id='word_1_255' title='bbox 367 1891 373 1929; x_wconf 95' lang='lat'>:</span> <span class='ocrx_word' id='word_1_256' title='bbox 390 1880 550 1947; x_wconf 89' lang='lat' dir='ltr'>opportune</span> <span class='ocrx_word' id='word_1_257' title='bbox 565 1875 618 1929; x_wconf 92' lang='lat' dir='ltr'>hoc</span> <span class='ocrx_word' id='word_1_258' title='bbox 634 1874 762 1929; x_wconf 90' lang='lat' dir='ltr'>subdidit</span> <span class='ocrx_word' id='word_1_259' title='bbox 771 1875 924 1929; x_wconf 89' lang='lat' dir='ltr'>ostendens</span> <span class='ocrx_word' id='word_1_260' title='bbox 1015 1875 1110 1946; x_wconf 80' lang='lat' dir='ltr'>(Arra.)</span> <span class='ocrx_word' id='word_1_261' title='bbox 1124 1875 1185 1929; x_wconf 85' lang='lat' dir='ltr'>Non</span> <span class='ocrx_word' id='word_1_262' title='bbox 1200 1872 1350 1927; x_wconf 89' lang='lat' dir='ltr'>comedere</span> <span class='ocrx_word' id='word_1_263' title='bbox 1374 1886 1461 1941; x_wconf 89' lang='lat' dir='ltr'>super</span> <span class='ocrx_word' id='word_1_264' title='bbox 1487 1874 1611 1936; x_wconf 89' lang='lat' dir='ltr'>montes,</span> <span class='ocrx_word' id='word_1_265' title='bbox 1632 1871 1675 1923; x_wconf 87' lang='lat' dir='ltr'>est</span> <span class='ocrx_word' id='word_1_266' title='bbox 1696 1867 1829 1940; x_wconf 81' lang='lat' dir='ltr'>superbis</span> 
     </span>
     <span class='ocr_line' id='line_1_20' title="bbox 78 1956 1828 2037; baseline -0.005 -18"><span class='ocrx_word' id='word_1_267' title='bbox 78 1965 191 2037; x_wconf 87' lang='lat' dir='ltr'>quiaet</span> <span class='ocrx_word' id='word_1_268' title='bbox 213 1967 279 2018; x_wconf 87' lang='lat' dir='ltr'>ante</span> <span class='ocrx_word' id='word_1_269' title='bbox 300 1963 454 2018; x_wconf 85' lang='lat' dir='ltr'>adrentum</span> <span class='ocrx_word' id='word_1_270' title='bbox 479 1964 582 2019; x_wconf 87' lang='lat' dir='ltr'>Christi</span> <span class='ocrx_word' id='word_1_271' title='bbox 610 1964 774 2036; x_wconf 89' lang='lat' dir='ltr'>quicunque</span> <span class='ocrx_word' id='word_1_272' title='bbox 799 1964 924 2019; x_wconf 86' lang='lat' dir='ltr'>exterius</span> <span class='ocrx_word' id='word_1_273' title='bbox 978 1962 1201 2035; x_wconf 85' lang='lat' dir='ltr'>cogitationibus</span> <span class='ocrx_word' id='word_1_274' title='bbox 1216 1977 1272 2015; x_wconf 91' lang='lat' dir='ltr'>non</span> <span class='ocrx_word' id='word_1_275' title='bbox 1299 1958 1387 2032; x_wconf 84' lang='lat' dir='ltr'>pasci,</span> <span class='ocrx_word' id='word_1_276' title='bbox 1412 1960 1446 2014; x_wconf 91' lang='lat' dir='ltr'>de</span> <span class='ocrx_word' id='word_1_277' title='bbox 1470 1958 1574 2030; x_wconf 89' lang='lat' dir='ltr'>quibus</span> <span class='ocrx_word' id='word_1_278' title='bbox 1599 1958 1707 2011; x_wconf 87' lang='lat' dir='ltr'>isaias:</span> <span class='ocrx_word' id='word_1_279' title='bbox 1733 1956 1828 2013; x_wconf 83' lang='lat' dir='ltr'>Omnis</span> 
     </span>
     <span class='ocr_line' id='line_1_21' title="bbox 77 2045 1827 2123; baseline -0.005 -16"><span class='ocrx_word' id='word_1_280' title='bbox 77 2052 252 2108; x_wconf 86' lang='lat' dir='ltr'>miscebatur</span> <span class='ocrx_word' id='word_1_281' title='bbox 264 2051 380 2116; x_wconf 77' lang='lat' dir='ltr'>iudeis,</span> <span class='ocrx_word' id='word_1_282' title='bbox 396 2051 541 2123; x_wconf 86' lang='lat' dir='ltr'>indigebat</span> <span class='ocrx_word' id='word_1_283' title='bbox 563 2051 700 2107; x_wconf 88' lang='lat' dir='ltr'>sacritlcio</span> <span class='ocrx_word' id='word_1_284' title='bbox 725 2052 785 2107; x_wconf 80' lang='lat' dir='ltr'>veri</span> <span class='ocrx_word' id='word_1_285' title='bbox 813 2053 920 2108; x_wconf 82' lang='lat' dir='ltr'>arietis.</span> <span class='ocrx_word' id='word_1_286' title='bbox 978 2058 1093 2109; x_wconf 80' lang='lat' dir='ltr'>memet</span> <span class='ocrx_word' id='word_1_287' title='bbox 1109 2049 1402 2122; x_wconf 58' lang='lat' dir='ltr'>collisilmmiliubitur</span> <span class='ocrx_word' id='word_1_288' title='bbox 1427 2048 1493 2120; x_wconf 84' lang='lat' dir='ltr'>(iso.</span> <span class='ocrx_word' id='word_1_289' title='bbox 1515 2048 1573 2115; x_wconf 77' lang='grc' dir='ltr'>ιι).</span> <span class='ocrx_word' id='word_1_290' title='bbox 1600 2047 1663 2101; x_wconf 83' lang='grc' dir='ltr'>Νοιι</span> <span class='ocrx_word' id='word_1_291' title='bbox 1690 2045 1827 2116; x_wconf 86' lang='lat' dir='ltr'>augurari</span> 
     </span>
    </p>

    <p class='ocr_par' dir='ltr' id='par_1_6' title="bbox 77 2134 1829 2653">
     <span class='ocr_line' id='line_1_22' title="bbox 113 2134 1828 2213; baseline -0.005 -17"><span class='ocrx_word' id='word_1_292' title='bbox 113 2142 303 2213; x_wconf 87' lang='lat' dir='ltr'>Notaquaute</span> <span class='ocrx_word' id='word_1_293' title='bbox 316 2141 476 2196; x_wconf 78' lang='lat' dir='ltr'>differentia</span> <span class='ocrx_word' id='word_1_294' title='bbox 491 2141 630 2196; x_wconf 85' lang='lat' dir='ltr'>libertatis</span> <span class='ocrx_word' id='word_1_295' title='bbox 654 2146 683 2197; x_wconf 89' lang='lat' dir='ltr'>et</span> <span class='ocrx_word' id='word_1_296' title='bbox 710 2142 864 2197; x_wconf 86' lang='lat' dir='ltr'>servitutis.</span> <span class='ocrx_word' id='word_1_297' title='bbox 888 2145 923 2197; x_wconf 90' lang='lat' dir='ltr'>ln</span> <span class='ocrx_word' id='word_1_298' title='bbox 977 2141 1148 2203; x_wconf 80' lang='lat' dir='ltr'>volucribus,</span> <span class='ocrx_word' id='word_1_299' title='bbox 1164 2155 1223 2194; x_wconf 90' lang='lat' dir='ltr'>non</span> <span class='ocrx_word' id='word_1_300' title='bbox 1238 2137 1385 2192; x_wconf 89' lang='lat' dir='ltr'>attendere</span> <span class='ocrx_word' id='word_1_301' title='bbox 1401 2152 1466 2208; x_wconf 83' lang='lat' dir='ltr'>qnae</span> <span class='ocrx_word' id='word_1_302' title='bbox 1482 2135 1599 2206; x_wconf 91' lang='lat' dir='ltr'>rapiunt</span> <span class='ocrx_word' id='word_1_303' title='bbox 1613 2150 1712 2189; x_wconf 90' lang='lat' dir='ltr'>semea</span> <span class='ocrx_word' id='word_1_304' title='bbox 1736 2134 1828 2204; x_wconf 89' lang='lat' dir='ltr'>pieta·</span> 
     </span>
     <span class='ocr_line' id='line_1_23' title="bbox 77 2222 1829 2302; baseline -0.005 -18"><span class='ocrx_word' id='word_1_305' title='bbox 77 2228 167 2284; x_wconf 87' lang='lat' dir='ltr'>libera</span> <span class='ocrx_word' id='word_1_306' title='bbox 182 2229 259 2282; x_wconf 90' lang='lat' dir='ltr'>enim</span> <span class='ocrx_word' id='word_1_307' title='bbox 275 2229 446 2300; x_wconf 89' lang='lat' dir='ltr'>desponsata</span> <span class='ocrx_word' id='word_1_308' title='bbox 461 2244 538 2283; x_wconf 88' lang='lat' dir='ltr'>mors</span> <span class='ocrx_word' id='word_1_309' title='bbox 554 2229 686 2284; x_wconf 91' lang='lat' dir='ltr'>adulterii</span> <span class='ocrx_word' id='word_1_310' title='bbox 708 2246 794 2302; x_wconf 70' lang='lat' dir='ltr'>prena</span> <span class='ocrx_word' id='word_1_311' title='bbox 817 2235 868 2299; x_wconf 92' lang='lat' dir='ltr'>est,</span> <span class='ocrx_word' id='word_1_312' title='bbox 893 2230 924 2285; x_wconf 91' lang='lat' dir='ltr'>in</span> <span class='ocrx_word' id='word_1_313' title='bbox 978 2230 1024 2286; x_wconf 89' lang='lat' dir='ltr'>tis.</span> <span class='ocrx_word' id='word_1_314' title='bbox 1041 2230 1158 2285; x_wconf 87' lang='lat' dir='ltr'>Carnam</span> <span class='ocrx_word' id='word_1_315' title='bbox 1181 2227 1211 2281; x_wconf 91' lang='lat' dir='ltr'>iu</span> <span class='ocrx_word' id='word_1_316' title='bbox 1234 2225 1390 2280; x_wconf 89' lang='lat' dir='ltr'>rotundum</span> <span class='ocrx_word' id='word_1_317' title='bbox 1411 2224 1541 2289; x_wconf 88' lang='lat' dir='ltr'>tondere,</span> <span class='ocrx_word' id='word_1_318' title='bbox 1570 2227 1613 2278; x_wconf 88' lang='lat' dir='ltr'>est</span> <span class='ocrx_word' id='word_1_319' title='bbox 1640 2222 1829 2294; x_wconf 88' lang='lat' dir='ltr'>cogitationes</span> 
     </span>
     <span class='ocr_line' id='line_1_24' title="bbox 77 2310 1827 2384; baseline -0.003 -14"><span class='ocrx_word' id='word_1_320' title='bbox 77 2316 288 2371; x_wconf 87' lang='lat' dir='ltr'>ancillaautem</span> <span class='ocrx_word' id='word_1_321' title='bbox 311 2316 413 2378; x_wconf 86' lang='lat' dir='ltr'>nubili,</span> <span class='ocrx_word' id='word_1_322' title='bbox 437 2321 474 2384; x_wconf 89' lang='lat' dir='ltr'>et,</span> <span class='ocrx_word' id='word_1_323' title='bbox 504 2318 661 2373; x_wconf 87' lang='lat' dir='ltr'>secuudum</span> <span class='ocrx_word' id='word_1_324' title='bbox 690 2318 762 2383; x_wconf 82' lang='lat' dir='ltr'>hllll,</span> <span class='ocrx_word' id='word_1_325' title='bbox 789 2319 924 2374; x_wconf 80' lang='lat' dir='ltr'>custodita</span> <span class='ocrx_word' id='word_1_326' title='bbox 978 2318 1342 2376; x_wconf 87' lang='lat' dir='ltr'>daemonibusconsecrare.</span> <span class='ocrx_word' id='word_1_327' title='bbox 1367 2313 1487 2369; x_wconf 83' lang='lat' dir='ltr'>Barbam</span> <span class='ocrx_word' id='word_1_328' title='bbox 1511 2313 1621 2377; x_wconf 89' lang='lat' dir='ltr'>radere,</span> <span class='ocrx_word' id='word_1_329' title='bbox 1646 2316 1690 2366; x_wconf 91' lang='lat' dir='ltr'>est</span> <span class='ocrx_word' id='word_1_330' title='bbox 1713 2310 1827 2366; x_wconf 79' lang='lat' dir='ltr'>virtutis</span> 
     </span>
     <span class='ocr_line' id='line_1_25' title="bbox 77 2399 1829 2479; baseline -0.005 -19"><span class='ocrx_word' id='word_1_331' title='bbox 77 2406 188 2464; x_wconf 85' lang='lat' dir='ltr'>bomini.</span> <span class='ocrx_word' id='word_1_332' title='bbox 203 2404 234 2459; x_wconf 92' lang='lat' dir='ltr'>id</span> <span class='ocrx_word' id='word_1_333' title='bbox 248 2408 290 2459; x_wconf 90' lang='lat' dir='ltr'>est</span> <span class='ocrx_word' id='word_1_334' title='bbox 304 2405 484 2477; x_wconf 86' lang='lat' dir='ltr'>desponsata,</span> <span class='ocrx_word' id='word_1_335' title='bbox 500 2405 669 2461; x_wconf 87' lang='lat' dir='ltr'>sacrificium</span> <span class='ocrx_word' id='word_1_336' title='bbox 685 2407 803 2478; x_wconf 89' lang='lat' dir='ltr'>jubetur</span> <span class='ocrx_word' id='word_1_337' title='bbox 816 2406 922 2473; x_wconf 83' lang='lat' dir='ltr'>offerri,</span> <span class='ocrx_word' id='word_1_338' title='bbox 977 2407 1182 2479; x_wconf 84' lang='lat' dir='ltr'>perfectionem</span> <span class='ocrx_word' id='word_1_339' title='bbox 1206 2418 1402 2474; x_wconf 88' lang='lat' dir='ltr'>corrumpere,</span> <span class='ocrx_word' id='word_1_340' title='bbox 1426 2402 1489 2455; x_wconf 88' lang='lat' dir='ltr'>licta</span> <span class='ocrx_word' id='word_1_341' title='bbox 1513 2400 1668 2471; x_wconf 88' lang='lat' dir='ltr'>operando.</span> <span class='ocrx_word' id='word_1_342' title='bbox 1704 2399 1829 2453; x_wconf 86' lang='lat' dir='ltr'>Carnem</span> 
     </span>
     <span class='ocr_line' id='line_1_26' title="bbox 78 2489 1829 2564; baseline -0.005 -18"><span class='ocrx_word' id='word_1_343' title='bbox 78 2507 136 2546; x_wconf 91' lang='lat' dir='ltr'>nou</span> <span class='ocrx_word' id='word_1_344' title='bbox 153 2496 274 2546; x_wconf 89' lang='lat' dir='ltr'>mortem</span> <span class='ocrx_word' id='word_1_345' title='bbox 291 2491 401 2546; x_wconf 80' lang='lat' dir='ltr'>inferri.</span> <span class='ocrx_word' id='word_1_346' title='bbox 418 2491 610 2564; x_wconf 88' lang='lat' dir='ltr'>Spiritualiter</span> <span class='ocrx_word' id='word_1_347' title='bbox 623 2497 720 2547; x_wconf 73' lang='lat' dir='ltr'>mmen</span> <span class='ocrx_word' id='word_1_348' title='bbox 734 2493 795 2547; x_wconf 79' lang='lat' dir='ltr'>haec</span> <span class='ocrx_word' id='word_1_349' title='bbox 814 2492 924 2548; x_wconf 91' lang='lat' dir='ltr'>intelli·</span> <span class='ocrx_word' id='word_1_350' title='bbox 977 2512 1035 2551; x_wconf 90' lang='lat' dir='ltr'>non</span> <span class='ocrx_word' id='word_1_351' title='bbox 1050 2495 1186 2562; x_wconf 89' lang='lat' dir='ltr'>incidere,</span> <span class='ocrx_word' id='word_1_352' title='bbox 1199 2497 1242 2549; x_wconf 89' lang='lat' dir='ltr'>est</span> <span class='ocrx_word' id='word_1_353' title='bbox 1256 2491 1458 2548; x_wconf 88' lang='lat' dir='ltr'>delectationes</span> <span class='ocrx_word' id='word_1_354' title='bbox 1474 2505 1533 2543; x_wconf 88' lang='lat' dir='ltr'>noa</span> <span class='ocrx_word' id='word_1_355' title='bbox 1547 2489 1702 2558; x_wconf 81' lang='lat' dir='ltr'>suscipere,</span> <span class='ocrx_word' id='word_1_356' title='bbox 1718 2503 1784 2559; x_wconf 85' lang='lat' dir='ltr'>quae</span> <span class='ocrx_word' id='word_1_357' title='bbox 1800 2489 1829 2538; x_wconf 90' lang='lat' dir='ltr'>et</span> 
     </span>
     <span class='ocr_line' id='line_1_27' title="bbox 79 2577 1829 2653; baseline -0.009 -11"><span class='ocrx_word' id='word_1_358' title='bbox 79 2579 174 2649; x_wconf 65' lang='lat' dir='ltr'>send&amp;</span> <span class='ocrx_word' id='word_1_359' title='bbox 187 2585 264 2633; x_wconf 72' lang='lat'><strong>⁵⁰⁰¹·</strong></span> <span class='ocrx_word' id='word_1_360' title='bbox 977 2585 1082 2640; x_wconf 76' lang='lat' dir='ltr'>anima:</span> <span class='ocrx_word' id='word_1_361' title='bbox 1094 2589 1197 2638; x_wconf 90' lang='lat' dir='ltr'>nocent</span> <span class='ocrx_word' id='word_1_362' title='bbox 1211 2588 1240 2638; x_wconf 90' lang='lat' dir='ltr'>et</span> <span class='ocrx_word' id='word_1_363' title='bbox 1254 2597 1357 2653; x_wconf 88' lang='lat' dir='ltr'>corpus</span> <span class='ocrx_word' id='word_1_364' title='bbox 1371 2583 1568 2649; x_wconf 88' lang='lat' dir='ltr'>corrumpunt.</span> <span class='ocrx_word' id='word_1_365' title='bbox 1581 2577 1732 2648; x_wconf 83' lang='lat' dir='ltr'>Stigmata,</span> <span class='ocrx_word' id='word_1_366' title='bbox 1741 2590 1829 2646; x_wconf 87' lang='lat' dir='ltr'>prava</span> 
     </span>
    </p>

    <p class='ocr_par' dir='ltr' id='par_1_7' title="bbox 70 2664 1829 3181">
     <span class='ocr_line' id='line_1_28' title="bbox 114 2664 1827 2744; baseline -0.005 -20"><span class='ocrx_word' id='word_1_367' title='bbox 114 2668 232 2724; x_wconf 81' lang='lat' dir='ltr'>Nubilis.</span> <span class='ocrx_word' id='word_1_368' title='bbox 249 2669 311 2724; x_wconf 83' lang='lat' dir='ltr'>Lxx</span> <span class='ocrx_word' id='word_1_369' title='bbox 328 2684 334 2723; x_wconf 92' lang='lat'>:</span> <span class='ocrx_word' id='word_1_370' title='bbox 353 2668 494 2726; x_wconf 74' lang='lat' dir='ltr'>custodita</span> <span class='ocrx_word' id='word_1_371' title='bbox 514 2667 626 2736; x_wconf 80' lang='lat' dir='ltr'>bomini,</span> <span class='ocrx_word' id='word_1_372' title='bbox 651 2669 680 2723; x_wconf 92' lang='lat' dir='ltr'>id</span> <span class='ocrx_word' id='word_1_373' title='bbox 706 2673 748 2724; x_wconf 87' lang='lat' dir='ltr'>est</span> <span class='ocrx_word' id='word_1_374' title='bbox 773 2670 924 2741; x_wconf 76' lang='lat' dir='ltr'>synagoga</span> <span class='ocrx_word' id='word_1_375' title='bbox 978 2674 1118 2740; x_wconf 87' lang='lat' dir='ltr'>doctrina,</span> <span class='ocrx_word' id='word_1_376' title='bbox 1134 2689 1199 2744; x_wconf 78' lang='lat' dir='ltr'>quse</span> <span class='ocrx_word' id='word_1_377' title='bbox 1215 2671 1319 2726; x_wconf 78' lang='lat' dir='ltr'>animae</span> <span class='ocrx_word' id='word_1_378' title='bbox 1333 2669 1462 2740; x_wconf 87' lang='lat' dir='ltr'>infigitur</span> <span class='ocrx_word' id='word_1_379' title='bbox 1476 2671 1504 2723; x_wconf 91' lang='lat' dir='ltr'>et</span> <span class='ocrx_word' id='word_1_380' title='bbox 1517 2665 1670 2722; x_wconf 80' lang='lat' dir='ltr'>difficulter</span> <span class='ocrx_word' id='word_1_381' title='bbox 1681 2664 1827 2718; x_wconf 88' lang='lat' dir='ltr'>aboletur.</span> 
     </span>
     <span class='ocr_line' id='line_1_29' title="bbox 79 2752 1829 2830; baseline -0.001 -21"><span class='ocrx_word' id='word_1_382' title='bbox 79 2756 220 2811; x_wconf 89' lang='lat' dir='ltr'>custodita</span> <span class='ocrx_word' id='word_1_383' title='bbox 236 2757 302 2827; x_wconf 88' lang='lat' dir='ltr'>legi,</span> <span class='ocrx_word' id='word_1_384' title='bbox 319 2773 383 2829; x_wconf 74' lang='lat' dir='ltr'>quae</span> <span class='ocrx_word' id='word_1_385' title='bbox 400 2757 512 2812; x_wconf 90' lang='lat' dir='ltr'>Christo</span> <span class='ocrx_word' id='word_1_386' title='bbox 529 2773 586 2811; x_wconf 90' lang='lat' dir='ltr'>non</span> <span class='ocrx_word' id='word_1_387' title='bbox 606 2764 720 2827; x_wconf 88' lang='lat' dir='ltr'>poterat</span> <span class='ocrx_word' id='word_1_388' title='bbox 743 2757 923 2830; x_wconf 90' lang='lat' dir='ltr'>desponderi,</span> <span class='ocrx_word' id='word_1_389' title='bbox 1014 2765 1072 2820; x_wconf 77' lang='lat' dir='ltr'>Non</span> <span class='ocrx_word' id='word_1_390' title='bbox 1087 2761 1301 2829; x_wconf 66' lang='lat' dir='ltr'>augurabimini,</span> <span class='ocrx_word' id='word_1_391' title='bbox 1317 2763 1370 2814; x_wconf 87' lang='lat' dir='ltr'>etc.</span> <span class='ocrx_word' id='word_1_392' title='bbox 1387 2761 1441 2813; x_wconf 88' lang='lat' dir='ltr'>Per</span> <span class='ocrx_word' id='word_1_393' title='bbox 1464 2763 1575 2828; x_wconf 91' lang='lat' dir='ltr'>partem</span> <span class='ocrx_word' id='word_1_394' title='bbox 1597 2759 1689 2808; x_wconf 92' lang='lat' dir='ltr'>totum</span> <span class='ocrx_word' id='word_1_395' title='bbox 1721 2752 1829 2822; x_wconf 82' lang='lat' dir='ltr'>signiti-</span> 
     </span>
     <span class='ocr_line' id='line_1_30' title="bbox 80 2843 1826 2921; baseline -0.003 -22"><span class='ocrx_word' id='word_1_396' title='bbox 80 2844 248 2916; x_wconf 86' lang='lat' dir='ltr'>priusquam</span> <span class='ocrx_word' id='word_1_397' title='bbox 278 2851 438 2901; x_wconf 89' lang='lat' dir='ltr'>moreretur</span> <span class='ocrx_word' id='word_1_398' title='bbox 463 2847 556 2900; x_wconf 85' lang='lat' dir='ltr'>littera</span> <span class='ocrx_word' id='word_1_399' title='bbox 573 2846 653 2916; x_wconf 89' lang='lat' dir='ltr'>legis.</span> <span class='ocrx_word' id='word_1_400' title='bbox 692 2847 793 2902; x_wconf 89' lang='lat' dir='ltr'>Unde:</span> <span class='ocrx_word' id='word_1_401' title='bbox 823 2849 924 2902; x_wconf 83' lang='lat' dir='ltr'>Mortui</span> <span class='ocrx_word' id='word_1_402' title='bbox 978 2856 1033 2918; x_wconf 90' lang='lat' dir='ltr'>cat,</span> <span class='ocrx_word' id='word_1_403' title='bbox 1054 2867 1153 2906; x_wconf 89' lang='lat' dir='ltr'>omnes</span> <span class='ocrx_word' id='word_1_404' title='bbox 1179 2848 1346 2921; x_wconf 85' lang='lat' dir='ltr'>hujusmodi</span> <span class='ocrx_word' id='word_1_405' title='bbox 1369 2844 1599 2917; x_wconf 89' lang='lat' dir='ltr'>susperstitiones</span> <span class='ocrx_word' id='word_1_406' title='bbox 1620 2843 1826 2897; x_wconf 88' lang='lat' dir='ltr'>condemnans.</span> 
     </span>
     <span class='ocr_line' id='line_1_31' title="bbox 77 2928 1828 3006; baseline -0.004 -19"><span class='ocrx_word' id='word_1_407' title='bbox 77 2936 141 2988; x_wconf 85' lang='lat' dir='ltr'>estis</span> <span class='ocrx_word' id='word_1_408' title='bbox 155 2935 208 3002; x_wconf 76' lang='lat' dir='ltr'>legi</span> <span class='ocrx_word' id='word_1_409' title='bbox 219 2949 270 3004; x_wconf 84' lang='lat' dir='ltr'>per</span> <span class='ocrx_word' id='word_1_410' title='bbox 283 2949 380 3005; x_wconf 78' lang='lat' dir='ltr'>corpus</span> <span class='ocrx_word' id='word_1_411' title='bbox 396 2936 505 3002; x_wconf 82' lang='lat' dir='ltr'>Christi,</span> <span class='ocrx_word' id='word_1_412' title='bbox 522 2940 552 2988; x_wconf 88' lang='lat' dir='ltr'>ut</span> <span class='ocrx_word' id='word_1_413' title='bbox 566 2937 628 2989; x_wconf 87' lang='lat' dir='ltr'>sitis</span> <span class='ocrx_word' id='word_1_414' title='bbox 638 2935 749 2990; x_wconf 85' lang='lat' dir='ltr'>alterius</span> <span class='ocrx_word' id='word_1_415' title='bbox 763 2935 847 3006; x_wconf 80' lang='lat' dir='ltr'>(Rom.</span> <span class='ocrx_word' id='word_1_416' title='bbox 864 2934 920 3004; x_wconf 83' lang='lat' dir='ltr'>vu).</span> <span class='ocrx_word' id='word_1_417' title='bbox 937 2946 957 3002; x_wconf 85' lang='lat' dir='ltr'>c</span> <span class='ocrx_word' id='word_1_418' title='bbox 977 2939 1031 3005; x_wconf 83' lang='lat' dir='ltr'>Qui</span> <span class='ocrx_word' id='word_1_419' title='bbox 1047 2938 1123 2993; x_wconf 91' lang='lat' dir='ltr'>enim</span> <span class='ocrx_word' id='word_1_420' title='bbox 1138 2937 1204 2991; x_wconf 86' lang='lat' dir='ltr'>talia</span> <span class='ocrx_word' id='word_1_421' title='bbox 1219 2940 1300 2990; x_wconf 89' lang='lat' dir='ltr'>curat</span> <span class='ocrx_word' id='word_1_422' title='bbox 1314 2935 1475 3002; x_wconf 83' lang='lat' dir='ltr'>observare,</span> <span class='ocrx_word' id='word_1_423' title='bbox 1500 2932 1591 2986; x_wconf 87' lang='lat' dir='ltr'>Deum</span> <span class='ocrx_word' id='word_1_424' title='bbox 1618 2930 1731 2984; x_wconf 84' lang='lat' dir='ltr'>ridetur</span> <span class='ocrx_word' id='word_1_425' title='bbox 1755 2928 1828 2981; x_wconf 83' lang='lat' dir='ltr'>inia-</span> 
     </span>
     <span class='ocr_line' id='line_1_32' title="bbox 74 3017 1826 3098; baseline -0.003 -22"><span class='ocrx_word' id='word_1_426' title='bbox 74 3022 183 3076; x_wconf 77' lang='lat' dir='ltr'>Aucilla</span> <span class='ocrx_word' id='word_1_427' title='bbox 197 3028 239 3077; x_wconf 91' lang='lat' dir='ltr'>est</span> <span class='ocrx_word' id='word_1_428' title='bbox 253 3023 412 3095; x_wconf 79' lang='lat' dir='ltr'>synagoga,</span> <span class='ocrx_word' id='word_1_429' title='bbox 429 3024 585 3079; x_wconf 91' lang='lat' dir='ltr'>secundum</span> <span class='ocrx_word' id='word_1_430' title='bbox 595 3024 666 3079; x_wconf 91' lang='lat' dir='ltr'>illud</span> <span class='ocrx_word' id='word_1_431' title='bbox 683 3040 689 3078; x_wconf 91' lang='lat'>:</span> <span class='ocrx_word' id='word_1_432' title='bbox 703 3024 846 3080; x_wconf 82' lang='lat' dir='ltr'>Abrabam</span> <span class='ocrx_word' id='word_1_433' title='bbox 856 3023 924 3080; x_wconf 78' lang='lat' dir='ltr'>duos</span> <span class='ocrx_word' id='word_1_434' title='bbox 977 3043 1066 3094; x_wconf 87' lang='lat' dir='ltr'>mare,</span> <span class='ocrx_word' id='word_1_435' title='bbox 1080 3032 1218 3098; x_wconf 88' lang='lat' dir='ltr'>tanquam</span> <span class='ocrx_word' id='word_1_436' title='bbox 1230 3026 1295 3096; x_wconf 89' lang='lat' dir='ltr'>plus</span> <span class='ocrx_word' id='word_1_437' title='bbox 1310 3024 1434 3078; x_wconf 81' lang='lat' dir='ltr'>scientiae</span> <span class='ocrx_word' id='word_1_438' title='bbox 1450 3021 1548 3077; x_wconf 88' lang='lat' dir='ltr'>avibus</span> <span class='ocrx_word' id='word_1_439' title='bbox 1561 3034 1648 3091; x_wconf 89' lang='lat' dir='ltr'>quam</span> <span class='ocrx_word' id='word_1_440' title='bbox 1658 3017 1826 3072; x_wconf 91' lang='lat' dir='ltr'>bominibus</span> 
     </span>
     <span class='ocr_line' id='line_1_33' title="bbox 70 3110 1139 3181; baseline 0.006 -17"><span class='ocrx_word' id='word_1_441' title='bbox 70 3110 147 3181; x_wconf 82' lang='lat' dir='ltr'>fitius</span> <span class='ocrx_word' id='word_1_442' title='bbox 165 3113 270 3181; x_wconf 85' lang='lat' dir='ltr'>babuit,</span> <span class='ocrx_word' id='word_1_443' title='bbox 299 3127 384 3167; x_wconf 83' lang='lat' dir='ltr'>unum</span> <span class='ocrx_word' id='word_1_444' title='bbox 416 3113 449 3167; x_wconf 87' lang='lat' dir='ltr'>de</span> <span class='ocrx_word' id='word_1_445' title='bbox 478 3115 590 3181; x_wconf 82' lang='lat' dir='ltr'>ancilla,</span> <span class='ocrx_word' id='word_1_446' title='bbox 615 3118 641 3168; x_wconf 87' lang='lat' dir='ltr'>et</span> <span class='ocrx_word' id='word_1_447' title='bbox 668 3129 754 3168; x_wconf 86' lang='lat' dir='ltr'>uuum</span> <span class='ocrx_word' id='word_1_448' title='bbox 779 3114 813 3168; x_wconf 81' lang='lat' dir='ltr'>de</span> <span class='ocrx_word' id='word_1_449' title='bbox 839 3114 925 3168; x_wconf 85' lang='lat' dir='ltr'>libera</span> <span class='ocrx_word' id='word_1_450' title='bbox 977 3115 1139 3172; x_wconf 90' lang='lat' dir='ltr'>contulerit.</span> 
     </span>
    </p>

    <p class='ocr_par' dir='ltr' id='par_1_8' title="bbox 76 3196 1827 3271">
     <span class='ocr_line' id='line_1_34' title="bbox 76 3196 1827 3271; baseline -0.012 -1"><span class='ocrx_word' id='word_1_451' title='bbox 76 3199 152 3270; x_wconf 57' lang='lat' dir='ltr'>(Gal</span> <span class='ocrx_word' id='word_1_452' title='bbox 169 3199 215 3270; x_wconf 55' lang='grc' dir='ltr'>Ν)</span> <span class='ocrx_word' id='word_1_453' title='bbox 1012 3205 1095 3261; x_wconf 78' lang='lat' dir='ltr'>Vens.</span> <span class='ocrx_word' id='word_1_454' title='bbox 1112 3208 1156 3259; x_wconf 77' lang='lat'>27.</span> <span class='ocrx_word' id='word_1_455' title='bbox 1173 3233 1209 3244; x_wconf 90' lang='lat'>-</span> <span class='ocrx_word' id='word_1_456' title='bbox 1229 3203 1318 3271; x_wconf 85' lang='lat' dir='ltr'>Neque</span> <span class='ocrx_word' id='word_1_457' title='bbox 1343 3205 1377 3257; x_wconf 83' lang='lat' dir='ltr'>in</span> <span class='ocrx_word' id='word_1_458' title='bbox 1403 3199 1549 3255; x_wconf 84' lang='lat' dir='ltr'>rotundum</span> <span class='ocrx_word' id='word_1_459' title='bbox 1578 3196 1753 3252; x_wconf 84' lang='lat' dir='ltr'>attondebitis</span> <span class='ocrx_word' id='word_1_460' title='bbox 1785 3211 1827 3249; x_wconf 77' lang='lat' dir='ltr'>co</span> 
     </span>
    </p>

    <p class='ocr_par' dir='ltr' id='par_1_9' title="bbox 77 3285 1829 3635">
     <span class='ocr_line' id='line_1_35' title="bbox 116 3285 1827 3360; baseline -0.002 -18"><span class='ocrx_word' id='word_1_461' title='bbox 116 3286 293 3355; x_wconf 85' lang='lat' dir='ltr'>Vaputobuat</span> <span class='ocrx_word' id='word_1_462' title='bbox 307 3287 394 3341; x_wconf 86' lang='lat' dir='ltr'>umbo.</span> <span class='ocrx_word' id='word_1_463' title='bbox 413 3289 498 3342; x_wconf 84' lang='lat' dir='ltr'>thll:</span> <span class='ocrx_word' id='word_1_464' title='bbox 528 3290 657 3344; x_wconf 73' lang='lat' dir='ltr'>visitatio</span> <span class='ocrx_word' id='word_1_465' title='bbox 680 3292 731 3344; x_wconf 87' lang='lat' dir='ltr'>erit</span> <span class='ocrx_word' id='word_1_466' title='bbox 756 3292 805 3355; x_wconf 85' lang='lat' dir='ltr'>eis,</span> <span class='ocrx_word' id='word_1_467' title='bbox 830 3289 858 3345; x_wconf 91' lang='lat' dir='ltr'>id</span> <span class='ocrx_word' id='word_1_468' title='bbox 883 3294 925 3343; x_wconf 91' lang='lat' dir='ltr'>est</span> <span class='ocrx_word' id='word_1_469' title='bbox 977 3310 1059 3360; x_wconf 87' lang='lat' dir='ltr'>mem,</span> <span class='ocrx_word' id='word_1_470' title='bbox 1075 3297 1127 3350; x_wconf 90' lang='lat' dir='ltr'>etc.</span> <span class='ocrx_word' id='word_1_471' title='bbox 1143 3292 1222 3349; x_wconf 89' lang='lat' dir='ltr'>Sicut</span> <span class='ocrx_word' id='word_1_472' title='bbox 1235 3289 1350 3346; x_wconf 86' lang='lat' dir='ltr'>barbari</span> <span class='ocrx_word' id='word_1_473' title='bbox 1364 3288 1491 3344; x_wconf 85' lang='lat' dir='ltr'>iaciunt:</span> <span class='ocrx_word' id='word_1_474' title='bbox 1509 3288 1594 3342; x_wconf 90' lang='lat' dir='ltr'>debet</span> <span class='ocrx_word' id='word_1_475' title='bbox 1617 3285 1739 3358; x_wconf 88' lang='lat' dir='ltr'>quisque</span> <span class='ocrx_word' id='word_1_476' title='bbox 1764 3301 1827 3339; x_wconf 88' lang='lat' dir='ltr'>esse</span> 
     </span>
     <span class='ocr_line' id='line_1_36' title="bbox 77 3373 1826 3448; baseline -0.002 -18"><span class='ocrx_word' id='word_1_477' title='bbox 77 3373 277 3429; x_wconf 85' lang='lat' dir='ltr'>liberabuntur</span> <span class='ocrx_word' id='word_1_478' title='bbox 293 3374 455 3431; x_wconf 76' lang='lat' dir='ltr'>asereitute</span> <span class='ocrx_word' id='word_1_479' title='bbox 476 3375 556 3447; x_wconf 84' lang='lat' dir='ltr'>legis,</span> <span class='ocrx_word' id='word_1_480' title='bbox 579 3381 738 3432; x_wconf 87' lang='lat' dir='ltr'>secundum</span> <span class='ocrx_word' id='word_1_481' title='bbox 753 3377 830 3448; x_wconf 89' lang='lat' dir='ltr'>quod</span> <span class='ocrx_word' id='word_1_482' title='bbox 857 3378 925 3432; x_wconf 83' lang='lat' dir='ltr'>filiis</span> <span class='ocrx_word' id='word_1_483' title='bbox 976 3387 1128 3439; x_wconf 87' lang='lat' dir='ltr'>contentus</span> <span class='ocrx_word' id='word_1_484' title='bbox 1147 3380 1326 3436; x_wconf 88' lang='lat' dir='ltr'>naturalibus</span> <span class='ocrx_word' id='word_1_485' title='bbox 1342 3377 1530 3442; x_wconf 87' lang='lat' dir='ltr'>ornamentis,</span> <span class='ocrx_word' id='word_1_486' title='bbox 1545 3392 1581 3431; x_wconf 93' lang='lat' dir='ltr'>ne</span> <span class='ocrx_word' id='word_1_487' title='bbox 1596 3375 1763 3430; x_wconf 86' lang='lat' dir='ltr'>Creatorem</span> <span class='ocrx_word' id='word_1_488' title='bbox 1785 3374 1826 3427; x_wconf 84' lang='lat' dir='ltr'>vi-</span> 
     </span>
     <span class='ocr_line' id='line_1_37' title="bbox 78 3462 1828 3540; baseline 0 -22"><span class='ocrx_word' id='word_1_489' title='bbox 78 3463 165 3520; x_wconf 87' lang='lat' dir='ltr'>Israel</span> <span class='ocrx_word' id='word_1_490' title='bbox 182 3465 217 3518; x_wconf 91' lang='lat' dir='ltr'>de</span> <span class='ocrx_word' id='word_1_491' title='bbox 238 3466 359 3536; x_wconf 71' lang='lat' dir='ltr'>AEgypto</span> <span class='ocrx_word' id='word_1_492' title='bbox 374 3463 530 3519; x_wconf 88' lang='lat' dir='ltr'>liberandis</span> <span class='ocrx_word' id='word_1_493' title='bbox 554 3465 680 3519; x_wconf 89' lang='lat' dir='ltr'>dicitur:</span> <span class='ocrx_word' id='word_1_494' title='bbox 711 3467 833 3521; x_wconf 82' lang='lat' dir='ltr'>Visitaus</span> <span class='ocrx_word' id='word_1_495' title='bbox 856 3468 923 3521; x_wconf 85' lang='lat' dir='ltr'>oisi-</span> <span class='ocrx_word' id='word_1_496' title='bbox 978 3476 1081 3531; x_wconf 61' lang='lat' dir='ltr'>dentur</span> <span class='ocrx_word' id='word_1_497' title='bbox 1092 3487 1236 3534; x_wconf 70' lang='lat' dir='ltr'>accusare,</span> <span class='ocrx_word' id='word_1_498' title='bbox 1260 3474 1399 3540; x_wconf 82' lang='lat' dir='ltr'>tanquam</span> <span class='ocrx_word' id='word_1_499' title='bbox 1422 3462 1611 3537; x_wconf 79' lang='lat' dir='ltr'>impotentem</span> <span class='ocrx_word' id='word_1_500' title='bbox 1641 3479 1713 3534; x_wconf 91' lang='lat' dir='ltr'>opus</span> <span class='ocrx_word' id='word_1_501' title='bbox 1742 3478 1828 3516; x_wconf 84' lang='lat' dir='ltr'>suum</span> 
     </span>
     <span class='ocr_line' id='line_1_38' title="bbox 77 3550 1829 3635; baseline -0.007 -18"><span class='ocrx_word' id='word_1_502' title='bbox 77 3555 135 3608; x_wconf 65' lang='lat'>‘⁰¹²²&#39;</span> <span class='ocrx_word' id='word_1_503' title='bbox 147 3567 203 3607; x_wconf 71' lang='lat'><strong>²2⁰8·</strong></span> <span class='ocrx_word' id='word_1_504' title='bbox 976 3564 1125 3635; x_wconf 88' lang='lat' dir='ltr'>perlicere,</span> <span class='ocrx_word' id='word_1_505' title='bbox 1141 3577 1194 3615; x_wconf 90' lang='lat' dir='ltr'>uec</span> <span class='ocrx_word' id='word_1_506' title='bbox 1206 3560 1235 3614; x_wconf 91' lang='lat' dir='ltr'>in</span> <span class='ocrx_word' id='word_1_507' title='bbox 1249 3559 1359 3613; x_wconf 90' lang='lat' dir='ltr'>honore</span> <span class='ocrx_word' id='word_1_508' title='bbox 1381 3557 1547 3612; x_wconf 85' lang='lat' dir='ltr'>daenmnum</span> <span class='ocrx_word' id='word_1_509' title='bbox 1569 3552 1694 3608; x_wconf 87' lang='lat' dir='ltr'>cicinnos</span> <span class='ocrx_word' id='word_1_510' title='bbox 1716 3550 1829 3606; x_wconf 89' lang='lat' dir='ltr'>nutrire</span> 
     </span>
    </p>

    <p class='ocr_par' dir='ltr' id='par_1_10' title="bbox 78 3639 1828 3985">
     <span class='ocr_line' id='line_1_39' title="bbox 113 3639 1828 3718; baseline -0.007 -11"><span class='ocrx_word' id='word_1_511' title='bbox 113 3642 155 3694; x_wconf 63' lang='lat' dir='ltr'>Ei</span> <span class='ocrx_word' id='word_1_512' title='bbox 171 3656 225 3695; x_wconf 65' lang='lat' dir='ltr'>&#39;wit</span> <span class='ocrx_word' id='word_1_513' title='bbox 243 3643 399 3696; x_wconf 56' lang='lat' dir='ltr'>mmmm·</span> <span class='ocrx_word' id='word_1_514' title='bbox 416 3641 551 3707; x_wconf 65' lang='lat' dir='ltr'>Quamvis</span> <span class='ocrx_word' id='word_1_515' title='bbox 565 3643 641 3696; x_wconf 58' lang='lat' dir='ltr'>essim</span> <span class='ocrx_word' id='word_1_516' title='bbox 667 3642 824 3697; x_wconf 64' lang='lat' dir='ltr'>Secundum</span> <span class='ocrx_word' id='word_1_517' title='bbox 849 3643 925 3698; x_wconf 71' lang='lat' dir='ltr'>lille·</span> <span class='ocrx_word' id='word_1_518' title='bbox 979 3657 1008 3706; x_wconf 92' lang='lat' dir='ltr'>et</span> <span class='ocrx_word' id='word_1_519' title='bbox 1022 3650 1129 3717; x_wconf 80' lang='lat' dir='ltr'>fovere,</span> <span class='ocrx_word' id='word_1_520' title='bbox 1145 3648 1217 3702; x_wconf 89' lang='lat' dir='ltr'>sicut</span> <span class='ocrx_word' id='word_1_521' title='bbox 1227 3646 1343 3701; x_wconf 90' lang='lat' dir='ltr'>student</span> <span class='ocrx_word' id='word_1_522' title='bbox 1357 3645 1462 3718; x_wconf 90' lang='lat' dir='ltr'>pagani</span> <span class='ocrx_word' id='word_1_523' title='bbox 1476 3658 1631 3715; x_wconf 89' lang='lat' dir='ltr'>puerorum</span> <span class='ocrx_word' id='word_1_524' title='bbox 1655 3641 1748 3712; x_wconf 90' lang='lat' dir='ltr'>capita</span> <span class='ocrx_word' id='word_1_525' title='bbox 1772 3639 1828 3695; x_wconf 79' lang='lat' dir='ltr'>dae·</span> 
     </span>
     <span class='ocr_line' id='line_1_40' title="bbox 78 3729 1827 3807; baseline -0.006 -12"><span class='ocrx_word' id='word_1_526' title='bbox 78 3744 140 3783; x_wconf 65' lang='lat' dir='ltr'>ram</span> <span class='ocrx_word' id='word_1_527' title='bbox 156 3733 284 3800; x_wconf 59' lang='lat' dir='ltr'>³80f011b</span> <span class='ocrx_word' id='word_1_528' title='bbox 306 3745 362 3784; x_wconf 75' lang='lat' dir='ltr'>¹1⁰ss</span> <span class='ocrx_word' id='word_1_529' title='bbox 378 3731 535 3785; x_wconf 69' lang='lat' dir='ltr'>Secundum</span> <span class='ocrx_word' id='word_1_530' title='bbox 551 3732 693 3802; x_wconf 81' lang='lat' dir='ltr'>spiritum,</span> <span class='ocrx_word' id='word_1_531' title='bbox 720 3731 788 3802; x_wconf 89' lang='lat' dir='ltr'>quia</span> <span class='ocrx_word' id='word_1_532' title='bbox 813 3731 924 3802; x_wconf 86' lang='lat' dir='ltr'>legisla—</span> <span class='ocrx_word' id='word_1_533' title='bbox 979 3739 1113 3796; x_wconf 89' lang='lat' dir='ltr'>monibus</span> <span class='ocrx_word' id='word_1_534' title='bbox 1128 3737 1238 3802; x_wconf 86' lang='lat' dir='ltr'>otlerre,</span> <span class='ocrx_word' id='word_1_535' title='bbox 1260 3735 1335 3807; x_wconf 89' lang='lat' dir='ltr'>qued</span> <span class='ocrx_word' id='word_1_536' title='bbox 1348 3733 1470 3789; x_wconf 79' lang='lat' dir='ltr'>manime</span> <span class='ocrx_word' id='word_1_537' title='bbox 1483 3731 1651 3787; x_wconf 84' lang='lat' dir='ltr'>hicvidetur</span> <span class='ocrx_word' id='word_1_538' title='bbox 1662 3729 1827 3800; x_wconf 87' lang='lat' dir='ltr'>prohibere.</span> 
     </span>
     <span class='ocr_line' id='line_1_41' title="bbox 78 3817 1826 3894; baseline 0.001 -22"><span class='ocrx_word' id='word_1_539' title='bbox 78 3817 148 3873; x_wconf 88' lang='lat' dir='ltr'>toris</span> <span class='ocrx_word' id='word_1_540' title='bbox 160 3818 349 3872; x_wconf 90' lang='lat' dir='ltr'>intentionem</span> <span class='ocrx_word' id='word_1_541' title='bbox 362 3817 542 3888; x_wconf 83' lang='lat' dir='ltr'>ignorabant,</span> <span class='ocrx_word' id='word_1_542' title='bbox 558 3819 667 3874; x_wconf 81' lang='lat' dir='ltr'>facilius</span> <span class='ocrx_word' id='word_1_543' title='bbox 679 3826 775 3875; x_wconf 89' lang='lat' dir='ltr'>tamen</span> <span class='ocrx_word' id='word_1_544' title='bbox 795 3836 925 3892; x_wconf 81' lang='lat' dir='ltr'>asseque-</span> <span class='ocrx_word' id='word_1_545' title='bbox 1014 3831 1094 3883; x_wconf 57' lang='lat' dir='ltr'>vans.</span> <span class='ocrx_word' id='word_1_546' title='bbox 1112 3829 1156 3881; x_wconf 80' lang='lat'>28,</span> <span class='ocrx_word' id='word_1_547' title='bbox 1173 3858 1207 3866; x_wconf 87' lang='lat'>-</span> <span class='ocrx_word' id='word_1_548' title='bbox 1222 3826 1368 3893; x_wconf 67' lang='lat' dir='ltr'>stigmata.</span> <span class='ocrx_word' id='word_1_549' title='bbox 1387 3822 1544 3894; x_wconf 78' lang='lat' dir='ltr'>Legislator</span> <span class='ocrx_word' id='word_1_550' title='bbox 1558 3821 1643 3875; x_wconf 91' lang='lat' dir='ltr'>etiam</span> <span class='ocrx_word' id='word_1_551' title='bbox 1658 3835 1757 3873; x_wconf 86' lang='lat' dir='ltr'>curam</span> <span class='ocrx_word' id='word_1_552' title='bbox 1774 3835 1826 3873; x_wconf 89' lang='lat' dir='ltr'>uo·</span> 
     </span>
     <span class='ocr_line' id='line_1_42' title="bbox 78 3907 1827 3985; baseline -0.01 -7"><span class='ocrx_word' id='word_1_553' title='bbox 78 3907 185 3962; x_wconf 63' lang='lat' dir='ltr'>bamur</span> <span class='ocrx_word' id='word_1_554' title='bbox 198 3907 321 3962; x_wconf 62' lang='lat' dir='ltr'>Vfflissffl·</span> <span class='ocrx_word' id='word_1_555' title='bbox 979 3918 1030 3973; x_wconf 89' lang='lat' dir='ltr'>stri</span> <span class='ocrx_word' id='word_1_556' title='bbox 1046 3915 1154 3973; x_wconf 90' lang='lat' dir='ltr'>decoris</span> <span class='ocrx_word' id='word_1_557' title='bbox 1174 3914 1257 3985; x_wconf 89' lang='lat' dir='ltr'>gerit,</span> <span class='ocrx_word' id='word_1_558' title='bbox 1279 3929 1316 3968; x_wconf 93' lang='lat' dir='ltr'>ne</span> <span class='ocrx_word' id='word_1_559' title='bbox 1337 3929 1422 3968; x_wconf 87' lang='lat' dir='ltr'>carne</span> <span class='ocrx_word' id='word_1_560' title='bbox 1445 3911 1598 3966; x_wconf 85' lang='lat' dir='ltr'>abutamur</span> <span class='ocrx_word' id='word_1_561' title='bbox 1620 3909 1649 3963; x_wconf 90' lang='lat' dir='ltr'>iu</span> <span class='ocrx_word' id='word_1_562' title='bbox 1673 3909 1719 3962; x_wconf 92' lang='lat' dir='ltr'>his</span> <span class='ocrx_word' id='word_1_563' title='bbox 1738 3908 1827 3962; x_wconf 88' lang='lat' dir='ltr'>etiem</span> 
     </span>
    </p>

    <p class='ocr_par' dir='ltr' id='par_1_11' title="bbox 79 3995 1830 4605">
     <span class='ocr_line' id='line_1_43' title="bbox 115 3995 1340 4080; baseline 0.006 -33"><span class='ocrx_word' id='word_1_564' title='bbox 115 3997 195 4051; x_wconf 77' lang='lat' dir='ltr'>Vens.</span> <span class='ocrx_word' id='word_1_565' title='bbox 219 3999 264 4051; x_wconf 75' lang='lat'>23.</span> <span class='ocrx_word' id='word_1_566' title='bbox 289 4026 323 4036; x_wconf 92' lang='lat'>-</span> <span class='ocrx_word' id='word_1_567' title='bbox 349 3995 462 4063; x_wconf 82' lang='lat' dir='ltr'>Quuude</span> <span class='ocrx_word' id='word_1_568' title='bbox 489 3999 616 4065; x_wconf 78' lang='lat' dir='ltr'>inpressi,</span> <span class='ocrx_word' id='word_1_569' title='bbox 642 4003 695 4052; x_wconf 92' lang='lat' dir='ltr'>etc.</span> <span class='ocrx_word' id='word_1_570' title='bbox 723 3999 875 4053; x_wconf 88' lang='lat' dir='ltr'>Permanet</span> <span class='ocrx_word' id='word_1_571' title='bbox 895 3999 926 4052; x_wconf 90' lang='lat' dir='ltr'>in</span> <span class='ocrx_word' id='word_1_572' title='bbox 979 4022 1160 4080; x_wconf 70' lang='lat' dir='ltr'>quaecorpus</span> <span class='ocrx_word' id='word_1_573' title='bbox 1176 4005 1340 4074; x_wconf 78' lang='lat' dir='ltr'>deturpant.</span> 
     </span>
     <span class='ocr_line' id='line_1_44' title="bbox 80 4083 1827 4161; baseline 0.001 -24"><span class='ocrx_word' id='word_1_574' title='bbox 80 4083 235 4154; x_wconf 88' lang='lat' dir='ltr'>proposito,</span> <span class='ocrx_word' id='word_1_575' title='bbox 252 4084 404 4139; x_wconf 87' lang='lat' dir='ltr'>ostendens</span> <span class='ocrx_word' id='word_1_576' title='bbox 419 4084 544 4139; x_wconf 88' lang='lat' dir='ltr'>fructum</span> <span class='ocrx_word' id='word_1_577' title='bbox 561 4085 670 4139; x_wconf 87' lang='lat' dir='ltr'>bonnm</span> <span class='ocrx_word' id='word_1_578' title='bbox 686 4092 751 4140; x_wconf 87' lang='lat' dir='ltr'>ante</span> <span class='ocrx_word' id='word_1_579' title='bbox 764 4085 867 4140; x_wconf 89' lang='lat' dir='ltr'>Christi</span> <span class='ocrx_word' id='word_1_580' title='bbox 881 4084 927 4140; x_wconf 92' lang='lat' dir='ltr'>ad·</span> <span class='ocrx_word' id='word_1_581' title='bbox 1014 4098 1095 4149; x_wconf 55' lang='lat' dir='ltr'>vans.</span> <span class='ocrx_word' id='word_1_582' title='bbox 1112 4097 1157 4149; x_wconf 59' lang='grc' dir='ltr'>ις),</span> <span class='ocrx_word' id='word_1_583' title='bbox 1174 4124 1209 4134; x_wconf 91' lang='grc'>-</span> <span class='ocrx_word' id='word_1_584' title='bbox 1223 4094 1262 4147; x_wconf 81' lang='lat' dir='ltr'>Ne</span> <span class='ocrx_word' id='word_1_585' title='bbox 1276 4093 1427 4161; x_wconf 80' lang='lat' dir='ltr'>prostituas</span> <span class='ocrx_word' id='word_1_586' title='bbox 1444 4089 1532 4158; x_wconf 69' lang='lat' dir='ltr'>filiam</span> <span class='ocrx_word' id='word_1_587' title='bbox 1556 4091 1640 4141; x_wconf 89' lang='lat' dir='ltr'>tuum.</span> <span class='ocrx_word' id='word_1_588' title='bbox 1665 4084 1827 4154; x_wconf 82' lang='lat' dir='ltr'>Cerealem,</span> 
     </span>
     <span class='ocr_line' id='line_1_45' title="bbox 79 4172 1827 4243; baseline 0.002 -17"><span class='ocrx_word' id='word_1_589' title='bbox 79 4178 197 4228; x_wconf 83' lang='lat' dir='ltr'>ventum</span> <span class='ocrx_word' id='word_1_590' title='bbox 220 4189 280 4227; x_wconf 91' lang='lat' dir='ltr'>non</span> <span class='ocrx_word' id='word_1_591' title='bbox 303 4172 436 4227; x_wconf 86' lang='lat' dir='ltr'>habuisse</span> <span class='ocrx_word' id='word_1_592' title='bbox 465 4173 587 4238; x_wconf 84' lang='lat' dir='ltr'>Judaeos,</span> <span class='ocrx_word' id='word_1_593' title='bbox 605 4190 680 4228; x_wconf 76' lang='lat' dir='ltr'>eum</span> <span class='ocrx_word' id='word_1_594' title='bbox 709 4174 776 4228; x_wconf 89' lang='lat' dir='ltr'>dicit</span> <span class='ocrx_word' id='word_1_595' title='bbox 801 4174 924 4229; x_wconf 84' lang='lat' dir='ltr'>fructum</span> <span class='ocrx_word' id='word_1_596' title='bbox 979 4183 1174 4239; x_wconf 65' lang='lat' dir='ltr'>velantium,</span> <span class='ocrx_word' id='word_1_597' title='bbox 1192 4178 1444 4236; x_wconf 81' lang='lat' dir='ltr'>UndePsal.xxr:</span> <span class='ocrx_word' id='word_1_598' title='bbox 1468 4179 1540 4232; x_wconf 82' lang='lat' dir='ltr'>Erue</span> <span class='ocrx_word' id='word_1_599' title='bbox 1561 4191 1579 4229; x_wconf 86' lang='lat' dir='ltr'>a</span> <span class='ocrx_word' id='word_1_600' title='bbox 1600 4177 1718 4243; x_wconf 78' lang='lat' dir='ltr'>framea,</span> <span class='ocrx_word' id='word_1_601' title='bbox 1745 4179 1827 4241; x_wconf 85' lang='lat' dir='ltr'>Deus,</span> 
     </span>
     <span class='ocr_line' id='line_1_46' title="bbox 79 4263 1830 4336; baseline 0.001 -17"><span class='ocrx_word' id='word_1_602' title='bbox 79 4280 138 4319; x_wconf 91' lang='lat' dir='ltr'>non</span> <span class='ocrx_word' id='word_1_603' title='bbox 158 4280 218 4318; x_wconf 89' lang='lat' dir='ltr'>esse</span> <span class='ocrx_word' id='word_1_604' title='bbox 240 4263 382 4318; x_wconf 91' lang='lat' dir='ltr'>edendum</span> <span class='ocrx_word' id='word_1_605' title='bbox 406 4263 435 4317; x_wconf 92' lang='lat' dir='ltr'>in</span> <span class='ocrx_word' id='word_1_606' title='bbox 458 4263 593 4330; x_wconf 90' lang='lat' dir='ltr'>triennio,</span> <span class='ocrx_word' id='word_1_607' title='bbox 623 4280 674 4319; x_wconf 90' lang='lat' dir='ltr'>nec</span> <span class='ocrx_word' id='word_1_608' title='bbox 698 4263 849 4328; x_wconf 89' lang='lat' dir='ltr'>mundum,</span> <span class='ocrx_word' id='word_1_609' title='bbox 876 4265 925 4320; x_wconf 85' lang='lat' dir='ltr'>sed</span> <span class='ocrx_word' id='word_1_610' title='bbox 980 4276 1099 4328; x_wconf 75' lang='lat' dir='ltr'>animam</span> <span class='ocrx_word' id='word_1_611' title='bbox 1118 4285 1214 4336; x_wconf 83' lang='lat' dir='ltr'>meam,</span> <span class='ocrx_word' id='word_1_612' title='bbox 1230 4274 1255 4322; x_wconf 87' lang='lat' dir='ltr'>et</span> <span class='ocrx_word' id='word_1_613' title='bbox 1269 4267 1303 4322; x_wconf 88' lang='lat' dir='ltr'>de</span> <span class='ocrx_word' id='word_1_614' title='bbox 1317 4281 1400 4320; x_wconf 82' lang='lat' dir='ltr'>manu</span> <span class='ocrx_word' id='word_1_615' title='bbox 1415 4267 1489 4319; x_wconf 81' lang='lat' dir='ltr'>cuuis</span> <span class='ocrx_word' id='word_1_616' title='bbox 1511 4265 1625 4319; x_wconf 80' lang='lat' dir='ltr'>Unicum</span> <span class='ocrx_word' id='word_1_617' title='bbox 1643 4278 1740 4317; x_wconf 77' lang='lat' dir='ltr'>meum·</span> <span class='ocrx_word' id='word_1_618' title='bbox 1764 4265 1830 4318; x_wconf 74' lang='lat' dir='ltr'>uec</span> 
     </span>
     <span class='ocr_line' id='line_1_47' title="bbox 80 4351 1718 4425; baseline -0.002 -18"><span class='ocrx_word' id='word_1_619' title='bbox 80 4358 181 4425; x_wconf 89' lang='lat' dir='ltr'>quarto</span> <span class='ocrx_word' id='word_1_620' title='bbox 196 4367 271 4406; x_wconf 88' lang='lat' dir='ltr'>anno</span> <span class='ocrx_word' id='word_1_621' title='bbox 288 4351 497 4418; x_wconf 91' lang='lat' dir='ltr'>mundandum,</span> <span class='ocrx_word' id='word_1_622' title='bbox 513 4367 566 4406; x_wconf 91' lang='lat' dir='ltr'>nec</span> <span class='ocrx_word' id='word_1_623' title='bbox 580 4351 686 4406; x_wconf 91' lang='lat' dir='ltr'>dicitur</span> <span class='ocrx_word' id='word_1_624' title='bbox 702 4368 767 4423; x_wconf 81' lang='lat' dir='ltr'>quae</span> <span class='ocrx_word' id='word_1_625' title='bbox 782 4353 818 4406; x_wconf 85' lang='lat' dir='ltr'>sit</span> <span class='ocrx_word' id='word_1_626' title='bbox 842 4368 925 4407; x_wconf 89' lang='lat' dir='ltr'>mun·</span> <span class='ocrx_word' id='word_1_627' title='bbox 979 4359 1137 4416; x_wconf 66' lang='lat' dir='ltr'>recedendo</span> <span class='ocrx_word' id='word_1_628' title='bbox 1152 4375 1167 4411; x_wconf 75' lang='lat' dir='ltr'>a</span> <span class='ocrx_word' id='word_1_629' title='bbox 1183 4359 1240 4411; x_wconf 82' lang='lat' dir='ltr'>Deo</span> <span class='ocrx_word' id='word_1_630' title='bbox 1254 4354 1433 4409; x_wconf 83' lang='lat' dir='ltr'>fornicantur</span> <span class='ocrx_word' id='word_1_631' title='bbox 1448 4368 1515 4407; x_wconf 89' lang='lat' dir='ltr'>cum</span> <span class='ocrx_word' id='word_1_632' title='bbox 1527 4351 1718 4406; x_wconf 74' lang='lat' dir='ltr'>demonibus.</span> 
     </span>
     <span class='ocr_line' id='line_1_48' title="bbox 80 4439 1828 4513; baseline -0.007 -17"><span class='ocrx_word' id='word_1_633' title='bbox 80 4439 696 4512; x_wconf 77' lang='lat' dir='ltr'>datio.spiritualiterergointelligendum</span> <span class='ocrx_word' id='word_1_634' title='bbox 720 4441 853 4513; x_wconf 87' lang='lat' dir='ltr'>estquod</span> <span class='ocrx_word' id='word_1_635' title='bbox 879 4440 926 4496; x_wconf 92' lang='lat' dir='ltr'>di·</span> <span class='ocrx_word' id='word_1_636' title='bbox 1015 4450 1095 4503; x_wconf 60' lang='lat' dir='ltr'>vans,</span> <span class='ocrx_word' id='word_1_637' title='bbox 1114 4450 1157 4501; x_wconf 82' lang='lat'>30,</span> <span class='ocrx_word' id='word_1_638' title='bbox 1174 4445 1344 4501; x_wconf 77' lang='lat' dir='ltr'>-Satbaca</span> <span class='ocrx_word' id='word_1_639' title='bbox 1366 4458 1424 4497; x_wconf 72' lang='lat' dir='ltr'>mea</span> <span class='ocrx_word' id='word_1_640' title='bbox 1446 4441 1586 4496; x_wconf 68' lang='lat' dir='ltr'>custodite,</span> <span class='ocrx_word' id='word_1_641' title='bbox 1618 4439 1658 4495; x_wconf 71' lang='lat' dir='ltr'>Ab</span> <span class='ocrx_word' id='word_1_642' title='bbox 1682 4455 1742 4495; x_wconf 78' lang='lat' dir='ltr'>uno</span> <span class='ocrx_word' id='word_1_643' title='bbox 1768 4441 1828 4496; x_wconf 71' lang='lat' dir='ltr'>sab.</span> 
     </span>
     <span class='ocr_line' id='line_1_49' title="bbox 80 4528 1825 4605; baseline -0.005 -13"><span class='ocrx_word' id='word_1_644' title='bbox 80 4529 163 4585; x_wconf 73' lang='lat' dir='ltr'>cltur·</span> <span class='ocrx_word' id='word_1_645' title='bbox 979 4539 1045 4594; x_wconf 88' lang='lat' dir='ltr'>bato</span> <span class='ocrx_word' id='word_1_646' title='bbox 1061 4551 1147 4591; x_wconf 91' lang='lat' dir='ltr'>omne</span> <span class='ocrx_word' id='word_1_647' title='bbox 1170 4534 1331 4605; x_wconf 92' lang='lat' dir='ltr'>legitimum</span> <span class='ocrx_word' id='word_1_648' title='bbox 1357 4532 1447 4585; x_wconf 93' lang='lat' dir='ltr'>otium</span> <span class='ocrx_word' id='word_1_649' title='bbox 1474 4529 1623 4582; x_wconf 88' lang='lat' dir='ltr'>sabbatum</span> <span class='ocrx_word' id='word_1_650' title='bbox 1654 4528 1825 4599; x_wconf 89' lang='lat' dir='ltr'>appellatur.</span> 
     </span>
    </p>

    <p class='ocr_par' dir='ltr' id='par_1_12' title="bbox 80 4617 1827 4869">
     <span class='ocr_line' id='line_1_50' title="bbox 116 4617 1827 4695; baseline -0.006 -11"><span class='ocrx_word' id='word_1_651' title='bbox 116 4618 229 4686; x_wconf 67' lang='lat' dir='ltr'>Quando</span> <span class='ocrx_word' id='word_1_652' title='bbox 243 4620 362 4687; x_wconf 57' lang='lat' dir='ltr'>inirem</span> <span class='ocrx_word' id='word_1_653' title='bbox 379 4620 489 4684; x_wconf 60' lang='lat' dir='ltr'>sterilis</span> <span class='ocrx_word' id='word_1_654' title='bbox 504 4623 614 4673; x_wconf 65' lang='lat' dir='ltr'>imam·</span> <span class='ocrx_word' id='word_1_655' title='bbox 634 4620 750 4674; x_wconf 67' lang='lat' dir='ltr'>Terram</span> <span class='ocrx_word' id='word_1_656' title='bbox 773 4624 854 4674; x_wconf 71' lang='lat' dir='ltr'>vocal</span> <span class='ocrx_word' id='word_1_657' title='bbox 882 4619 925 4675; x_wconf 87' lang='lat' dir='ltr'>di·</span> <span class='ocrx_word' id='word_1_658' title='bbox 979 4626 1023 4682; x_wconf 89' lang='lat' dir='ltr'>Sic</span> <span class='ocrx_word' id='word_1_659' title='bbox 1037 4625 1073 4679; x_wconf 91' lang='lat' dir='ltr'>ab</span> <span class='ocrx_word' id='word_1_660' title='bbox 1088 4640 1145 4679; x_wconf 90' lang='lat' dir='ltr'>una</span> <span class='ocrx_word' id='word_1_661' title='bbox 1160 4621 1288 4695; x_wconf 89' lang='lat' dir='ltr'>generali</span> <span class='ocrx_word' id='word_1_662' title='bbox 1303 4619 1472 4675; x_wconf 87' lang='lat' dir='ltr'>abstinentie</span> <span class='ocrx_word' id='word_1_663' title='bbox 1488 4617 1582 4673; x_wconf 88' lang='lat' dir='ltr'>studet</span> <span class='ocrx_word' id='word_1_664' title='bbox 1607 4617 1755 4688; x_wconf 88' lang='lat' dir='ltr'>legislator</span> <span class='ocrx_word' id='word_1_665' title='bbox 1774 4635 1827 4689; x_wconf 90' lang='lat' dir='ltr'>per</span> 
     </span>
     <span class='ocr_line' id='line_1_51' title="bbox 80 4705 1827 4785; baseline 0.001 -26"><span class='ocrx_word' id='word_1_666' title='bbox 80 4707 176 4762; x_wconf 78' lang='lat' dir='ltr'>uiuam</span> <span class='ocrx_word' id='word_1_667' title='bbox 192 4709 379 4780; x_wconf 79' lang='lat' dir='ltr'>scripturam,</span> <span class='ocrx_word' id='word_1_668' title='bbox 395 4723 480 4778; x_wconf 88' lang='lat' dir='ltr'>quam</span> <span class='ocrx_word' id='word_1_669' title='bbox 498 4707 591 4777; x_wconf 90' lang='lat' dir='ltr'>primo</span> <span class='ocrx_word' id='word_1_670' title='bbox 619 4708 710 4763; x_wconf 85' lang='lat' dir='ltr'>Judaei</span> <span class='ocrx_word' id='word_1_671' title='bbox 728 4714 924 4780; x_wconf 90' lang='lat' dir='ltr'>susceperunt.</span> <span class='ocrx_word' id='word_1_672' title='bbox 978 4713 1092 4785; x_wconf 87' lang='lat' dir='ltr'>singula</span> <span class='ocrx_word' id='word_1_673' title='bbox 1106 4726 1231 4775; x_wconf 84' lang='lat' dir='ltr'>currere,</span> <span class='ocrx_word' id='word_1_674' title='bbox 1244 4709 1414 4780; x_wconf 69' lang='lat' dir='ltr'>precipiens</span> <span class='ocrx_word' id='word_1_675' title='bbox 1429 4722 1481 4760; x_wconf 90' lang='lat' dir='ltr'>nos</span> <span class='ocrx_word' id='word_1_676' title='bbox 1495 4706 1531 4759; x_wconf 89' lang='lat' dir='ltr'>ab</span> <span class='ocrx_word' id='word_1_677' title='bbox 1545 4705 1624 4759; x_wconf 90' lang='lat' dir='ltr'>omni</span> <span class='ocrx_word' id='word_1_678' title='bbox 1640 4706 1716 4759; x_wconf 90' lang='lat' dir='ltr'>malo</span> <span class='ocrx_word' id='word_1_679' title='bbox 1742 4706 1827 4761; x_wconf 87' lang='lat' dir='ltr'>absti-</span> 
     </span>
     <span class='ocr_line' id='line_1_52' title="bbox 82 4796 1823 4869; baseline -0.001 -17"><span class='ocrx_word' id='word_1_680' title='bbox 82 4796 162 4852; x_wconf 87' lang='lat' dir='ltr'>Unde</span> <span class='ocrx_word' id='word_1_681' title='bbox 175 4797 306 4868; x_wconf 88' lang='lat' dir='ltr'>plantare</span> <span class='ocrx_word' id='word_1_682' title='bbox 320 4796 400 4868; x_wconf 89' lang='lat' dir='ltr'>ligna</span> <span class='ocrx_word' id='word_1_683' title='bbox 414 4796 554 4869; x_wconf 84' lang='lat' dir='ltr'>pomifera</span> <span class='ocrx_word' id='word_1_684' title='bbox 568 4797 704 4868; x_wconf 74' lang='lat' dir='ltr'>precepti</span> <span class='ocrx_word' id='word_1_685' title='bbox 718 4803 793 4851; x_wconf 91' lang='lat' dir='ltr'>sunt.</span> <span class='ocrx_word' id='word_1_686' title='bbox 814 4799 925 4868; x_wconf 68' lang='lat' dir='ltr'>,ligno-</span> <span class='ocrx_word' id='word_1_687' title='bbox 979 4819 1057 4858; x_wconf 87' lang='lat' dir='ltr'>nere.</span> <span class='ocrx_word' id='word_1_688' title='bbox 1086 4802 1164 4857; x_wconf 90' lang='lat' dir='ltr'>Unde</span> <span class='ocrx_word' id='word_1_689' title='bbox 1192 4800 1293 4854; x_wconf 88' lang='lat' dir='ltr'>addit:</span> <span class='ocrx_word' id='word_1_690' title='bbox 1318 4801 1355 4854; x_wconf 80' lang='lat' dir='ltr'>Et</span> <span class='ocrx_word' id='word_1_691' title='bbox 1377 4798 1565 4852; x_wconf 82' lang='lat' dir='ltr'>sanctuarium</span> <span class='ocrx_word' id='word_1_692' title='bbox 1590 4810 1678 4849; x_wconf 86' lang='lat' dir='ltr'>mcum</span> <span class='ocrx_word' id='word_1_693' title='bbox 1701 4797 1823 4850; x_wconf 84' lang='lat' dir='ltr'>metuite.</span> 
     </span>
    </p>
   </div>
   <div class='ocr_carea' id='block_1_4' title="bbox 79 4885 929 5578">
    <p class='ocr_par' dir='ltr' id='par_1_13' title="bbox 79 4885 929 5578">
     <span class='ocr_line' id='line_1_53' title="bbox 79 4885 927 4957; baseline 0.004 -19"><span class='ocrx_word' id='word_1_694' title='bbox 79 4900 146 4938; x_wconf 89' lang='lat' dir='ltr'>rum</span> <span class='ocrx_word' id='word_1_695' title='bbox 160 4885 587 4957; x_wconf 64' lang='lat' dir='ltr'>autemplantatio.ffmeditatio</span> <span class='ocrx_word' id='word_1_696' title='bbox 610 4886 681 4955; x_wconf 89' lang='lat' dir='ltr'>legis</span> <span class='ocrx_word' id='word_1_697' title='bbox 707 4890 749 4940; x_wconf 89' lang='lat' dir='ltr'>est</span> <span class='ocrx_word' id='word_1_698' title='bbox 774 4891 803 4940; x_wconf 90' lang='lat' dir='ltr'>et</span> <span class='ocrx_word' id='word_1_699' title='bbox 828 4886 927 4957; x_wconf 86' lang='lat' dir='ltr'>praedi-</span> 
     </span>
     <span class='ocr_line' id='line_1_54' title="bbox 81 4973 926 5046; baseline 0.007 -21"><span class='ocrx_word' id='word_1_700' title='bbox 81 4973 165 5040; x_wconf 89' lang='lat' dir='ltr'>catio,</span> <span class='ocrx_word' id='word_1_701' title='bbox 186 4974 343 5029; x_wconf 88' lang='lat' dir='ltr'>secundum</span> <span class='ocrx_word' id='word_1_702' title='bbox 357 4974 434 5046; x_wconf 88' lang='lat' dir='ltr'>quod</span> <span class='ocrx_word' id='word_1_703' title='bbox 446 4975 550 5029; x_wconf 89' lang='lat' dir='ltr'>dicitur</span> <span class='ocrx_word' id='word_1_704' title='bbox 566 4991 572 5029; x_wconf 95' lang='lat'>:</span> <span class='ocrx_word' id='word_1_705' title='bbox 599 4977 655 5044; x_wconf 73' lang='lat' dir='ltr'>Epo</span> <span class='ocrx_word' id='word_1_706' title='bbox 678 4975 814 5044; x_wconf 80' lang='lat' dir='ltr'>plantavi,</span> <span class='ocrx_word' id='word_1_707' title='bbox 828 4978 926 5046; x_wconf 81' lang='lat' dir='ltr'>Apollo</span> 
     </span>
     <span class='ocr_line' id='line_1_55' title="bbox 79 5062 929 5136; baseline 0.012 -23"><span class='ocrx_word' id='word_1_708' title='bbox 79 5062 193 5130; x_wconf 80' lang='lat' dir='ltr'>riquait,</span> <span class='ocrx_word' id='word_1_709' title='bbox 210 5068 263 5116; x_wconf 87' lang='lat' dir='ltr'>etc.</span> <span class='ocrx_word' id='word_1_710' title='bbox 281 5064 302 5132; x_wconf 85' lang='lat' dir='ltr'>(l</span> <span class='ocrx_word' id='word_1_711' title='bbox 316 5064 376 5120; x_wconf 85' lang='lat' dir='ltr'>Cor.</span> <span class='ocrx_word' id='word_1_712' title='bbox 392 5066 445 5136; x_wconf 88' lang='grc' dir='ltr'>ιιι.)</span> <span class='ocrx_word' id='word_1_713' title='bbox 461 5065 539 5119; x_wconf 88' lang='lat' dir='ltr'>Bona</span> <span class='ocrx_word' id='word_1_714' title='bbox 552 5063 667 5135; x_wconf 91' lang='lat' dir='ltr'>quidem</span> <span class='ocrx_word' id='word_1_715' title='bbox 683 5065 817 5120; x_wconf 89' lang='lat' dir='ltr'>mandata</span> <span class='ocrx_word' id='word_1_716' title='bbox 847 5072 929 5123; x_wconf 89' lang='lat' dir='ltr'>erant</span> 
     </span>
     <span class='ocr_line' id='line_1_56' title="bbox 80 5151 927 5226; baseline 0.009 -22"><span class='ocrx_word' id='word_1_717' title='bbox 80 5155 218 5220; x_wconf 89' lang='lat' dir='ltr'>tanquam</span> <span class='ocrx_word' id='word_1_718' title='bbox 233 5151 312 5220; x_wconf 90' lang='lat' dir='ltr'>ligna</span> <span class='ocrx_word' id='word_1_719' title='bbox 327 5154 478 5222; x_wconf 83' lang='lat' dir='ltr'>pomifera.</span> <span class='ocrx_word' id='word_1_720' title='bbox 494 5154 541 5209; x_wconf 88' lang='lat' dir='ltr'>sed</span> <span class='ocrx_word' id='word_1_721' title='bbox 555 5154 597 5208; x_wconf 92' lang='lat' dir='ltr'>illi</span> <span class='ocrx_word' id='word_1_722' title='bbox 616 5153 692 5226; x_wconf 89' lang='lat' dir='ltr'>qnod</span> <span class='ocrx_word' id='word_1_723' title='bbox 708 5154 850 5210; x_wconf 88' lang='lat' dir='ltr'>debebant</span> <span class='ocrx_word' id='word_1_724' title='bbox 868 5173 927 5212; x_wconf 90' lang='lat' dir='ltr'>nou</span> 
     </span>
     <span class='ocr_line' id='line_1_57' title="bbox 80 5237 926 5318; baseline 0.008 -25"><span class='ocrx_word' id='word_1_725' title='bbox 80 5237 232 5304; x_wconf 82' lang='lat' dir='ltr'>iaciebant,</span> <span class='ocrx_word' id='word_1_726' title='bbox 248 5244 360 5294; x_wconf 90' lang='lat' dir='ltr'>tantum</span> <span class='ocrx_word' id='word_1_727' title='bbox 377 5249 527 5313; x_wconf 84' lang='lat' dir='ltr'>sequentes</span> <span class='ocrx_word' id='word_1_728' title='bbox 544 5244 678 5298; x_wconf 89' lang='lat' dir='ltr'>litteram.</span> <span class='ocrx_word' id='word_1_729' title='bbox 706 5245 823 5299; x_wconf 86' lang='lat' dir='ltr'>Fructus</span> <span class='ocrx_word' id='word_1_730' title='bbox 846 5263 926 5318; x_wconf 92' lang='lat' dir='ltr'>ergo,</span> 
     </span>
     <span class='ocr_line' id='line_1_58' title="bbox 80 5325 929 5399; baseline 0.011 -19"><span class='ocrx_word' id='word_1_731' title='bbox 80 5325 110 5381; x_wconf 92' lang='lat' dir='ltr'>id</span> <span class='ocrx_word' id='word_1_732' title='bbox 127 5332 168 5380; x_wconf 90' lang='lat' dir='ltr'>est</span> <span class='ocrx_word' id='word_1_733' title='bbox 178 5327 305 5397; x_wconf 89' lang='lat' dir='ltr'>operatio</span> <span class='ocrx_word' id='word_1_734' title='bbox 320 5327 402 5398; x_wconf 88' lang='lat' dir='ltr'>legis,</span> <span class='ocrx_word' id='word_1_735' title='bbox 415 5330 538 5384; x_wconf 91' lang='lat' dir='ltr'>triennio</span> <span class='ocrx_word' id='word_1_736' title='bbox 549 5338 609 5385; x_wconf 88' lang='lat' dir='ltr'>erat</span> <span class='ocrx_word' id='word_1_737' title='bbox 620 5333 779 5399; x_wconf 89' lang='lat' dir='ltr'>immunda,</span> <span class='ocrx_word' id='word_1_738' title='bbox 797 5334 832 5388; x_wconf 89' lang='lat' dir='ltr'>ah</span> <span class='ocrx_word' id='word_1_739' title='bbox 845 5334 929 5388; x_wconf 69' lang='lat' dir='ltr'>athra-</span> 
     </span>
     <span class='ocr_line' id='line_1_59' title="bbox 82 5414 927 5491; baseline 0.009 -23"><span class='ocrx_word' id='word_1_740' title='bbox 82 5414 148 5468; x_wconf 90' lang='lat' dir='ltr'>ham</span> <span class='ocrx_word' id='word_1_741' title='bbox 168 5431 257 5486; x_wconf 91' lang='lat' dir='ltr'>usquc</span> <span class='ocrx_word' id='word_1_742' title='bbox 278 5416 313 5469; x_wconf 90' lang='lat' dir='ltr'>ad</span> <span class='ocrx_word' id='word_1_743' title='bbox 342 5416 441 5485; x_wconf 82' lang='lat' dir='ltr'>David,</span> <span class='ocrx_word' id='word_1_744' title='bbox 468 5434 484 5471; x_wconf 87' lang='lat' dir='ltr'>a</span> <span class='ocrx_word' id='word_1_745' title='bbox 507 5418 593 5474; x_wconf 84' lang='lat' dir='ltr'>David</span> <span class='ocrx_word' id='word_1_746' title='bbox 617 5436 707 5491; x_wconf 91' lang='lat' dir='ltr'>usque</span> <span class='ocrx_word' id='word_1_747' title='bbox 736 5422 769 5476; x_wconf 89' lang='lat' dir='ltr'>ad</span> <span class='ocrx_word' id='word_1_748' title='bbox 794 5422 927 5476; x_wconf 89' lang='lat' dir='ltr'>transmi-</span> 
     </span>
     <span class='ocr_line' id='line_1_60' title="bbox 83 5505 929 5578; baseline 0.005 -21"><span class='ocrx_word' id='word_1_749' title='bbox 83 5505 241 5575; x_wconf 88' lang='lat' dir='ltr'>grationem</span> <span class='ocrx_word' id='word_1_750' title='bbox 258 5505 428 5574; x_wconf 81' lang='lat' dir='ltr'>Babylonis:</span> <span class='ocrx_word' id='word_1_751' title='bbox 445 5505 511 5560; x_wconf 91' lang='lat' dir='ltr'>iude</span> <span class='ocrx_word' id='word_1_752' title='bbox 525 5523 614 5578; x_wconf 89' lang='lat' dir='ltr'>usqne</span> <span class='ocrx_word' id='word_1_753' title='bbox 629 5509 664 5562; x_wconf 88' lang='lat' dir='ltr'>ad</span> <span class='ocrx_word' id='word_1_754' title='bbox 680 5509 835 5570; x_wconf 86' lang='lat' dir='ltr'>Christum.</span> <span class='ocrx_word' id='word_1_755' title='bbox 856 5509 929 5563; x_wconf 88' lang='lat' dir='ltr'>sicut</span> 
     </span>
    </p>
   </div>
   <div class='ocr_carea' id='block_1_5' title="bbox 978 4882 1832 5575">
    <p class='ocr_par' dir='ltr' id='par_1_14' title="bbox 978 4882 1832 5493">
     <span class='ocr_line' id='line_1_61' title="bbox 978 4882 1830 4961; baseline -0.012 -14"><span class='ocrx_word' id='word_1_756' title='bbox 978 4891 1146 4949; x_wconf 87' lang='lat' dir='ltr'>Sicutenim</span> <span class='ocrx_word' id='word_1_757' title='bbox 1167 4888 1216 4961; x_wconf 92' lang='lat' dir='ltr'>qui</span> <span class='ocrx_word' id='word_1_758' title='bbox 1230 4888 1315 4958; x_wconf 89' lang='lat' dir='ltr'>digne</span> <span class='ocrx_word' id='word_1_759' title='bbox 1337 4885 1484 4951; x_wconf 86' lang='lat' dir='ltr'>accedunt,</span> <span class='ocrx_word' id='word_1_760' title='bbox 1506 4882 1691 4947; x_wconf 86' lang='lat' dir='ltr'>sanctificant,</span> <span class='ocrx_word' id='word_1_761' title='bbox 1715 4882 1754 4936; x_wconf 90' lang='lat' dir='ltr'>sic</span> <span class='ocrx_word' id='word_1_762' title='bbox 1778 4882 1830 4954; x_wconf 89' lang='lat' dir='ltr'>qui</span> 
     </span>
     <span class='ocr_line' id='line_1_62' title="bbox 979 4972 1830 5054; baseline -0.013 -16"><span class='ocrx_word' id='word_1_763' title='bbox 979 4982 1078 5054; x_wconf 89' lang='lat' dir='ltr'>inique</span> <span class='ocrx_word' id='word_1_764' title='bbox 1093 4983 1283 5053; x_wconf 79' lang='lat' dir='ltr'>praesumunt,</span> <span class='ocrx_word' id='word_1_765' title='bbox 1307 4981 1335 5031; x_wconf 90' lang='lat' dir='ltr'>et</span> <span class='ocrx_word' id='word_1_766' title='bbox 1358 4972 1503 5031; x_wconf 89' lang='lat' dir='ltr'>immundi</span> <span class='ocrx_word' id='word_1_767' title='bbox 1521 4973 1667 5028; x_wconf 89' lang='lat' dir='ltr'>accedunt.</span> <span class='ocrx_word' id='word_1_768' title='bbox 1688 4977 1830 5042; x_wconf 82' lang='lat' dir='ltr'>qaaantum</span> 
     </span>
     <span class='ocr_line' id='line_1_63' title="bbox 982 5061 1829 5140; baseline -0.014 -12"><span class='ocrx_word' id='word_1_769' title='bbox 982 5072 1067 5128; x_wconf 91' lang='lat' dir='ltr'>estin</span> <span class='ocrx_word' id='word_1_770' title='bbox 1083 5088 1122 5136; x_wconf 86' lang='lat' dir='ltr'>se,</span> <span class='ocrx_word' id='word_1_771' title='bbox 1140 5069 1284 5140; x_wconf 89' lang='lat' dir='ltr'>polluunt,</span> <span class='ocrx_word' id='word_1_772' title='bbox 1301 5066 1375 5120; x_wconf 89' lang='lat' dir='ltr'>sicut</span> <span class='ocrx_word' id='word_1_773' title='bbox 1389 5063 1486 5118; x_wconf 86' lang='lat' dir='ltr'>Nadab</span> <span class='ocrx_word' id='word_1_774' title='bbox 1497 5067 1525 5116; x_wconf 90' lang='lat' dir='ltr'>et</span> <span class='ocrx_word' id='word_1_775' title='bbox 1537 5061 1624 5118; x_wconf 81' lang='lat' dir='ltr'>Abiu.</span> <span class='ocrx_word' id='word_1_776' title='bbox 1649 5061 1728 5116; x_wconf 70' lang='lat' dir='ltr'>bride</span> <span class='ocrx_word' id='word_1_777' title='bbox 1751 5065 1829 5131; x_wconf 78' lang='lat' dir='ltr'>Apo-</span> 
     </span>
     <span class='ocr_line' id='line_1_64' title="bbox 981 5151 1829 5222; baseline -0.014 -5"><span class='ocrx_word' id='word_1_778' title='bbox 981 5163 1094 5217; x_wconf 90' lang='lat' dir='ltr'>stolus:</span> <span class='ocrx_word' id='word_1_779' title='bbox 1124 5163 1197 5215; x_wconf 83' lang='lat' dir='ltr'>lntcr</span> <span class='ocrx_word' id='word_1_780' title='bbox 1225 5172 1272 5213; x_wconf 84' lang='lat' dir='ltr'>aes</span> <span class='ocrx_word' id='word_1_781' title='bbox 1304 5157 1385 5209; x_wconf 83' lang='lat' dir='ltr'>multi</span> <span class='ocrx_word' id='word_1_782' title='bbox 1410 5155 1514 5222; x_wconf 69' lang='lat' dir='ltr'>infimi</span> <span class='ocrx_word' id='word_1_783' title='bbox 1540 5156 1566 5205; x_wconf 88' lang='lat' dir='ltr'>et</span> <span class='ocrx_word' id='word_1_784' title='bbox 1592 5151 1746 5214; x_wconf 84' lang='lat' dir='ltr'>imbeciltes,</span> <span class='ocrx_word' id='word_1_785' title='bbox 1776 5156 1829 5205; x_wconf 90' lang='lat' dir='ltr'>etc.</span> 
     </span>
     <span class='ocr_line' id='line_1_65' title="bbox 981 5241 1832 5320; baseline -0.018 -15"><span class='ocrx_word' id='word_1_786' title='bbox 981 5251 1077 5320; x_wconf 80' lang='lat' dir='ltr'>(icor.</span> <span class='ocrx_word' id='word_1_787' title='bbox 1104 5248 1154 5318; x_wconf 77' lang='lat' dir='ltr'>nr.)</span> <span class='ocrx_word' id='word_1_788' title='bbox 1177 5246 1244 5301; x_wconf 90' lang='lat' dir='ltr'>lude</span> <span class='ocrx_word' id='word_1_789' title='bbox 1274 5243 1410 5298; x_wconf 90' lang='lat' dir='ltr'>additur:</span> <span class='ocrx_word' id='word_1_790' title='bbox 1455 5244 1510 5309; x_wconf 76' lang='lat' dir='ltr'>Ego</span> <span class='ocrx_word' id='word_1_791' title='bbox 1535 5241 1676 5304; x_wconf 85' lang='lat' dir='ltr'>Dominus,</span> <span class='ocrx_word' id='word_1_792' title='bbox 1703 5243 1832 5303; x_wconf 89' lang='lat' dir='ltr'>sanctus,</span> 
     </span>
     <span class='ocr_line' id='line_1_66' title="bbox 982 5329 1831 5400; baseline -0.013 -9"><span class='ocrx_word' id='word_1_793' title='bbox 982 5335 1098 5400; x_wconf 87' lang='lat' dir='ltr'>scilicet,</span> <span class='ocrx_word' id='word_1_794' title='bbox 1114 5341 1143 5390; x_wconf 91' lang='lat' dir='ltr'>et</span> <span class='ocrx_word' id='word_1_795' title='bbox 1158 5335 1244 5389; x_wconf 80' lang='lat' dir='ltr'>etiarn</span> <span class='ocrx_word' id='word_1_796' title='bbox 1266 5333 1297 5387; x_wconf 89' lang='lat' dir='ltr'>in</span> <span class='ocrx_word' id='word_1_797' title='bbox 1326 5332 1430 5386; x_wconf 90' lang='lat' dir='ltr'>sanctis</span> <span class='ocrx_word' id='word_1_798' title='bbox 1458 5329 1591 5384; x_wconf 87' lang='lat' dir='ltr'>habitans</span> <span class='ocrx_word' id='word_1_799' title='bbox 1616 5332 1645 5383; x_wconf 88' lang='lat' dir='ltr'>et</span> <span class='ocrx_word' id='word_1_800' title='bbox 1669 5331 1831 5382; x_wconf 88' lang='lat' dir='ltr'>sanctorum</span> 
     </span>
     <span class='ocr_line' id='line_1_67' title="bbox 981 5423 1289 5493; baseline 0.006 -20"><span class='ocrx_word' id='word_1_801' title='bbox 981 5423 1128 5478; x_wconf 86' lang='lat' dir='ltr'>vindicans</span> <span class='ocrx_word' id='word_1_802' title='bbox 1144 5423 1289 5493; x_wconf 84' lang='lat' dir='ltr'>injuriam.</span> 
     </span>
    </p>

    <p class='ocr_par' dir='ltr' id='par_1_15' title="bbox 1017 5505 1832 5575">
     <span class='ocr_line' id='line_1_68' title="bbox 1017 5505 1832 5575; baseline -0.004 -13"><span class='ocrx_word' id='word_1_803' title='bbox 1017 5511 1097 5563; x_wconf 84' lang='lat' dir='ltr'>Vens.</span> <span class='ocrx_word' id='word_1_804' title='bbox 1115 5513 1210 5564; x_wconf 49' lang='lat'>310-</span> <span class='ocrx_word' id='word_1_805' title='bbox 1225 5508 1273 5563; x_wconf 80' lang='lat' dir='ltr'>Ad</span> <span class='ocrx_word' id='word_1_806' title='bbox 1287 5521 1389 5574; x_wconf 79' lang='lat' dir='ltr'>magos.</span> <span class='ocrx_word' id='word_1_807' title='bbox 1412 5507 1494 5562; x_wconf 80' lang='lat' dir='ltr'>Lxx:</span> <span class='ocrx_word' id='word_1_808' title='bbox 1520 5505 1720 5575; x_wconf 72' lang='lat' dir='ltr'>ventriloquus,</span> <span class='ocrx_word' id='word_1_809' title='bbox 1742 5505 1774 5559; x_wconf 81' lang='lat' dir='ltr'>id</span> <span class='ocrx_word' id='word_1_810' title='bbox 1792 5511 1832 5560; x_wconf 85' lang='lat' dir='ltr'>cst</span> 
     </span>
    </p>
   </div>
   <div class='ocr_carea' id='block_1_6' title="bbox 0 0 1962 6100">
    <p class='ocr_par' dir='ltr' id='par_1_16' title="bbox 0 0 1962 6100">
     <span class='ocr_line' id='line_1_69' title="bbox 0 0 1962 6100; baseline 0 0"><span class='ocrx_word' id='word_1_811' title='bbox 0 0 1962 6100; x_wconf 95' lang='lat' dir='ltr'> </span> 
     </span>
    </p>
   </div>
  </div>
 </body>
</html>
