3892 6106
168 249 220 306 803
473 248 673 304 wetsrulbl
692 247 814 305 srneul
834 247 933 305 rusb.
956 248 1035 306 lton.
1055 247 1130 306 OPP.
1151 246 1243 307 PARS
1261 250 1283 307 t.
1303 276 1338 290 -
1356 248 1583 308 THEOLOGICA·
1858 256 1914 310 301

142 424 144 428 .
167 374 424 448 regemsigniticat,
448 373 677 446 quantumeuim
699 372 785 429 distat
808 372 885 429 inter
913 373 1012 430 solidi·
1029 372 1110 444 tius
1124 376 1151 429 et
1176 386 1261 442 penus
1296 387 1399 431 mmm.
1423 373 1504 440 Quod
1523 372 1602 430 euim
1624 373 1736 432 invenit
1758 391 1923 449 congruum

164 471 253 522 tatem
281 464 364 538 panis
387 469 416 520 et
440 464 607 520 tenuitatem
645 461 750 534 lagani,
781 466 894 517 tantum
943 462 1019 518 inter
1070 461 1195 517 scientiae
1219 461 1280 533 Dei,
1308 477 1368 517 non
1393 463 1521 534 respuit:
1536 478 1597 518 nou
1619 467 1716 520 umen
1741 464 1819 520 ultra
1847 467 1926 523 testi·

167 554 352 624 Evangelinm
380 556 409 607 et
435 553 523 607 rerba
550 551 622 622 legis
650 555 678 605 et
704 549 934 621 prophetarum:
955 550 1017 607 hoec
1069 549 1166 605 monia
1188 550 1397 622 multiplicavit,
1416 552 1484 623 quia
1501 551 1610 623 placuit
1622 553 1678 608 lieo
1692 568 1746 624 per
1774 554 1923 612 stultitiam

165 642 334 697 tamenoteo
349 640 409 708 lita,
439 639 508 711 quia
536 639 579 694 ier
610 642 639 694 ot
668 638 819 710 prophetia
848 638 1016 695 charitatem
1069 638 1281 709 predicationis
1295 639 1386 693 salros
1409 638 1502 694 tacere
1530 639 1696 709 credentes;
1722 642 1802 697 uude
1816 642 1924 714 iioyses

166 730 269 787 Christi
280 728 484 801 predixerunt,
501 728 568 800 quia
583 727 613 782 iu
636 727 759 782 salutem
787 725 908 783 humaui
932 742 1021 800 gene.
1069 727 1125 783 ait:
1142 728 1329 798 supe-attare
1356 742 1419 783 cero
1446 742 1500 783 non
1514 729 1696 798 imponentur,
1713 733 1743 783 et
1764 744 1832 785 curu
1855 731 1925 788 lice·

165 818 205 874 ris
219 818 307 874 venit.
1069 821 1113 870 ret
1125 816 1179 870 dici
1195 832 1253 871 nou
1268 821 1420 888 ponentur,
1434 816 1596 874 dicitrllon
1610 820 1786 887 imponentur
1813 821 1845 874 tn
1858 820 1923 876 odo-

200 909 280 962 Vnns.
296 909 325 962 5.
344 935 381 948 -
407 905 439 963 Si
459 905 559 961 oblatio
586 908 634 959 tua
655 905 751 972 drmit,
776 908 828 958 etc.
863 904 952 976 llsrcn.
986 906 1016 960 in
1067 918 1124 960 rem
1137 906 1301 959 suauitatisz
1325 903 1500 975 significans,
1526 905 1596 977 qnia
1615 905 1641 960 si
1664 906 1872 963 tentaverimus
1887 907 1923 966 de

164 997 237 1064 ico.)
249 994 362 1050 Oblatio
377 994 412 1050 de
435 994 590 1065 sartagine,
603 997 668 1057 etc..
692 992 873 1063 reprendet
901 992 966 1049 ideo
981 993 1016 1050 ab
1067 992 1257 1049 exterioribus
1271 993 1427 1049 divinitatis
1449 992 1568 1065 adipisci
1591 993 1733 1052 renuam.
1758 996 1816 1051 tale
1835 996 1921 1052 sacri·

164 1084 226 1157 ojus
239 1082 488 1138 scientiarecessit.
1067 1080 1164 1137 ficium
1193 1081 1228 1137 ad
1252 1081 1343 1137 altare
1375 1096 1437 1137 nou
1458 1082 1595 1151 ascendit,
1619 1083 1668 1139 sed
1693 1082 1862 1156 depriuntur
1888 1085 1918 1141 in

199 1173 302 1229 Simile
330 1185 488 1241 conspersa,
513 1173 567 1224 etc.
595 1168 667 1235 Ouia
696 1173 826 1225 mortuus
847 1173 890 1224 aet
916 1173 945 1224 at
966 1171 1016 1225 mi·
1067 1169 1199 1232 terrenis,
1216 1169 1284 1240 quia
1302 1167 1338 1224 de
1351 1173 1429 1225 terra
1443 1171 1495 1224 est.

164 1257 366 1314 sertusnostri.
1102 1258 1200 1326 (Bene.
1218 1257 1339 1324 inm„
1367 1262 1438 1313 tom.
1469 1258 1511 1328 ιι).
1528 1256 1611 1322 Quod
1626 1257 1684 1313 mel
1713 1258 1808 1315 inlisi
1835 1261 1919 1316 amri·

197 1348 311 1420 Absque
322 1349 462 1414 tomento,
479 1343 509 1400 id
522 1347 574 1410 est,
586 1343 648 1398 sine
663 1344 784 1399 macula.
1066 1345 1164 1402 ficium
1177 1361 1235 1401 nou
1249 1344 1411 1412 offerretur,
1427 1349 1492 1411 etc,
1507 1359 1594 1417 usqne
1607 1346 1646 1401 nd
1659 1345 1828 1419 imperfecta
1839 1363 1919 1420 quas·

165 1479 168 1485 .
198 1438 277 1492 Vnus.
293 1439 366 1490 6.-
388 1433 498 1490 Diuides
526 1448 585 1488 eum
597 1435 755 1488 minutatim
770 1447 777 1487 :
795 1437 826 1487 ut
849 1445 1013 1486 sermonem
1066 1450 1123 1507 que
1133 1433 1303 1489 omittimus.

161 1525 327 1598 passionum
346 1523 418 1594 ejus,
435 1522 485 1594 qui
500 1537 553 1594 per
578 1526 673 1592 partes
698 1525 912 1593 processerunt,
940 1518 1011 1575 diri·
1103 1524 1188 1578 Vens.
1206 1525 1248 1578 13.
1276 1551 1313 1564 -
1334 1521 1397 1579 srte
1416 1521 1583 1579 conanime
1600 1524 1709 1592 aufers
1736 1525 1780 1580 sul
1798 1525 1919 1594 nuderis.

162 1613 273 1680 damus,
295 1612 402 1682 alapas,
431 1609 537 1665 scilicet
566 1608 712 1681 colaphos,
735 1611 819 1680 sputa
845 1612 874 1664 et
893 1607 1012 1663 vulnera
1033 1610 1392 1717 nepostoticasapientie.
1414 1611 1508 1667 Unde:
1532 1613 1587 1667 Vos
1606 1613 1671 1667 estis
1694 1613 1738 1667 sal
1760 1618 1851 1680 terras,
1868 1619 1920 1672 etc.

163 1702 316 1773 diligenter
329 1700 549 1770 distinguamus.
1021 1715 1022 1720 ¹
1068 1701 1174 1771 (nmen.
1191 1699 1230 1772 r).
1240 1699 1318 1756 Sicut
1330 1699 1426 1755 omnis
1438 1698 1519 1754 cibus
1530 1699 1590 1754 sals
1617 1699 1764 1770 conditur,
1793 1702 1836 1758 ita
1849 1717 1922 1774 apo-

197 1792 233 1846 tn
245 1788 345 1857 sunder
381 1802 473 1857 snper,
497 1790 562 1854 etc,
583 1788 615 1841 ut
640 1785 883 1858 quemadmodum
905 1783 1015 1840 miseri·
1067 1788 1168 1844 stolica
1183 1788 1314 1844 doctrina
1337 1803 1430 1843 sermo
1452 1787 1675 1860 predicationis.
1700 1789 1767 1845 Ideo
1790 1790 1924 1862 praecipi·

162 1877 288 1934 corditer
298 1892 351 1947 pro
368 1874 451 1931 nobis
465 1879 596 1931 mortuus
606 1879 658 1940 est,
673 1889 724 1928 noe
742 1890 858 1946 quoque
879 1889 931 1945 pro
953 1873 1013 1929 tra·
1067 1883 1115 1932 tur
1130 1876 1171 1932 sal
1186 1875 1308 1932 inomni
1320 1875 1458 1931 sacrificio
1473 1875 1579 1942 offerri,
1604 1879 1636 1932 ut
1659 1878 1821 1934 secuudum
1844 1883 1920 1950 Apo·

152 1966 255 2021 tribus
268 1981 358 2036 usque
374 1964 408 2019 ad
420 1968 543 2018 mortem
559 1962 757 2018 misereamur.
1068 1965 1197 2022 stolicam
1211 1965 1370 2020 doctrinam
1385 1969 1415 2018 et
1440 1963 1650 2020 institutionem
1672 1970 1703 2022 ct
1728 1965 1920 2023 imitationem

198 2054 395 2120 Desertugine.
411 2049 578 2105 Sicuteuim
593 2054 705 2121 sartago
715 2049 809 2106 media
820 2048 896 2105 iuter
916 2049 1014 2121 ignem
1068 2053 1165 2126 operis
1187 2053 1327 2109 vivamus.
1352 2051 1433 2107 Unde
1460 2052 1574 2121 Paulus,
1610 2053 1671 2110 ait:
1690 2055 1848 2112 lmitctores
1868 2059 1920 2113 mei

161 2145 191 2197 el
209 2141 315 2210 cibum,
330 2137 592 2211 sicquodammndo
613 2154 682 2193 crux
704 2136 779 2194 iuter
806 2137 1014 2209 impassibilem
1067 2148 1159 2210 estem,
1174 2145 1280 2198 sieutet
1300 2155 1348 2209 epo
1368 2141 1505 2213 Giristiss
1526 2142 1588 2199 Gor.
1617 2143 1667 2213 iv).
1707 2144 1740 2199 nt
1763 2143 1923 2203 alibitsa·

162 2229 342 2286 divinitatem
357 2227 611 2292 etbumanitatem,
641 2242 706 2298 qum
721 2226 788 2299 igne
816 2226 957 2298 passionis
967 2231 1015 2281 est
1064 2230 1245 2302 peredificnti
1270 2244 1352 2300 snper
1379 2229 1588 2296 medonensem
1606 2231 1792 2301 apostotorum
1818 2238 1846 2288 st
1858 2247 1924 2304 pro·

163 2323 265 2374 assela.
280 2316 397 2373 Etsicut
410 2315 440 2370 in
460 2315 604 2386 sartagine
630 2315 728 2370 mollia
754 2315 919 2380 durescunt,
942 2315 1015 2371 dura
1065 2319 1210 2391 plutonem
1233 2317 1316 2389 (Epi.
1341 2318 1383 2389 u).
1409 2318 1489 2374 Unde
1521 2322 1551 2373 et
1574 2318 1721 2390 legislator
1758 2336 1819 2376 non
1853 2320 1924 2377 dixit

163 2409 341 2474 mollescunt,
370 2410 410 2461 sic
435 2406 467 2460 iu
488 2405 618 2478 passione
650 2405 741 2459 crucis
777 2404 890 2477 lapidea
930 2406 1015 2461 corda
1067 2407 1236 2480 simpliciter
1250 2406 1292 2462 sal
1308 2423 1315 2463 :
1331 2407 1391 2475 sed,
1418 2408 1460 2463 snt
1478 2407 1652 2475 foderisbei
1672 2411 1724 2463 tui.
1744 2408 1825 2464 Sicut
1846 2411 1923 2468 euim

162 2497 285 2565 mollita,
298 2494 436 2551 molliaet
461 2494 538 2548 tluxe
571 2492 699 2547 solideta.
722 2493 759 2548 tle
776 2493 918 2565 sartagine
946 2510 1014 2565 ergo
1066 2495 1159 2553 loedus
1171 2494 1322 2565 rationale,
1345 2496 1386 2551 sic
1403 2495 1488 2551 etiam
1511 2496 1551 2551 sel
1574 2496 1725 2552 rationale.
1746 2497 1923 2556 Testamenti

162 2585 332 2641 sacriticium
346 2582 448 2638 offerre
473 2587 517 2637 est
528 2582 564 2637 de
592 2579 729 2652 mysterio
755 2581 847 2636 crucis
872 2596 938 2636 cum
970 2596 1015 2637 ve·
1068 2584 1307 2657 ergoEvengelici
1334 2587 1364 2640 et
1390 2584 1457 2639 salis
1482 2585 1638 2656 apostotici
1657 2601 1710 2640 uos
1737 2602 1923 2644 commonere

163 2673 312 2729 uenatione
324 2671 478 2742 disputare.
1067 2672 1166 2727 voluit.
1181 2672 1283 2728 Oleum
1297 2670 1328 2726 iu
1342 2670 1512 2727 sacriticinm
1539 2670 1669 2739 offertur,
1680 2672 1705 2727 si
1728 2689 1794 2729 cnm
1824 2675 1924 2732 hilari·

212 2763 291 2816 Vens.
319 2764 347 2815 7.
371 2787 408 2801 -
430 2758 480 2815 Sin
502 2763 591 2813 nutem
614 2756 656 2821 de,
680 2762 733 2812 etc.
764 2758 856 2828 (isica.
886 2759 917 2812 tn
939 2758 1014 2830 Leo.)
1069 2755 1302 2829 manderemus,
1321 2774 1380 2814 non
1407 2773 1443 2814 ex
1462 2758 1579 2814 tristitia
1606 2764 1657 2822 eut
1681 2769 1717 2817 ex
1740 2765 1921 2820 uecessitats.

162 2851 242 2907 Sicut
254 2849 285 2904 iu
298 2848 443 2920 sartagine
457 2862 581 2911 crucem,
602 2852 665 2913 etc,
689 2861 774 2916 usqne
785 2846 824 2901 nd
845 2862 880 2901 ex
901 2845 1014 2901 miseri-
1069 2844 1194 2900 Hilarem
1205 2846 1420 2902 enimdetorem
1435 2847 1528 2919 diligit
1544 2849 1617 2902 Deus
1631 2848 1668 2918 lli
1683 2850 1743 2907 Gor.
1766 2850 1816 2921 ιι).

162 2939 260 2995 cordia
272 2938 381 3010 quippe
402 2941 525 2993 mortem
548 2935 693 3002 sustinuit,
722 2942 752 2991 el
776 2935 1054 2998 resurrectionemc
1105 2935 1152 2992 Sal
1176 2936 1227 3009 qui
1256 2937 1406 3009 stypticam
1431 2937 1489 2991 vim
1518 2937 1613 3007 hebet,
1640 2943 1670 2993 et
1697 2939 1861 2994 contrarius
1882 2945 1924 2997 est

164 3026 351 3099 dispensarit.
1071 3025 1161 3092 metti,
1176 3025 1296 3096 jubetur
1323 3026 1389 3081 eddi
1418 3025 1593 3081 sacrificiis:
1621 3027 1663 3080 sal
1694 3028 1861 3099 symbolum
1882 3033 1924 3085 cst

199 3118 249 3172 Sin
263 3120 362 3179 autem,
400 3116 453 3167 etc.
483 3111 634 3180 ltoraliter,
665 3110 788 3167 similam
814 3111 897 3168 offert
919 3112 970 3184 qui
985 3113 1015 3169 in
1069 3115 1325 3186 prudentiaeque
1352 3114 1501 3187 restringit
1524 3118 1553 3169 et
1575 3115 1696 3170 exsiccat
1733 3117 1921 3189 voluptutem.

164 3204 307 3275 aliquibus
328 3199 488 3256 communis
514 3199 579 3255 ritae
606 3199 705 3254 usibus
727 3199 817 3255 'bene
856 3202 1016 3257 conversari
1104 3203 1229 3259 inomni
1257 3204 1398 3270 oblatione,
1423 3209 1476 3259 etc.
1493 3203 1607 3259 Placere
1625 3203 1703 3259 enim
1722 3204 1782 3260 neo
1804 3221 1925 3277 nonpo-

164 3292 268 3348 studet.
281 3292 345 3346 ttoec
360 3289 423 3344 oleo
433 3288 650 3359 conspergenda
665 3293 717 3355 est,
733 3288 802 3360 qnia
814 3288 908 3343 omnis
918 3289 1015 3345 auium
1069 3291 1137 3346 terit
1151 3289 1229 3362 quod
1243 3307 1302 3346 non
1314 3293 1349 3347 ed
1362 3307 1493 3346 normam
1508 3290 1664 3346 voluntatis
1679 3290 1742 3363 ejus
1759 3299 1923 3350 correctum

164 3381 228 3436 oleo
243 3383 309 3450 egct
323 3374 534 3443 misericordie,
546 3391 598 3430 nec
615 3375 699 3431 vitam
712 3381 883 3446 presentem
894 3376 1014 3431 evadere
1068 3377 1164 3434 tuerit.
1182 3379 1254 3434 Nam
1269 3378 1338 3435 siin
1351 3380 1436 3434 rebus
1447 3378 1581 3435 humanis
1596 3384 1674 3435 tante
1692 3381 1806 3436 cautela
1834 3397 1924 3454 agen·

164 3472 268 3540 polest,
281 3466 338 3521 uisi
361 3463 558 3520 misericordie
583 3463 705 3518 coetestis
734 3462 855 3518 nituerit.
881 3463 1015 3519 Clibanus
1068 3465 1138 3523 dum
1152 3467 1301 3522 admonuit
1311 3467 1429 3539 quidam
1442 3467 1478 3523 de
1505 3468 1606 3523 mundi
1629 3468 1716 3539 hujus
1731 3468 1921 3540 sapientibus,

165 3565 262 3612 antem
276 3554 390 3628 pondus
402 3553 568 3608 tentationis
583 3552 727 3624 exprimit,
737 3557 851 3624 sartago
879 3558 1015 3608 constan-
1067 3560 1101 3611 ut
1124 3555 1250 3612 diceret:
1280 3556 1381 3613 Omnis
1403 3556 1477 3611 actio
1505 3556 1667 3612 temeritate
1690 3562 1720 3612 et
1744 3558 1926 3630 negligentis

163 3647 275 3702 tiamet
302 3643 392 3699 robur
422 3640 523 3708 animi,
544 3641 681 3698 craticula
709 3640 897 3714 multiplicem
923 3642 1015 3714 impu·
1067 3659 1167 3700 vacare
1182 3643 1363 3715 debctzquid
1386 3644 1422 3699 da
1446 3643 1498 3700 liei
1514 3643 1598 3698 rebus
1622 3644 1825 3700 aestimandum
1853 3647 1926 3703 est?

163 3735 339 3808 gnatiouem.
1102 3730 1134 3788 Si
1160 3737 1250 3787 antem
1272 3732 1411 3799 obtuleris,
1444 3737 1501 3788 etc.
1533 3731 1637 3802 torum,
1662 3732 1782 3789 tibiin
1821 3735 1924 3809 terte)

198 3826 279 3880 Vnus.
305 3825 346 3877 lt.
371 3849 406 3862 -
437 3818 530 3875 Omnis
548 3817 658 3874 oblatio.
694 3813 799 3887 (Ortus
824 3817 915 3873 homit.
944 3821 1013 3874 bin
1067 3819 1197 3876 Secundo
1225 3820 1256 3876 in
1285 3821 1346 3875 loco
1374 3820 1579 3892 primitiarum,
1603 3826 1668 3890 ato,
1690 3836 1775 3894 usqua
1801 3823 1924 3898 adqui·

140 3914 233 3987 wer.)
248 3911 327 3968 Dicat
338 3906 454 3980 aliquis,
470 3911 536 3974 etc,
557 3921 642 3977 nsque
671 3906 709 3961 nd
733 3906 788 3962 hoc
809 3907 896 3962 modo
919 3907 1013 3962 rarius
1068 3909 1162 3964 littera
1172 3909 1358 3981 separabatur
1372 3909 1515 3981 aspiritu.

160 4008 190 4058 ct
203 3998 356 4074 perfectius
366 3996 524 4052 secuudum
544 3993 729 4066 utvaugelium
757 3994 894 4050 sacrificia
916 3994 1011 4064 offers,
1103 3997 1417 4068 (trisulcontrinpesin
1435 4013 1544 4064 morem
1571 4001 1637 4066 ete,
1654 3997 1715 4054 Non
1744 3999 1833 4056 modo
1848 4016 1921 4074 pres·

159 4106 225 4164 ques
236 4090 297 4160 jam
308 4083 467 4141 secundum
481 4083 575 4154 legem
585 4097 643 4137 uon
667 4085 762 4154 potest
783 4082 885 4137 otlerre
915 4082 1010 4139 lsrael.
1066 4087 1204 4157 cepiteos
1221 4086 1427 4154 [leinotitiam
1441 4091 1508 4155 etc„
1548 4102 1634 4156 usqne
1665 4087 1703 4142 ud
1729 4103 1782 4159 per
1798 4090 1919 4145 eleemo-

195 4176 329 4235 Fermenti
340 4189 372 4229 oc
380 4172 477 4227 mellis.
499 4171 577 4226 ltitril
587 4170 800 4241 voluptuosum,
830 4170 902 4226 nihil
926 4186 1011 4227 auare
1066 4188 1168 4244 synam
1195 4173 1303 4246 quippe
1333 4177 1362 4230 et
1384 4173 1544 4230 orationem
1567 4172 1686 4228 scientia
1713 4173 1813 4230 divina
1838 4175 1918 4232 nobis

158 4265 253 4339 placet
267 4265 335 4329 beo,
361 4259 410 4315 sad
429 4258 507 4331 quod
529 4257 615 4314 trahet
642 4258 752 4329 aliquid
776 4257 970 4313 mordacitatis
985 4264 1014 4313 et
1034 4234 1223 4331 ¹'perticitun

159 4351 326 4410 severitatis.
344 4347 423 4404 Unde
442 4346 548 4420 pascha
573 4361 637 4401 cum
665 4345 905 4402 amaritudinibus
934 4361 1011 4402 mau-
1422 4349 1536 4405 CAPUT
1556 4349 1605 4406 llt.

159 4444 289 4500 ducatur.
1100 4437 1188 4494 Vens.
1204 4442 1228 4494 1.
1243 4469 1277 4480 ·-
1298 4439 1374 4506 Quod
1405 4442 1430 4496 si
1457 4441 1556 4511 bustu,
1586 4446 1640 4496 etc.
1671 4439 1763 4511 (Oete.
1792 4441 1914 4498 tonsili

193 4534 235 4588 rte
250 4529 347 4585 mellis.
360 4523 479 4584 Gentitis
493 4521 675 4595 eloquentius,
691 4537 757 4594 quae
771 4537 839 4577 voce
854 4522 1008 4591 suarisest,
1063 4528 1093 4581 in
1107 4526 1202 4598 teuit.)
1227 4527 1410 4585 transmissis
1434 4529 1556 4596 ceteris,
1572 4527 1608 4584 de
1630 4528 1805 4586 salutaribus
1831 4529 1916 4587 sacri·

157 4637 216 4677 non
245 4634 285 4674 re.
321 4614 415 4672 Unde:
443 4614 533 4669 Funus
569 4610 707 4666 uernum
745 4609 821 4666 lubin
862 4613 1010 4669 meretricis
1064 4614 1136 4671 liciis
1148 4614 1226 4681 dicit,
1242 4632 1308 4687 quae
1319 4616 1355 4671 de
1369 4615 1552 4684 animalibus,
1567 4615 1598 4672 id
1611 4623 1655 4673 est
1668 4615 1761 4673 bobus
1783 4622 1813 4673 et
1824 4617 1915 4690 capris

157 4712 247 4781 (Pron.
267 4705 305 4778 r).
321 4703 403 4771 Quod
422 4706 518 4758 autem
547 4699 652 4756 dicitur
675 4699 707 4754 iu
738 4699 877 4756 canticis:
905 4702 958 4757 btel
983 4705 1010 4757 et
1064 4702 1388 4771 etovibusotleruntur,
1404 4704 1518 4760 etuihil
1542 4705 1618 4761 ultra
1634 4705 1671 4761 nd
1703 4705 1912 4762 immolandum

155 4797 362 4867 lncsublinpua
381 4797 429 4847 tun
455 4788 549 4861 (Cant.
579 4786 628 4859 rr),
649 4787 838 4858 praesentibus
861 4804 920 4843 nou
936 4804 1008 4844 con·
1063 4791 1266 4848 substituitur:
1289 4808 1341 4848 nec
1364 4808 1430 4848 ares
1453 4793 1580 4866 quidem,
1609 4810 1674 4866 que
1705 4793 1737 4849 in
1763 4793 1916 4852 offerendis

149 4886 282 4942 tradidit.
300 4883 359 4939 Sub
374 4875 763 4950 liuguacuimdicitur,non
778 4875 808 4929 iu
824 4876 947 4949 lingua,
975 4882 1008 4933 ut
1062 4880 1231 4937 muneribus
1245 4881 1406 4937 substitutus
1420 4886 1488 4937 sunt
1498 4881 1640 4954 superius.
1656 4881 1728 4948 Quia
1742 4882 1820 4939 enim
1843 4884 1915 4941 salu·

156 4973 323 5029 ostendatur
333 4983 512 5043 paganorum
520 4963 671 5036 sapientia,
682 4965 733 5020 etl
738 4965 887 5020 udaeorum
911 4965 1007 5021 littera
1061 4969 1229 5025 taresoffsrt
1242 4969 1350 5026 hostias
1363 4970 1463 5024 salutis
1478 4986 1538 5026 sure
1557 4970 1688 5026 conscius
1709 4976 1773 5028 cst:
1802 4986 1917 5029 necesso

155 5062 262 5132 lingue
271 5059 413 5126 Ecclesioe,
430 5056 460 5112 id
481 5061 525 5110 eet
547 5053 685 5110 doctriuae
709 5052 836 5124 subjecta
863 5069 933 5109 esse.
951 5055 1006 5110 lto·
1060 5057 1222 5129 argobabet
1238 5063 1270 5113 ut
1283 5073 1388 5130 magna
1402 5063 1430 5111 et
1445 5057 1568 5129 perlecta
1595 5057 1705 5124 offerat,
1738 5061 1816 5113 unde
1838 5059 1915 5131 Apo-

153 5167 219 5208 rum
231 5166 289 5205 non
301 5149 361 5202 rull
375 5149 516 5217 integrum
532 5141 691 5199 doctrinam
704 5141 816 5199 oder-re.
843 5143 922 5199 Unde
946 5143 1003 5200 ait:
1060 5147 1169 5201 stolus:
1182 5147 1370 5213 Persectorum
1398 5153 1488 5202 nutem
1501 5151 1542 5202 ert
1556 5147 1635 5203 citur
1655 5147 1759 5203 soledus
1784 5146 1863 5218 (Hei.
1877 5148 1914 5220 ι).

154 5242 215 5298 Non
233 5237 422 5293 adolebiturin
440 5231 616 5302 compotum,
637 5230 665 5285 id
695 5235 746 5298 est,
781 5231 1003 5287 holocaustum:
1096 5234 1206 5307 (isica)
1223 5235 1299 5306 Quod
1316 5238 1342 5290 si
1356 5237 1455 5305 nostia,
1471 5243 1524 5291 etc.
1551 5235 1623 5292 Sunt
1649 5238 1808 5292 secundum
1839 5236 1916 5309 leges

152 5329 291 5399 primitius
319 5329 425 5379 tuntum
462 5337 554 5376 eornm
591 5319 718 5389 offeretis.
750 5319 892 5375 Primitiae
926 5319 1005 5375 enim
1059 5323 1179 5378 dirersae
1214 5322 1366 5379 hominum
1408 5324 1646 5390 conversationes,
1683 5330 1749 5392 ete,
1777 5339 1864 5395 usque
1877 5324 1915 5381 ud

118 5451 120 5454 -
152 5407 557 5486 iltiussnpicutimotierimus,
586 5422 644 5462 non
671 5412 772 5476 totam,
799 5406 873 5462 sicut
899 5405 1004 5461 Paulus
1058 5413 1174 5482 oportet
1187 5412 1265 5470 enim
1290 5427 1339 5467 eas
1362 5411 1448 5483 digua
1487 5414 1660 5484 conversari,
1688 5420 1721 5470 ut
1743 5414 1913 5488 perveniant

153 5505 188 5561 ad
199 5502 397 5562 Athenienses,
410 5496 523 5568 inquit:
540 5496 617 5551 Sicut
631 5500 717 5549 eostre·
728 5500 809 5566 portu
837 5494 912 5549 dicit
928 5509 934 5546 :
952 5493 1002 5548 nn·
1058 5495 1094 5551 ad
1105 5497 1239 5556 salutem.
