3892 6106
90 262 143 314 863
399 257 596 312 wattrtuttl
615 256 739 312 statut
759 255 858 310 nuto.
879 254 960 310 tt0tt.
981 254 1057 311 ΟΡΡ.
1079 253 1177 311 Palas.
1196 253 1218 308 l.
1239 282 1274 295 ··-
1293 254 1525 312 tunotoutcu
1800 258 1852 313 aot

92 380 209 450 Christi,
234 384 300 447 etc,
329 395 413 450 utque
436 379 476 435 od
496 379 653 435 secuudum
673 379 743 435 illud
761 395 767 434 :
784 380 868 450 Cupio
883 379 940 434 dis·
959 381 980 434 Δ
997 380 1108 434 cautela
1120 385 1172 443 est,
1201 383 1363 451 opportuna
1391 380 1517 448 timere;
1545 381 1584 437 ita
1610 381 1739 455 ignavia,
1756 383 1851 456 inepte

93 472 163 527 solui
177 475 203 524 et
216 485 273 525 esse
285 485 344 525 cum
357 471 464 527 Christo
478 469 562 539 (Post.
576 469 608 530 ι.)
1000 468 1154 538 trepidare,
1169 473 1201 523 ut
1217 484 1268 539 pro
1286 473 1371 538 gente
1391 475 1421 522 et
1436 468 1509 536 loco,
1527 470 1631 525 timore
1652 470 1706 526 Dei
1728 470 1849 541 abiecto.

131 559 215 615 Vens.
233 562 259 612 2.
276 587 310 600 -
325 556 462 624 Quoudt'u.
484 556 571 627 (Cas.)
601 557 719 627 llagnus
747 555 834 611 ardor
862 555 944 611 susti·
1033 558 1104 611 Vens
1136 561 1162 613 6.
1187 588 1222 597 -
1248 559 1396 622 Consilium
1409 560 1509 628 impis.
1540 559 1648 630 (Cass.)
1673 561 1802 614 luvectio
1822 560 1851 617 io

95 647 201 714 nentis,
218 651 283 713 ete,
307 662 392 716 usquc
406 645 443 699 od
457 643 525 716 quia
537 661 601 716 spes
615 645 802 716 protrahitur.
997 646 1118 706 iudaeos,
1144 650 1216 711 ete.,
1245 662 1329 715 usque
1356 647 1394 701 od
1419 646 1449 700 id
1476 652 1528 713 est,
1550 648 1585 702 de
1616 648 1726 703 ,ludaeis
1753 664 1850 720 proce·

131 735 260 792 Consilio.
285 733 361 805 (Atto
376 736 386 806 l
403 732 528 789 Consilio
547 748 606 787 non
621 738 664 787 ast
679 748 762 805 opus,
779 736 845 800 etc,
859 748 944 803 usque
998 732 1078 796 dens,
1096 739 1149 788 etc.

97 823 135 878 od
148 824 247 878 dolans
263 837 440 894 precansque
455 824 570 876 aeterua.
1033 822 1117 876 Vens.
1135 825 1161 875 t.
1180 822 1292 888 -Quis
1314 821 1393 876 dubit
1418 837 1453 876 ec
1480 819 1555 889 Sion,
1582 827 1636 877 etc.
1668 822 1769 894 (Cass.)
1796 823 1846 879 l‘o·

132 912 213 967 Vens.
230 914 256 966 3.
281 941 316 952 -
334 909 666 980 Usquequoeaeoltobitur,
683 913 736 965 etc.
756 909 856 980 (Cass.)
871 909 945 965 llicit
998 913 1104 965 stremo
1130 909 1295 965 ludaeorum
1319 913 1467 965 conversio
1495 911 1673 982 praedicitur,
1708 928 1777 985 ques
1804 915 1849 969 liet

96 998 945 1072 quia,anteadventumeristi,diaboluscaptivostenebat
998 1014 1063 1054 oum
1091 998 1241 1071 plenitudo
1268 999 1399 1069 gentium
1432 998 1592 1053 intraverit.
1609 1001 1679 1057 cum
1707 1003 1845 1057 ooerurit.

82 1089 238 1143 bomines.
257 1089 305 1143 Vel
320 1104 401 1157 super
424 1104 475 1153 mc,
502 1087 599 1152 idest,
626 1103 719 1142 meam
733 1085 943 1150 crudelitatem,
998 1088 1052 1142 Pro
1063 1088 1168 1143 tudaeis
1182 1087 1268 1141 etiam
1284 1087 1338 1141 lxoc
1363 1086 1564 1143 testimonium
1579 1088 1661 1144 Isaiae
1678 1089 1762 1160 ponit
1776 1092 1846 1161 Apo·

96 1159 240 1250 quia'toto
256 1178 324 1232 orbe
340 1178 453 1242 colitur,
463 1182 492 1231 et
504 1176 572 1247 quia
582 1174 622 1229 slc
634 1176 712 1230 orbis
721 1175 829 1244 interit,
839 1176 942 1246 plorat.
998 1177 1105 1231 stolus:
1143 1178 1236 1232 Veniet
1250 1192 1284 1230 cc
1298 1177 1317 1232 S

132 1267 216 1322 Vens.
241 1267 268 1321 d.
300 1267 419 1335 llcspicc.
458 1263 555 1334 (leit.)
591 1264 660 1319 Post
695 1264 943 1337 conquestionem,
997 1264 1304 1336 impietatemoducob.

95 1354 198 1421 oratio,
216 1359 248 1408 ut
266 1354 457 1419 illuminetur,
482 1369 517 1407 ne
536 1353 618 1408 cedat
647 1353 796 1408 fraudibus
823 1352 943 1420 inimici,
1299 1387 1455 1445 PSMMUS
1474 1390 1529 1445 XIV

94 1442 193 1514 quiin
218 1442 415 1497 misericordia
440 1440 566 1496 conlidit.
598 1443 717 1512 Respice.
743 1443 839 1510 (Aoo.)
865 1441 944 1497 liitte
1535 1431 1542 1445 ⁹

95 1547 182 1603 quem
211 1531 351 1585 missurus
375 1547 416 1584 es.
444 1530 568 1585 Eouudi.
595 1530 700 1599 (Cass.)
728 1532 783 1586 Pro
798 1530 943 1597 omnibus,
1034 1529 1848 1604 Vens.l.—llomiue,quis?(Cass.)Psalmusisteproprie

93 1635 146 1691 pro
159 1620 264 1691 quibus
291 1619 464 1691 generaliter
488 1618 568 1690 petit.
597 1620 734 1674 lttumiuo.
763 1616 792 1674 Si
807 1631 865 1672 non
880 1634 942 1673 eor·
964 1659 983 1714 Β
998 1634 1113 1674 morum
1127 1623 1170 1672 est
1185 1618 1389 1685 institutorius,
1402 1618 1636 1691 praesumptionis
1651 1619 1795 1691 repressio
1803 1620 1848 1675 nbi

92 1724 173 1780 pore,
188 1708 336 1763 videamus
348 1707 392 1762 vel
414 1711 519 1762 mente.
559 1706 743 1763 Obdormiom.
773 1707 893 1772 Quando
908 1708 941 1762 tl-
999 1707 1095 1778 agitur
1111 1707 1146 1761 de
1160 1708 1269 1761 unitate
1284 1707 1433 1779 praesentis
1448 1708 1846 1780 Ecclesiaeetiuturaquiete.

93 1796 141 1851 dai
157 1797 266 1851 lumine
284 1797 408 1867 sepulto,
424 1795 532 1850 carnali
545 1795 734 1850 delectatione
759 1795 941 1851 clauduntur.
999 1795 1094 1851 Primo
1108 1793 1268 1865 interrogat
1281 1796 1434 1870 propheta,
1447 1798 1529 1868 quasi
1548 1797 1681 1852 sacerdos
1710 1802 1781 1854 aute
1807 1798 1847 1854 ia·

92 1887 127 1942 lu
146 1890 239 1939 morte.
267 1884 296 1940 ld
320 1888 372 1952 est,
397 1884 427 1938 iu
451 1889 565 1955 peccato
590 1884 667 1955 quod
689 1884 722 1938 tit
747 1883 777 1938 iu
804 1883 942 1955 Spiritum
997 1883 1070 1939 ciem
1098 1882 1313 1950 llomioistans,
1331 1887 1360 1938 et
1381 1885 1620 1956 responsapetit;
1645 1886 1747 1942 volens
1780 1886 1848 1942 scire

93 1973 273 2028 sanctumde
291 1973 503 2044 qquoaunas:
535 1973 588 2028 Est
605 1972 796 2044 peccotumod
820 1979 941 2041 mortem,
998 1988 1069 2044 quos
1084 1972 1158 2026 Deus
1174 1988 1224 2027 sua
1240 1973 1344 2043 dignos
1357 1973 1468 2043 judicet
1481 1973 1613 2030 Ecclesia.

93 2077 147 2118 noo
171 2078 222 2132 pro
237 2077 266 2117 co
280 2061 340 2116 dico
352 2065 382 2116 ut
397 2064 458 2130 quis
473 2066 537 2116 oret.
1033 2060 1121 2114 Vens.
1144 2061 1171 2113 2.
1192 2089 1228 2102 -
1250 2062 1313 2126 Qui.
1333 2060 1427 2131 (loto.)
1457 2061 1616 2133 Responsio
1640 2062 1773 2133 Domini,
1796 2068 1847 2120 cte.

130 2151 211 2204 Vens.
227 2153 253 2203 o.
270 2179 304 2191 -
319 2149 513 2206 desultobunt.
529 2148 625 2221 (Auo.)
642 2150 703 2204 Non
716 2150 810 2206 solum
824 2155 944 2222 propter
998 2164 1082 2219 usque
1095 2147 1133 2202 od
1148 2153 1180 2202 ut
1208 2148 1335 2204 Christus
1362 2165 1453 2220 agnus
1468 2150 1529 2205 sine
1555 2151 1680 2206 fractura
1704 2152 1848 2207 membro·

94 2253 142 2293 me
166 2238 343 2306 illuminare,
368 2237 417 2293 sed
446 2254 482 2293 na
510 2237 643 2293 inimicus
664 2238 795 2309 gaudeat.
829 2240 944 2310 Sperooi
998 2234 1563 2310 rum,qulproprietemplumingressns
1578 2240 1850 2312 estnonutexpia·

95 2325 190 2397 (Cass.)
213 2326 283 2381 Etsi
302 2326 426 2391 festinat,
455 2331 550 2382 tamen
579 2326 693 2399 patiens
712 2333 778 2383 est:
795 2326 943 2399 quiaetsi
998 2323 1276 2390 retorsicutcoeteri,
1297 2326 1347 2381 sed
1371 2326 1434 2381 sine
1456 2328 1576 2382 macula.
1608 2328 1749 2398 Operatur
1762 2330 1849 2400 justi·

96 2414 239 2478 differtur,
262 2415 363 2470 firmus
391 2419 434 2470 est
456 2414 487 2470 in
510 2431 570 2487 spe,
586 2421 614 2471 et
627 2415 749 2471 interius
760 2416 821 2487 jam
842 2415 943 2472 ridens
997 2416 1074 2469 tium.
1089 2411 1124 2465 Ut
1138 2409 1208 2467 dum
1220 2413 1381 2470 vendentes
1393 2420 1422 2470 et
1436 2420 1565 2471 ementes
1579 2416 1665 2487 ejecit
1675 2417 1713 2471 da
1729 2417 1848 2490 templo.

93 2503 227 2567 exsultat,
249 2519 334 2574 quem
349 2519 434 2558 carne
455 2503 551 2558 videre
566 2504 727 2560 desiderat:
754 2505 832 2559 unde
846 2510 876 2560 et
889 2504 943 2559 sibi
1033 2505 1113 2556 Vsus.
1129 2501 1155 2553 3.
1170 2533 1205 2543 -
1229 2504 1282 2570 Qui
1296 2505 1425 2573 loquitur.
1453 2505 1503 2559 llic
1528 2505 1697 2576 exsequitur
1723 2506 1848 2578 plenius.

95 2592 171 2646 bona
185 2591 251 2645 data
267 2591 335 2646 dicit
358 2591 408 2662 qui
423 2592 501 2663 prius
527 2593 714 2664 querebatur.
747 2594 864 2649 Tribuit.
881 2595 941 2650 Non
996 2595 1106 2649 Veritas
1121 2601 1162 2652 est
1183 2609 1248 2648 cum
1262 2608 1307 2647 res
1320 2593 1422 2661 itaest,
1449 2592 1618 2647 ntdicitur:
1648 2594 1705 2648 Hoc
1731 2595 1849 2666 proprie

93 2679 216 2734 tribuet:
234 2696 340 2750 niagna
353 2680 442 2735 virtus
456 2680 525 2736 lidei
536 2682 597 2752 jam
623 2682 708 2737 habet
721 2683 799 2754 qnod
813 2683 942 2738 futurum
997 2684 1122 2740 Christus
1144 2683 1219 2740 iecit.
1235 2683 1272 2736 Iu
1287 2680 1374 2747 corde,
1402 2680 1452 2752 qui
1474 2681 1630 2752 aliquando
1657 2682 1749 2737 tacuit
1771 2683 1848 2739 indi·

93 2772 143 2823 est.
160 2768 323 2823 desultabit
338 2783 395 2825 cor.
418 2767 448 2823 Si
465 2773 577 2824 tantum
592 2769 744 2840 desiderat,
754 2770 779 2825 si
792 2770 832 2826 sic
845 2771 942 2826 iamn—
996 2773 1060 2843 gnis
1075 2773 1273 2828 fraudulenter
1287 2770 1492 2840 querentibus.
1509 2771 1569 2826 Nou
1592 2773 1647 2839 epit
1669 2771 1774 2828 dolum.
1792 2775 1846 2827 llo·

95 2856 171 2911 latur
186 2860 316 2925 venturo,
327 2856 396 2927 quid
412 2856 575 2912 iaciendum
592 2860 747 2929 suscepto?
997 2862 1039 2914 lus
1053 2866 1095 2917 est
1104 2861 1251 2931 iulingua,
1263 2874 1328 2913 cum
1339 2856 1539 2926 uliuddioitur,
1546 2857 1621 2913 aliod
1629 2859 1708 2913 estin
1718 2865 1846 2931 pectore.

397 2945 552 3002 rstttttts
569 2946 638 3002 lllll.
962 2944 1384 3018 CVel,nonepitdolum,quia
1401 2945 1497 3000 omnia
1527 2962 1592 3017 quae
1615 2947 1727 3003 audiuit
1752 2964 1769 3002 a
1798 2950 1847 3005 Pa-

122 3029 563 3106 'tans.t.-1)tcutmtptoo.
589 3036 690 3108 (Cass.)
719 3037 941 3109 Increpatiotu-
996 3042 1051 3104 tre,
1068 3038 1129 3092 sine
1154 3038 1251 3109 aliqua
1276 3035 1433 3105 adjectione
1457 3035 1502 3090 vel
1534 3036 1748 3107 suppressione,
1779 3043 1847 3093 nota

11 3112 14 3116 ’
95 3124 236 3191 decorum,
261 3124 404 3193 descripta
430 3131 530 3179 eorum
554 3126 671 3180 malitia.
689 3125 802 3180 Primus
817 3126 943 3197 psalmus
997 3126 1222 3196 iecitproximis,
1247 3125 1345 3188 idest,
1377 3122 1544 3193 discipulis;
1571 3122 1688 3192 iudaeis,
1707 3125 1847 3196 proximis

96 3211 131 3267 de
146 3212 341 3283 increpatione
353 3213 529 3280 Judteorum,
550 3218 617 3281 etc,
641 3230 725 3284 usquc
744 3213 943 3269 odbicbomo
997 3206 1296 3268 secundumcaru'em.
1323 3212 1377 3266 mc
1398 3212 1465 3276 [ecit
1492 3212 1618 3279 proximo
1648 3213 1761 3267 molum.
1792 3213 1845 3269 Sed

97 3316 154 3354 non
169 3305 213 3354 est
228 3302 312 3355 Deus.
997 3318 1050 3375 pro
1064 3304 1106 3356 eis
1119 3301 1229 3358 orarit:
1259 3316 1317 3354 non
1344 3304 1492 3370 acceptum
1530 3299 1632 3353 habuit
1658 3299 1847 3373 opprobrium

131 3388 213 3441 Vnae.
239 3391 265 3442 2.
297 3415 327 3428 -
353 3389 480 3442 Dominus
508 3389 541 3443 dc
571 3391 644 3448 caelo.
674 3388 768 3461 (leid.)
796 3390 849 3445 Sed
877 3389 943 3445 inde
998 3392 1132 3447 adversus
1146 3389 1293 3461 proximos
1318 3403 1394 3453 suos,
1424 3387 1497 3441 sicut
1520 3390 1563 3442 est
1589 3392 1690 3459 patens
1718 3405 1771 3461 per
1794 3391 1848 3446 boc

94 3474 313 3543 inexcusabiles,
343 3476 411 3546 quia
439 3476 578 3531 Dominus
605 3479 760 3549 prospexit,
785 3478 880 3546 idest,
908 3478 944 3534 de
997 3478 1191 3553 quodiudam
1218 3492 1276 3532 nou
1293 3475 1417 3531 mordaci
1432 3475 1626 3548 increpatione
1641 3477 1794 3534 lacerabat.

95 3565 224 3619 bumana
243 3568 346 3618 natura
361 3563 493 3619 eminuit.
521 3565 615 3636 (Auo.)
630 3566 670 3621 lle
682 3567 764 3635 coelo,
780 3567 808 3622 id
824 3571 875 3631 est,
893 3583 944 3638 per
1032 3570 1116 3622 Vens.
1130 3568 1158 3623 i.
1181 3595 1218 3608 -
1238 3566 1284 3621 Ad
1303 3565 1431 3631 tribulum,
1446 3570 1500 3619 etc.
1517 3565 1612 3636 (Ano.)
1636 3566 1705 3620 llaec
1727 3573 1771 3623 est
1785 3584 1848 3639 per·

98 3657 210 3706 sanctas
224 3652 335 3707 animas
363 3648 517 3727 prospicit:
534 3669 600 3709 nam
619 3671 673 3726 per
686 3672 716 3710 se
730 3656 771 3711 nil
784 3671 849 3710 eum
864 3657 940 3712 latet.
997 3656 1092 3721 lectio,
1107 3660 1138 3711 ut
1148 3654 1218 3709 nihil
1229 3655 1259 3709 in
1277 3653 1395 3708 homine
1411 3654 1502 3707 valeat
1517 3653 1672 3721 malignus,
1688 3661 1718 3710 et
1744 3661 1779 3711 ut
1802 3658 1847 3712 bic

98 3740 159 3807 Vel,
182 3740 311 3806 domolo,
328 3742 504 3813 peranimas
528 3748 647 3810 sanctas,
664 3761 729 3816 quas
752 3757 819 3801 sunt
840 3748 942 3802 coelum
998 3745 1079 3800 sitin
1094 3746 1258 3815 conspectu.
1277 3743 1371 3808 idest,
1394 3746 1469 3796 certo
1497 3741 1579 3809 sciat,
1610 3743 1773 3814 malignum
1789 3762 1846 3801 non

98 3829 222 3885 etsedes
250 3828 309 3885 bei.
338 3830 397 3896 Vel,
423 3831 561 3886 domiuus
587 3833 670 3887 l’ater
697 3833 732 3888 de
745 3834 827 3902 coelo,
843 3834 873 3889 id
889 3841 941 3902 est,
998 3850 1068 3901 esse,
1084 3831 1201 3904 nisiqoi
1219 3847 1235 3887 a
1251 3831 1384 3886 Creatore
1399 3830 1435 3886 ad
1450 3836 1546 3885 creata
1571 3832 1758 3888 convertitur.
1787 3837 1846 3890 llo·

96 3918 325 3974 secretodiviuae
341 3919 455 3975 mentis.
472 3921 564 3992 (Cas.)
584 3921 634 3976 Vel
651 3920 686 3976 de
700 3922 864 3993 equalitate
893 3923 942 3978 [lei
998 3925 1098 3991 ltpuus,
1114 3920 1145 3976 id
1174 3924 1226 3987 est,
1249 3918 1391 3986 diabolus,
1414 3918 1589 3989 despicitur;
1605 3922 1637 3974 ut
1661 3937 1728 3976 eum
1757 3921 1843 3979 dixit:

95 4006 198 4064 Patris.
218 4009 249 4064 Si
262 4009 473 4076 cstiutcltipms.
491 4009 540 4064 Vel
555 4008 635 4077 vidit,
651 4010 676 4064 si
702 4015 744 4065 est
767 4011 941 4082 intelligens,
1000 4011 1079 4068 Vnde
1091 4016 1173 4074 retro,
1190 4010 1319 4074 Sotonos,
1334 4013 1388 4062 etc.
1421 4007 1442 4061 E
1467 4012 1577 4075 eontra,
1608 4011 1732 4065 timentes
1751 4013 1848 4067 Domi·

97 4102 125 4151 et
140 4095 251 4151 invenit
266 4095 341 4167 quod
358 4097 461 4168 aliquis
484 4113 540 4152 nou
557 4097 710 4170 intelligit:
727 4099 795 4171 quia
818 4115 878 4154 non
893 4116 942 4154 re·
997 4101 1217 4168 numptorificot.
1244 4096 1363 4165 iurarit,
1378 4097 1493 4169 quando
1521 4096 1658 4168 apostolis
1690 4100 1848 4155 certissima

96 4185 196 4257 quirit,
212 4185 261 4239 sed
276 4185 409 4251 declinat,
433 4201 520 4242 nam:
537 4187 631 4243 Omnes
650 4189 861 4255 declinaverunt,
888 4194 941 4244 etc.
962 4188 1117 4286 „varitate
1132 4185 1288 4259 promisit:
1313 4186 1381 4240 Jom
1405 4200 1459 4240 nou
1485 4184 1576 4241 dicum
1596 4201 1642 4242 ooe
1669 4202 1775 4258 amoos,
1799 4189 1846 4246 sed

131 4275 213 4330 Vens.
237 4276 262 4328 3.
292 4304 327 4314 -
355 4275 513 4344 Sepulcrum
551 4275 642 4348 (ibid.)
672 4277 713 4330 lta
738 4276 854 4332 inutiles
880 4277 942 4331 aliis
999 4279 1107 4332 amicos.

96 4361 174 4428 iacti,
189 4362 257 4435 quia
271 4367 372 4433 guttur
388 4379 487 4418 eornm
502 4368 545 4418 est
571 4364 743 4435 sepulcrum.
774 4369 826 4419 etc.
853 4366 946 4435 Sepul-
1035 4366 1124 4419 Vens.
1142 4367 1168 4419 5.
1196 4394 1230 4403 —
1247 4363 1303 4429 Qui
1317 4362 1397 4432 jurat
1415 4364 1550 4432 proximo,
1581 4365 1634 4417 etc.
1662 4363 1764 4435 (ibid.)
1788 4367 1848 4421 llee

96 4464 182 4505 crum
214 4449 353 4505 Dicuntur
380 4450 410 4506 bi
435 4455 493 4506 tres
513 4467 621 4518 versus,
645 4452 778 4523 quisunt
805 4451 945 4524 usquead
998 4454 1054 4509 tria
1066 4470 1123 4508 non
1139 4457 1205 4507 suut
1220 4467 1334 4522 magna,
1352 4455 1423 4520 etc.,
1438 4450 1567 4521 usquead
1580 4467 1646 4506 cum
1660 4451 1690 4507 in
1706 4455 1848 4526 superiori

96 4536 250 4592 secundam
279 4537 458 4606 divisionem,
480 4538 529 4600 ibi,
564 4541 656 4596 Nonne
682 4545 848 4608 copoosceut,
878 4546 944 4604 etc,
998 4541 1178 4597 conclusione
1197 4539 1359 4611 preteritas
1382 4539 1519 4611 posuerit,
1548 4539 1587 4594 od
1607 4540 1728 4597 nibilum
1747 4542 1846 4599 dedite·

97 4625 426 4694 nonassedellebrteo,
443 4632 608 4698 etc.,usquc
630 4627 731 4683 odeos
762 4645 819 4683 non
849 4630 944 4685 babet.
1000 4636 1100 4687 tuscst.
1746 4690 1750 4701 ,

129 4715 261 4771 Gmstrttio
285 4714 378 4786 (Auo.)
401 4716 444 4770 lta
468 4715 585 4771 inutiles
604 4715 662 4789 sibi
678 4717 744 4772 lacti
772 4722 849 4782 suut,
879 4723 944 4785 ate,
1032 4722 1186 4776 Pecuniam.
1208 4718 1257 4772 Vel
1283 4721 1397 4772 terrena
1419 4720 1470 4784 est,
1489 4731 1554 4787 qum
1578 4717 1694 4788 penitus
1716 4719 1754 4774 ad
1777 4736 1846 4776 usu-

95 4819 181 4872 usque
196 4803 234 4857 od
247 4807 276 4858 et
289 4803 442 4858 infelicitas
464 4804 494 4858 iu
510 4804 616 4859 tuturo.
1001 4824 1060 4864 ram
1076 4808 1138 4862 dari
1152 4806 1330 4879 prohibetur,
1347 4821 1433 4877 quam
1459 4805 1598 4860 Dominus
1623 4805 1705 4863 tudae
1733 4809 1846 4865 tradidit

133 4892 235 4961 (Cass.)
251 4892 301 4945 llia
312 4890 554 4962 impiorum,etc.,
565 4909 650 4963 usque
664 4893 720 4949 od:
736 4895 881 4950 Timorllei
895 4911 945 4951 on·
999 4898 1034 4953 ad
1050 4896 1226 4967 erogandum
1241 4894 1427 4966 pauperibus,
1452 4909 1509 4949 uon
1523 4894 1558 4949 ad
1574 4900 1702 4950 usuram.
1719 4897 1770 4954 Vel
1785 4898 1844 4970 spi-

97 4986 121 5036 te
134 4982 234 5046 ocutos,
253 4986 307 5034 etc.
998 4986 1120 5053 ritualis,
1136 5000 1201 5056 quse
1214 4983 1250 5039 ad
1279 4999 1395 5038 usuram
1414 4982 1477 5038 dari
1486 4983 1618 5054 jubetur,
1642 4983 1671 5039 id
1700 4991 1755 5053 est,
1776 5002 1845 5059 pree-

133 5070 214 5124 llaas.
238 5071 266 5124 t.
294 5099 328 5108 —-
353 5071 447 5124 ltlooue
472 5076 638 5139 oopuoscmt.
669 5071 792 5128 ltinatur
802 5072 945 5144 judicium
999 5075 1073 5131 cauo
1089 5075 1124 5129 ad
1139 5072 1322 5127 instmendos
1337 5071 1478 5127 homines.
1498 5074 1534 5127 Et
1546 5087 1659 5127 munero
1671 5088 1755 5144 super
1772 5078 1846 5132 inno·

98 5157 207 5229 impiis.
999 5168 1109 5219 centem.
1126 5161 1235 5233 Accipit
1250 5160 1365 5231 quidem
1382 5158 1509 5215 Christus
1535 5175 1667 5226 munera,
1690 5167 1724 5217 ut
1748 5179 1766 5216 a
1792 5179 1846 5219 ma·

132 5247 213 5302 Vens.
230 5250 257 5302 5.
274 5278 307 5289 -
330 5251 547 5318 Dominumoou,
572 5254 626 5305 etc.
652 5251 744 5322 (Auo.)
775 5253 840 5307 Non
868 5251 945 5306 enim
1000 5252 1054 5322 gis,
1068 5258 1096 5306 et
1113 5249 1243 5322 quotidie
1257 5248 1318 5320 pias
1332 5247 1577 5311 oblationesssed
1592 5264 1652 5303 non
1681 5254 1784 5305 contn
1807 5250 1847 5305 in·

96 5349 162 5388 vere
178 5334 254 5389 hunc
265 5336 407 5401 invocant,
424 5337 474 5409 qui
490 5339 547 5393 Deo
570 5338 763 5411 displicentiae
787 5344 894 5395 amant.
912 5370 942 5380 -
1000 5345 1145 5409 nocentes,
1160 5339 1219 5394 imo
1233 5338 1361 5394 animam
1380 5354 1433 5409 pro
1454 5336 1495 5392 eis
1510 5337 1597 5393 dedit.
1612 5340 1666 5409 ου’
1690 5341 1765 5407 fucit
1785 5341 1846 5404 bec,

96 5421 195 5494 (cass.)
210 5424 279 5478 lude
296 5430 419 5496 augetur
432 5424 576 5490 interitus,
591 5427 659 5498 quia
685 5444 799 5483 necesse
814 5433 857 5484 est
872 5429 946 5483 mala
999 5445 1053 5484 noo
1065 5428 1225 5483 movebitur.
1241 5428 1310 5482 Ecce
1325 5427 1454 5482 absoluta
1470 5425 1619 5496 responsio
1636 5426 1844 5502 interroganti:

99 5526 195 5583 agere,
217 5528 283 5567 cum
313 5513 429 5584 superbi
458 5515 561 5570 nolunt
591 5517 680 5571 Deum
705 5516 847 5573 invocare.
868 5518 946 5573 Sicut
1001 5517 1067 5573 lacit
1082 5516 1185 5588 (dicit),
1202 5522 1233 5572 ut
1249 5516 1282 5572 ad
1299 5520 1394 5571 actum
1410 5532 1462 5571 uos
1476 5514 1587 5583 invitet,
1604 5531 1662 5571 non
1690 5517 1787 5574 solum
1812 5517 1843 5573 ul
