3892 6106
159 237 210 292 tlt
466 235 663 292 ttatal'ltlol
682 235 804 291 statut
825 235 923 292 FULll.
946 235 1030 292 illON.
1050 237 1126 296 OPP.
1149 236 1234 292 PARS
1253 237 1274 292 l.
1295 265 1329 274 -
1348 234 1576 293 Tflnotottca.

1865 240 1915 295 848

157 360 281 414 sentiam
293 358 490 431 significatos
505 357 680 429 sempiterna
690 358 877 429 generatione
891 358 1045 431 sapien-A
1101 360 1182 414 Vens.
1202 359 1228 412 l.
1254 389 1288 396 —-
1320 380 1329 405 ι
1357 357 1510 430 Susceptor
1540 373 1622 413 meus
1648 374 1689 413 es.
1715 378 1729 410 e
1761 359 1859 428 (Cass.)
1887 361 1916 415 lu

158 448 206 503 tice
223 448 272 502 Dei
287 447 452 518 accipiatur.

194 539 276 591 Vens.
293 538 318 591 8.
336 557 399 584 -‹
425 534 549 590 Postula.
578 534 704 606 sinuo.)
731 534 772 589 Ad
797 535 1007 606 susceptionem

160 625 284 680 bominis
302 623 443 695 pertinet:
474 639 538 693 quse
568 639 620 694 pro
643 624 734 677 salute
753 623 903 677 bominum
923 623 1006 690 facta,

159 713 314 768 secundum
337 727 423 783 qoam
438 711 603 780 interpellat
624 726 677 782 pro
699 711 792 765 nobis.
821 711 1006 766 «llmrcdita-

158 806 227 856 tem.
246 823 257 850 s
285 800 386 871 (Cass.)
411 799 567 854 Hereditas
582 800 618 854 ab
634 800 715 866 hero,
731 799 807 871 quod
823 799 851 854 in
867 815 901 853 ea
924 805 1005 870 pote·

157 894 228 945 state
242 889 330 944 libera
341 888 516 944 dominetur.

194 978 272 1031 Vens.
289 980 399 1032 9.-·
430 976 520 1046 Reges
547 991 635 1030 eos.»
663 976 757 1047 (Aua.)
786 975 893 1030 Partim
913 991 1006 1046 reges,

1062 448 1183 503 Christo.
1207 447 1316 518 Caput,
1338 446 1493 514 Christum,
1516 447 1560 502 rel
1583 450 1712 502 mentem
1743 463 1810 519 qua
1834 450 1917 505 servit

1037 550 1042 555 ·
1062 533 1119 605 legi
1135 534 1195 590 Dei.
1213 555 1226 585 a
1242 535 1407 591 Percussisti
1433 551 1543 590 omnes.
1574 559 1585 587 n
1609 537 1695 592 Recte
1723 536 1755 592 in
1769 537 1915 608 predesti-

1061 622 1178 677 natione
1192 623 1297 678 dicitur
1322 624 1357 679 de
1378 623 1492 678 diabolo
1520 628 1548 678 et
1564 623 1675 694 angelis
1691 622 1765 695 ejus.
1798 623 1916 695 «Super

1063 712 1212 783 populum.
1240 731 1253 764 a
1280 713 1338 767 lloc
1357 715 1399 765 est
1420 727 1658 784 unumquemque
1683 717 1829 769 nostrum.
1854 714 1915 785 (lo.)

1063 798 1109 850 Vel
1135 797 1189 850 hoc
1211 796 1341 868 loquitur
1356 795 1507 850 Ecclesiam
1523 802 1551 850 et
1563 802 1651 868 ceput
1663 797 1740 868 ejas,
1759 796 1838 852 inter
1855 813 1914 870 pro-

1061 885 1146 939 cellae
1170 884 1402 955 persecutionum
1430 900 1481 955 per
1503 889 1594 940 totum
1619 884 1721 940 orbem
1746 885 1912 942 constituta.

1061 973 1139 1028 ldulti
1166 973 1274 1037 dicunt,
1303 972 1498 1029 Christianum
1514 988 1632 1039 nomen,
1660 973 1849 1046 exstinguere
1867 991 1912 1030 cu·

157 1064 264 1134 partim
277 1063 402 1134 franges,
419 1062 575 1117 secundum
592 1061 662 1116 illud
688 1077 695 1116 :
724 1079 738 1115 c
755 1062 823 1116 Ecce
838 1061 885 1115 bic
899 1062 1007 1132 positus
1061 1062 1181 1132 pientes,
1198 1080 1212 1113 c
1229 1063 1290 1116 Non
1312 1067 1354 1116 est
1368 1062 1455 1116 salus.
1477 1083 1488 1110 ›
1507 1062 1598 1117 Aliter
1621 1078 1679 1117 non
1695 1068 1849 1134 sperarent
1867 1063 1913 1119 de·

158 1158 202 1206 est
217 1151 246 1205 in
261 1151 375 1205 ruinam
396 1155 424 1205 et
445 1150 474 1204 in
497 1148 735 1205 resurrectionem
757 1151 915 1204 multorum
929 1149 1005 1220 (Luc.
1060 1150 1119 1205 lere
1135 1150 1286 1205 Ecclesiam
1312 1151 1368 1205 lale
1383 1150 1583 1221 pullulantem.
1602 1150 1800 1223 «susceptor.
1819 1151 1914 1218 »Quia

158 1242 202 1309 u),
220 1245 252 1293 ut
266 1239 316 1310 qui
332 1239 429 1310 justus
442 1243 493 1305 est,
506 1238 682 1309 justificetur
701 1238 794 1293 adhuc
824 1255 831 1292 ε
857 1242 885 1292 et
900 1239 950 1309 qni
973 1237 1003 1292 in
1059 1240 1089 1293 in
1101 1239 1212 1295 Christo
1233 1246 1364 1310 suscepta
1377 1244 1482 1294 etcum
1503 1255 1537 1294 eo
1562 1240 1696 1296 exaltata.
1712 1241 1809 1314 Caput
1823 1241 1911 1315 ipsum

156 1328 286 1382 sordibus
301 1333 354 1397 est,
369 1328 514 1382 sordescet
529 1326 622 1381 adhuc
636 1327 732 1396 (Aper.
764 1327 840 1395 xrn).
859 1346 872 1378 a
891 1349 902 1375 ι
920 1327 1005 1396 Virga
1060 1327 1109 1399 qui
1130 1327 1377 1399 primnsascendit
1396 1326 1551 1383 iucoelum.

155 1416 258 1471 ferrea.
275 1436 289 1469 a
306 1418 405 1487 (Cass.)
417 1417 543 1470 Potestas
559 1414 762 1486 Christi,virga
775 1415 884 1482 ferrea;
897 1420 1006 1485 peccat·
1095 1418 1176 1471 Vsus.
1193 1419 1219 1471 5.
1235 1446 1266 1457 -
1293 1434 1307 1468 a
1330 1417 1364 1471 Et
1392 1416 1535 1471 exaudivit
1560 1432 1606 1472 me
1633 1415 1669 1472 de
1697 1422 1812 1486 monte,
1829 1424 1880 1475 etc.
1897 1441 1908 1469 ι

154 1512 210 1574 tor,
232 1524 281 1561 aas
305 1505 397 1576 figuli,
427 1506 505 1577 quod
531 1511 559 1559 et
589 1506 697 1558 luteum
721 1504 804 1558 facile
843 1503 999 1574 frangitur.
1059 1504 1147 1559 idest
1165 1504 1277 1560 Christo
1299 1506 1414 1561 auditur
1439 1504 1529 1559 oratio
1546 1505 1687 1572 Ecclesiae,
1717 1507 1765 1562 vel
1789 1507 1909 1579 justitia.

192 1599 272 1651 vens.
291 1599 333 1651 ld.
352 1616 414 1647 -a
444 1596 477 1650 Et
493 1611 579 1660 nunc,
596 1610 688 1665 reges,
704 1594 1042 1691 intelligitealtunc,B
1096 1595 1272 1648 Vens.6.-
1298 1610 1310 1646 e
1342 1595 1399 1664 Ego
1415 1593 1537 1648 dormivi
1565 1610 1605 1648 z»
1629 1594 1792 1649 secundnm
1819 1596 1910 1652 illud:

154 1686 183 1742 id
204 1691 245 1740 cst
263 1701 313 1756 per
340 1700 453 1755 eaquae
475 1683 640 1738 dictasunt.
667 1682 750 1752 (Cas.)
772 1683 867 1738 Tertio
893 1682 1006 1754 probis
1061 1683 1219 1752 «Exsurge
1245 1700 1261 1736 a
1288 1685 1419 1747 mortuis,
1442 1687 1471 1736 et
1494 1681 1670 1737 illuminabit
1695 1682 1751 1738 tibi
1786 1685 1912 1741 Christus

156 1773 302 1843 patefactis
318 1771 454 1826 admonet
469 1786 567 1824 omnes
589 1770 736 1823 humiliter
754 1769 881 1836 obedire,
902 1775 931 1823 et
943 1785 1006 1822 sua·
1063 1792 1074 1820 ‹
1096 1771 1207 1840 (Ephes.
1225 1771 1262 1841 v).
1288 1789 1303 1823 a
1319 1770 1393 1825 Nihil
1409 1772 1514 1825 mirum
1528 1769 1705 1826 salvatorem
1720 1772 1787 1827 berc
1809 1773 1911 1841 dicere,

155 1861 204 1914 diti
218 1860 254 1914 ab
271 1859 335 1914 utili
363 1861 544 1929 nepereant,
570 1863 598 1911 et
625 1856 660 1911 nb
681 1856 811 1922 honesto,
839 1856 908 1927 quia
929 1855 1006 1911 beati
1059 1858 1405 1929 quandomultomajora
1428 1875 1479 1929 pro
1502 1858 1667 1915 animarum
1696 1859 1794 1916 salvate
1815 1861 1911 1933 gessit,

156 1949 207 2020 qui
221 1948 369 2002 confidunt
384 1947 413 2001 in
428 1964 472 2001 eo.
488 1947 520 2000 lu
530 1947 584 2000 hoc
594 1950 658 2018 post
674 1944 817 2000 Christum
833 1945 914 2016 quasi
928 1948 1004 2017 Apo·
1059 1963 1117 2018 quo
1132 1952 1262 2018 tempore
1279 1963 1296 2001 a
1323 1962 1443 2017 corpore
1464 1946 1566 2015 abfuit,
1586 1964 1651 2020 quse
1668 1948 1698 2019 in
1728 1949 1855 2021 epistole
1868 1967 1909 2006 oe·

156 2038 247 2091 stolus
261 2035 401 2106 loquitur.
1059 2033 1166 2089 tbolica
1175 2036 1251 2106 apud
1265 2040 1395 2090 sanctum
1410 2037 1524 2091 Petrum
1538 2040 1725 2092 recensentur
1743 2054 1752 2093 ι
1770 2061 1783 2089 ι
1798 2038 1910 2105 Quando

192 2124 284 2196 (Aoo.)
315 2124 434 2190 lel,me
460 2138 526 2193 rege
542 2122 708 2187 constituto,
725 2137 759 2176 nc
774 2121 939 2188 tristemini,
958 2138 1003 2176 rc·
1061 2123 1129 2177 «iis
1166 2123 1216 2194 qui
1251 2126 1332 2177 erant
1360 2123 1390 2177 in
1429 2138 1551 2191 carcere,
1580 2123 1733 2194 spiritibus
1777 2127 1909 2199 profectas

155 2211 443 2286 gesterrae;expcdil
458 2211 534 2265 enim
550 2209 629 2264 vobis
647 2209 744 2264 utsub
760 2209 808 2265 illo
829 2209 900 2274 silis,
917 2226 932 2264 a
948 2226 1005 2281 quo
1061 2210 1271 2283 «predicavit,
1324 2210 1374 2282 qui
1392 2210 1553 2278 ‚increduli
1604 2213 1768 2284 aliquando
1802 2216 1907 2272 fuerant

154 2308 197 2358 est
210 2301 381 2369 intellectus,
398 2306 427 2355 et
441 2299 574 2365 eruditio,
591 2303 623 2352 ut
638 2313 696 2352 non
707 2303 815 2352 temere
830 2297 1003 2353 dominemi·
1059 2319 1074 2352 e
1095 2302 1116 2363 (l
1132 2301 1203 2355 Pete.
1222 2302 1277 2368 ln).
1297 2320 1307 2346 ι

153 2388 253 2450 ni.scd
271 2389 391 2443 homino
412 2386 543 2443 omnium
560 2386 700 2453 serviatis,
724 2391 752 2440 et
770 2386 800 2440 in
826 2386 1004 2441 beatitudine
1095 2390 1174 2443 Vens.
1204 2392 1301 2442 7.-«
1322 2388 1384 2441 Non
1400 2386 1506 2443 timebo
1529 2387 1630 2455 millia,
1655 2408 1671 2441 s
1700 2406 1773 2462 quae
1806 2409 1904 2449 nomen

155 2476 312 2533 exsultetis.
1058 2477 1163 2534 Christi
1175 2481 1315 2531 conantur
1329 2477 1519 2546 exstinguere.
1530 2507 1564 2516 -
1577 2498 1588 2525 ι
1603 2478 1745 2551 Exsurge.
1759 2501 1774 2532 s
1791 2481 1814 2538 0
1828 2490 1904 2556 caput

191 2566 278 2622 Vens.
306 2569 347 2620 lt.
364 2596 398 2606 -
428 2563 622 2636 «Nequando
644 2563 792 2618 irascatur.
815 2563 918 2631 »libid
944 2565 1001 2618 uu·
1058 2566 1178 2632 Christe,
1194 2566 1222 2619 in
1237 2566 1318 2635 cujus
1333 2565 1541 2620 resurrectione
1556 2565 1631 2620 salus
1646 2571 1700 2623 est.

152 2654 254 2709 bitatio
266 2670 325 2708 uon
339 2653 496 2707 secundum
512 2652 695 2722 prophetam,
712 2651 760 2705 sed
784 2652 941 2704 securrdum
957 2651 1002 2722 ip·
1040 2670 1042 2674 ·
1093 2654 1174 2720 Vens,
1196 2656 1221 2708 8.
1241 2651 1462 2717 -aouoniam
1491 2658 1523 2707 tu
1538 2653 1719 2723 percussisti,
1737 2661 1793 2713 etc.
1820 2660 1903 2715 ulam

153 2760 210 2808 sos,
227 2742 277 2813 qni
292 2758 357 2796 cum
373 2741 551 2796 dubitatione
567 2740 693 2809 cogitant
706 2740 778 2794 iram
800 2738 860 2794 liei.
878 2761 889 2788 ‹
908 2739 1002 2795 lievia
1057 2746 1195 2813 regnante
1213 2740 1345 2807 Ecclesia,
1365 2739 1475 2795 inimici
1489 2739 1657 2796 confusione
1680 2748 1816 2814 percussi
1835 2752 1903 2802 sont.

151 2832 240 2901 justa,
257 2850 271 2882 a
287 2830 384 2896 idest,
411 2829 521 2886 Christo
541 2828 657 2895 sublati,
670 2828 713 2882 vel
738 2828 774 2882 dc
796 2828 873 2882 bona
896 2844 1000 2900 opera·
1059 2849 1073 2881 a
1105 2831 1209 2884 Dentes
1230 2835 1425 2900 peccatorum,
1458 2827 1587 2895 averba,
1611 2829 1733 2898 scilicet,
1756 2834 1903 2903 meledioe;

155 2921 244 2974 tione.
1017 2914 1038 2969 C
1057 2918 1101 2973 vel
1117 2918 1260 2990 principes
1273 2918 1302 2971 in
1316 2916 1466 2971 interitum
1492 2916 1574 2972 flunt.
1590 2917 1665 2988 Ergo
1679 2919 1803 2991 credite,
1818 2921 1903 2977 homi·

190 3008 269 3062 Vane.
292 3009 335 3062 ta.
350 3036 384 3046 -
411 3026 425 3054 α
443 3006 513 3062 Cum
538 3003 681 3059 exarserit.
704 3025 714 3051 ι
732 3001 831 3073 (Cass.)
847 3002 928 3058 fiodo
945 3020 1003 3058 non
1057 3024 1118 3071 nes,
1135 3007 1211 3077 quod
1230 3027 1241 3055 ι
1260 3005 1372 3060 Domini
1393 3005 1532 3072 estsalus,
1548 3025 1566 3057 v⁴
1579 3013 1636 3061 eto
1653 3007 1780 3064 flumine
1798 3031 1810 3059 ι
1827 3010 1901 3066 bene·

152 3095 235 3150 ardet
248 3111 313 3149 cum
328 3095 456 3165 castigat,
476 3099 509 3148 ut
533 3098 624 3164 pater,
640 3092 688 3147 sed
716 3092 747 3146 in
773 3090 870 3145 futuro
891 3091 1004 3146 ardebit
1058 3094 1176 3150 edictio
1192 3099 1241 3148 tua
1264 3094 1301 3148 sit
1328 3109 1415 3164 super
1433 3094 1574 3165 populum
1599 3098 1694 3150 tunm.
1714 3097 1789 3152 llore
1804 3113 1900 3153 mea.»

152 3184 221 3255 quia
243 3183 315 3238 nihil
335 3183 480 3253 patientiae
497 3181 528 3236 in
548 3181 645 3235 futuro
660 3180 723 3234 erit.
749 3202 760 3228 ι
778 3180 809 3234 ln
826 3179 905 3234 brevi
919 3180 971 3235 ira.
987 3199 1001 3232 a
1057 3182 1122 3236 Erec
1138 3180 1208 3234 mihi
1223 3181 1335 3246 merito,
1351 3181 1448 3252 quia«
1473 3197 1541 3236 voca
1556 3197 1630 3236 mea.
1649 3182 1736 3248 »Qui
1751 3183 1845 3241 bonus
1856 3193 1899 3253 esl,

1056 3273 1085 3325 et
1097 3270 1172 3324 bona
1187 3269 1268 3339 petit,
1297 3284 1363 3324 voce
1377 3285 1428 3323 sua
1440 3269 1560 3336 clamat;
1591 3269 1686 3326 aliena
1712 3288 1796 3342 voce,
1813 3273 1842 3329 id
1856 3284 1898 3341 eet,

1055 3357 1122 3412 vitae
1139 3373 1198 3412 sura
1213 3372 1271 3412 non
1293 3357 1491 3413 concordante.
1517 3378 1529 3408 ι
1558 3358 1615 3430 Ego
1641 3358 1783 3419 dormivi.
1800 3382 1815 3415 e
1832 3363 1897 3419 Finis

1056 3446 1106 3512 rei,
1123 3446 1198 3500 unde
1218 3445 1355 3517 proponit
1378 3462 1436 3500 non
1467 3445 1640 3503 timendum.
1670 3467 1687 3499 ι
1704 3449 1809 3520 Eg0,e
1842 3468 1896 3508 cun

1054 3535 1197 3606 pondere3
1220 3534 1326 3606 quasi:
1354 3534 1474 3590 saeviunt
1490 3534 1544 3602 illi,
1573 3535 1622 3590 sed
1650 3552 1713 3593 nou
1738 3538 1896 3608 dormirem,

1055 3623 1236 3678 nieivellem.
1254 3624 1313 3691 Vel,
1340 3623 1464 3679 dormivi
1490 3625 1717 3697 consentiendo;
1741 3634 1895 3700 soporatus,

154 3272 226 3336 Onia
247 3287 305 3325 non
328 3271 441 3342 singula
461 3270 566 3324 horum
586 3268 752 3339 separatim,
772 3267 819 3323 sed
834 3268 921 3322 simul
936 3285 1001 3323 om·

154 3361 203 3415 nia
213 3358 338 3415 discutit.

469 3426 624 3483 PSALllUS
638 3427 687 3481 Ill.

190 3537 272 3592 Vens.
290 3539 399 3590 l.—·
430 3535 569 3599 Psalmns,
599 3552 613 3585 a
643 3534 733 3603 (Auo.)
762 3533 797 3587 de
826 3533 958 3605 passione
974 3538 1002 3588 et

153 3623 360 3681 resurrectione
385 3622 487 3678 Christi
503 3638 510 3676 ε
526 3621 614 3676 Filius
627 3621 712 3676 ludas
735 3637 751 3675 a
767 3637 824 3692 quo
837 3621 919 3692 fugit.
935 3637 1001 3677 cum

153 3715 202 3769 illo
225 3713 387 3769 discedente
416 3726 480 3765 cnm
511 3711 620 3764 caeteris
656 3710 685 3763 in
709 3716 836 3764 montem
865 3709 1000 3778 secessit3
1054 3714 1129 3768 male
1170 3712 1333 3783 operando;
1376 3712 1532 3782 exsurrexi,
1569 3717 1686 3784 peccata
1735 3714 1894 3773 deserendo.

153 3802 385 3874 velpotiuscum
403 3805 528 3854 mentem
544 3799 606 3870 ejus
633 3798 770 3869 sapientie
790 3799 839 3852 lici
862 3798 999 3864 deseruit,
1056 3798 1267 3864 «Quoniam»
1296 3799 1392 3869 (Aoo.)
1410 3800 1471 3854 Non
1486 3799 1682 3869 retropendet,
1707 3817 1769 3857 non
1785 3810 1896 3876 praeter·

154 3897 184 3946 ut
198 3896 273 3945 tolus
285 3895 360 3944 esset
373 3888 488 3955 diaboli,
506 3903 571 3958 quae
586 3887 709 3941 desertio
733 3887 802 3957 fuga
822 3891 939 3958 propter
957 3901 1001 3940 ce·
1053 3903 1087 3942 ea
1111 3888 1221 3942 salvum
1246 3887 1313 3942 facit
1338 3886 1406 3958 quia
1432 3887 1595 3958 percussit:
1619 3887 1670 3943 sed
1695 3888 1766 3946 iude
1791 3891 1895 3948 contriti

153 3982 292 4050 feritatem
316 3977 430 4032 dicitnr.
461 3977 541 4031 Unde
563 3991 571 4029 ε
597 3996 610 4027 a
636 3975 717 4040 Quod
742 3975 811 4029 facis
839 3974 882 4029 fac
915 3974 999 4029 cilius
1052 3979 1119 4031 sunt
1148 3976 1256 4044 dentes,
1279 3975 1346 4047 quia
1363 3975 1516 4046 percussit;
1533 3975 1629 4044 idest,
1654 3978 1801 4035 maledica
1822 3981 1896 4037 verbe

152 4067 239 4139 (fourr.
256 4068 328 4135 xrn).
346 4088 359 4115 υ
377 4065 427 4120 Cui
444 4065 572 4121 Christus
584 4079 683 4134 pacem
697 4064 835 4129 exhihuit,
855 4069 885 4118 ut
898 4068 926 4119 et
947 4065 997 4118 lla-
1052 4064 1082 4118 in
1099 4064 1212 4118 irritum
1240 4064 1326 4119 dlicta
1348 4068 1431 4131 suut;
1456 4064 1511 4132 vel,
1538 4063 1648 4133 dentes,
1670 4071 1739 4121 sunt
1756 4068 1811 4140 qari
1823 4084 1895 4142 quos

150 4156 197 4210 vid
211 4156 271 4210 lilio
285 4155 398 4225 iniquo,
417 4155 491 4207 unde
511 4169 563 4224 pax
583 4153 673 4223 patris
689 4152 793 4207 dicitur
809 4169 815 4207 :
830 4153 916 4207 hadas
930 4168 997 4207 vero
1053 4153 1119 4208 dam
1134 4151 1169 4207 de
1189 4168 1308 4207 numero
1332 4156 1494 4207 sanctorum
1517 4153 1689 4225 precidunt,
1707 4160 1737 4211 et
1750 4159 1837 4214 malie
1858 4158 1894 4213 in·

152 4249 183 4299 ul
196 4244 321 4299 absalon
340 4257 492 4312 suspensus
515 4241 634 4295 interiit.
652 4240 788 4312 Proponit
813 4240 884 4295 duas
900 4246 1033 4319 partes„
1053 4246 1215 4313 corporaut.

150 4332 304 4403 oppositas.
328 4331 384 4384 Vox
414 4329 518 4385 Christi
546 4328 628 4399 quasi
651 4328 829 4397 admirantis,
860 4345 926 4384 cum
959 4329 995 4385 ad

149 4419 316 4474 salvandum
335 4416 413 4472 venit
428 4433 435 4470 :
453 4437 464 4465 ι
481 4417 613 4482 Domine,
630 4415 710 4487 quid,
723 4421 777 4470 elo.
796 4438 807 4465 ι
1086 4419 1166 4473 Vsus.
1184 4422 1208 4472 l.
1225 4447 1260 4458 -
1279 4417 1334 4472 «ln
1345 4417 1443 4472 linem.
1463 4438 1478 4466 a
1494 4417 1588 4488 (Aoo.)
1605 4416 1683 4473 Finis
1699 4418 1817 4476 dnobus
1831 4421 1893 4477 dici-

186 4510 265 4562 Vras.
283 4510 309 4561 2.
333 4537 367 4546 -
397 4527 411 4555 (ι
437 4506 567 4572 fiamine,
598 4506 677 4576 quid.
711 4526 722 4556 ι
753 4505 853 4576 (thes.)
882 4506 995 4561 Primus
1049 4512 1097 4562 tur
1111 4507 1215 4573 modis,
1228 4506 1344 4577 qirando
1359 4505 1467 4578 aliquid
1478 4505 1584 4575 deficit,
1597 4507 1641 4561 vel
1655 4510 1778 4578 quando
1791 4510 1893 4583 perfici·

149 4596 276 4667 psalmus
291 4595 326 4649 dc
346 4593 389 4648 bis
404 4593 454 4664 qui
470 4593 594 4647 breviter
609 4593 643 4647 de
665 4594 799 4661 passione
813 4598 841 4648 at
852 4610 994 4649 resurrcc·
1048 4599 1104 4650 tur.
1132 4594 1225 4665 (ibid.)
1253 4594 1402 4650 Canticum
1417 4593 1548 4649 laelitiam
1572 4593 1691 4652 indicat.
1710 4596 1819 4655 Psalmi
1837 4603 1894 4656 sual

149 4685 226 4739 tione
245 4683 321 4750 facit,
339 4687 439 4736 contra
452 4697 511 4747 eos,
528 4685 556 4735 et
570 4681 694 4735 maxime
709 4697 845 4752 paganos,
862 4683 911 4745 uiri
938 4685 995 4754 glo
1048 4683 1099 4755 qui
1113 4687 1263 4738 cantantur
1278 4683 1313 4738 ad
1329 4683 1508 4754 psalterium,
1524 4699 1581 4755 quo
1597 4682 1627 4739 in
1640 4698 1750 4754 magun
1768 4688 1892 4761 mysterio

149 4773 220 4828 riam
236 4770 391 4842 mejestatis
405 4768 628 4852 ponputantad
650 4769 864 4841 humiliaposse
881 4770 995 4825 descan-
1048 4787 1115 4826 usus
1150 4777 1194 4825 est
1213 4772 1365 4843 Propheta.
1392 4792 1407 4822 a
1437 4772 1575 4840 Psalmns,
1608 4772 1684 4829 »de
1713 4776 1846 4832 moribus
1863 4774 1892 4831 at

147 4863 224 4918 dere,
1047 4861 1201 4931 agendum,
1232 4865 1263 4915 ut
1291 4860 1460 4915 deserantur
1484 4860 1548 4916 falsi
1578 4859 1619 4916 dii
1648 4866 1679 4916 et
1698 4864 1890 4929 venamulit

182 4953 262 5006 vers.
280 4952 384 5005 3.—‹
411 4947 490 5003 llulti
507 4947 716 5014 dicontetc.»
742 4947 834 5020 (Auo.)
863 4949 911 5003 Vel
939 4948 993 5002 hoc
1049 4949 1196 5015 «Cantici,
1225 4949 1325 5021 aquia
1344 4948 1551 5005 fitmentiode
1577 4953 1689 5006 aeterue
1706 4950 1891 5024 iucunditate.

148 5039 217 5096 dicit
228 5036 425 5110 unusquisque
442 5036 610 5108 quievitiis
632 5040 660 5091 et
672 5036 876 5107 cupiditatibus
895 5037 990 5109 impu·
1082 5040 1162 5092 Vens.
1191 5042 1217 5093 2.
1249 5067 1284 5078 -
1317 5057 1331 5087 «
1358 5038 1428 5094 Cum
1464 5037 1638 5104 invocarem,
1666 5044 1723 5095 etc.
1755 5060 1772 5095 e
1800 5038 1891 5111 (Cam)

146 5133 259 5199 gnatur.
1046 5126 1181 5197 Exemplo
1203 5127 1246 5180 sui
1262 5126 1389 5198 increpat
1413 5126 1543 5181 infideles
1568 5125 1604 5182 de
1619 5126 1742 5184 falsis«
1772 5127 1891 5187 Dilatau'

183 5238 194 5266 ι
228 5215 331 5270 Dicunt
354 5213 456 5268 animae
484 5215 569 5268 :Non
584 5213 727 5280 estsalus,
758 5217 841 5268 etc.»
872 5214 991 5270 Coacer·
1046 5214 1125 5270 mihi.
1157 5233 1171 5267 a
1195 5214 1298 5285 (Ibid.)
1320 5215 1362 5270 Ab
1386 5214 1524 5286 angustiis
1552 5213 1678 5270 tristitia
1693 5215 1725 5272 in
1750 5216 1889 5276 latitudine

145 5305 258 5361 vatione
272 5303 406 5358 vitiorum
430 5302 559 5373 subrepit
572 5301 734 5372 desperatio
753 5301 892 5369 sanitatis,
909 5303 991 5373 quasi
1044 5302 1142 5373 gaudii
1168 5302 1285 5373 duxisti,
1309 5319 1338 5358 v.
1370 5325 1381 5352 ι
1423 5303 1586 5359 Gaudemus
1606 5302 1638 5359 iu
1662 5305 1886 5364 tribulationibus
1940 5306 1944 5347 '⁴

144 5393 220 5446 vitiis
242 5390 444 5447 insultantibus
476 5389 599 5455 animae,
629 5389 672 5445 vel
701 5391 790 5444 eliam
816 5388 937 5445 diabolis
961 5396 990 5446 et
1043 5393 1163 5447 scientes
1198 5392 1274 5465 qued
1302 5390 1461 5462 tribulatio,
1490 5396 1544 5447 ele.
1587 5412 1599 5443 a·
1630 5392 1721 5465 (Item.
1753 5398 1795 5468 v.)
1819 5396 1889 5454 Prius

144 5479 253 5551 angelis
268 5482 341 5548 ejus,
357 5495 410 5550 per
423 5478 634 5550 suggestiones.
1042 5479 1179 5536 iudicavit
1198 5497 1227 5536 se
1253 5480 1384 5536 auditum
1405 5481 1485 5552 :jam
1512 5479 1596 5552 qnasi
1614 5480 1730 5539 habene
1757 5484 1791 5541 in
1815 5482 1889 5541 eorde

1371 4310 1528 4368 Psanuus
1550 4311 1595 4366 ll.
