3892 6106
96 195 164 249 1059
395 184 594 246 wtmuuttn
614 186 739 243 statut
756 183 856 242 retu.
877 179 959 240 NON.
978 182 1054 242 OPP.
1075 183 1165 240 etus
1183 183 1206 240 Ι.
1225 211 1262 252 ε-
1279 178 1508 239 innotuerat.
1783 180 1848 237 soso

131 316 211 371 Vsus.
231 316 258 369 8.
287 344 322 353 ·-
336 313 485 369 Retribuet.
501 309 591 381 (Aua.)
603 309 683 374 Quod
710 325 764 380 ego
789 324 849 364 urin
875 324 941 378 pos·
957 310 981 363 A
997 309 1127 378 num,ret
1142 307 1172 362 in
1185 306 1373 380 profundum,
1389 310 1418 362 et
1436 306 1537 362 nolens
1561 303 1717 362 conflten‘:
1746 303 1848 378 dimus,

95 419 171 468 sum,
189 408 256 472 etc,
271 417 355 473 usqne
362 400 436 456 adin
449 415 505 471 quo
516 397 660 470 principes
672 396 773 453 muudi
795 401 944 469 peceatum
998 398 1063 469 quis
1081 413 1128 452 me
1140 396 1238 452 videt?
1256 395 1341 464 Ades,
1357 400 1389 451 ut
1401 395 1537 451 vindices.
1559 395 1674 452 Invenit
1688 394 1848 463 consilium,

95 507 154 547 non
168 491 286 559 invenit,
302 506 390 563 quare
405 489 555 543 occideret.
997 485 1049 540 sed
1061 502 1100 540 stc
1117 490 1215 557 potero
1230 485 1329 556 fugere
1339 485 1454 540 iratam.

1033 575 1118 629 Vens.
1140 573 1340 630 lt.-Sisnm
1361 587 1419 628 sero
1439 589 1541 639 renam,
1569 573 1641 628 dues
1669 573 1732 627 alas
1758 571 1848 627 charia

353 629 509 685 PSAthUS
529 628 686 685 cxxxvnl‘
997 663 1072 729 talis,
1091 589 1364 734 quasperdideram).
1428 590 1438 644 ¹

131 758 209 811 Vsus.
228 759 250 809 t.
266 753 572 822 —lnfinempsalmus
588 748 687 806 Dauid.
703 749 943 821 (Cass.)Psalmus
1031 753 1145 807 Pennas.
1159 751 1258 820 (Cass.)
1284 750 1354 815 Qua
1379 765 1450 804 meae
1473 749 1634 822 potestatis,
1665 749 1698 805 in
1722 753 1767 805 est
1793 749 1846 805 etti-

92 843 287 917 protuuditate
300 841 502 913 mysteriorum
516 841 629 911 plenus,
652 843 719 907 eta,
735 853 820 908 usque
848 837 886 892 ad
912 838 941 893 in
996 840 1102 895 cociam
1117 840 1240 907 deitatis,
1256 855 1313 910 qua
1329 854 1431 911 corpus
1444 839 1479 894 de
1509 839 1641 910 sepulcro
1656 837 1774 893 levarit.
1798 839 1845 893 iias

96 931 243 1006 prophetis
263 930 381 995 velatus,
409 929 440 984 in
456 927 612 999 Evangelio
641 927 821 982 manifestus.
851 924 941 997 (tuo.)
996 928 1118 999 sumpsit
1133 928 1261 994 diluculo,
1278 931 1344 982 ante
1359 927 1506 998 lucem,id
1526 932 1578 995 est,
1594 932 1731 998 tempore
1755 941 1846 981 resur·

93 1021 232 1093 Loquitur
246 1023 325 1074 totus
348 1017 489 1086 Christus,
518 1022 658 1088 tanquam
673 1031 749 1071 unus
777 1021 806 1070 et
831 1014 943 1086 integer
996 1016 1161 1084 rectionis:
1178 1020 1206 1070 et
1228 1016 1364 1071 habitauit
1386 1018 1417 1072 ia
1431 1018 1560 1071 extremis
1586 1017 1686 1085 meris,
1714 1015 1772 1070 boc
1797 1019 1845 1080 est,

92 1109 146 1172 vir,
162 1113 228 1176 eto,
253 1107 388 1177 usquead
401 1107 474 1160 sicut
498 1106 556 1160 duo
582 1105 612 1159 in
629 1120 713 1159 carne
742 1106 941 1170 unaltomine,
996 1121 1082 1175 super
1107 1105 1203 1160 saculi
1229 1105 1441 1177 amplissimam
1468 1104 1614 1160 tinemEt
1634 1104 1801 1161 totilanem
1820 1106 1848 1158 ιιι

89 1198 273 1269 probastime.
290 1196 390 1268 (Cass.)
408 1194 516 1264 Primo,
528 1195 563 1249 de
574 1193 677 1248 notitia
692 1192 753 1259 liei,
775 1198 842 1261 etc,
854 1206 943 1260 usque
995 1197 1132 1249 eatremis.
1146 1195 1238 1262 (Auo.)
1255 1195 1357 1261 liente,
1370 1193 1401 1249 in
1415 1194 1472 1250 tine
1497 1193 1653 1260 ceaulini
1672 1208 1737 1248 nou
1764 1207 1847 1247 sucu·

93 1288 130 1342 ad
144 1290 257 1358 quarto,
273 1284 419 1356 quomodo
432 1282 500 1337 mali
511 1282 537 1336 ei
549 1298 608 1336 nou
623 1285 754 1347 noceant,
766 1280 816 1347 ibi,
831 1281 862 1336 Si
876 1283 942 1336 occi·
996 1282 1055 1336 lom
1066 1297 1171 1348 amem,
1187 1282 1235 1336 sed
1253 1283 1314 1352 ejus
1329 1283 1429 1348 tinem,
1446 1282 1477 1337 in
1500 1296 1560 1353 quo
1573 1281 1611 1337 sit
1621 1281 1698 1337 mihi
1720 1281 1845 1353 requies.

93 1376 178 1442 deris,
205 1375 289 1441 Deus,
317 1379 369 1427 etc.
397 1374 518 1439 Domine,
542 1371 677 1441 probasti.
706 1372 800 1441 (aaa.)
819 1372 883 1426 tam
912 1370 941 1424 iu
994 1368 1048 1427 Sed
1063 1375 1091 1424 et
1106 1370 1166 1441 ipse
1181 1370 1249 1424 illnc
1263 1371 1352 1436 ducit,
1368 1370 1558 1426 undesubdit.

92 1462 421 1524 Jerusalemrestitutns,
443 1461 655 1529 etc.,usquead
678 1459 739 1514 baec
754 1465 796 1514 est
817 1474 941 1530 persona
1031 1460 1111 1516 Vens.
1131 1460 1172 1514 tl).
1195 1461 1427 1515 -Etenlmillne
1451 1476 1548 1516 manns
1560 1465 1621 1517 tua.
1655 1459 1850 1516 Considamus

92 1550 326 1609 totiushnmenae
336 1553 446 1605 naturae
462 1549 640 1603 revertentis.
955 1587 976 1641 B
995 1552 1090 1602 autem
1103 1548 1345 1619 longinquitatem
1361 1548 1423 1615 viae,
1438 1548 1558 1604 subdit:

127 1644 213 1696 Vens.
238 1642 263 1695 3.
289 1669 324 1679 -
352 1639 522 1693 Ιηιιιιιιιιιι.
550 1638 649 1707 (Cass.)
671 1636 853 1691 Proescientia
881 1636 939 1691 dei.
1032 1638 1111 1692 Vsus.
1136 1641 1179 1691 tt.
1205 1638 1290 1691 —Et
1315 1636 1389 1691 diait
1413 1638 1533 1703 forsitan
1562 1637 1679 1692 tenebrae
1707 1637 1847 1692 conculca

92 1728 219 1786 tatishic
244 1725 414 1794 ostenditur,
440 1730 505 1791 etc,
520 1741 605 1796 usque
634 1725 671 1780 ad
697 1725 766 1796 quia
787 1726 873 1781 homo
896 1741 940 1781 as·
996 1725 1070 1793 beent,
1085 1730 1138 1780 etc.
1154 1725 1287 1780 Abundat
1301 1724 1438 1795 iniquitas
1455 1725 1561 1793 seculi,
1576 1740 1634 1797 qua
1649 1741 1757 1797 pennae
1780 1725 1847 1780 cbe-

91 1816 344 1888 sumptusdiviuoe
371 1813 538 1869 substantiae
569 1830 626 1868 non
642 1819 737 1885 potest
756 1814 875 1885 aequari.
903 1817 941 1869 De
994 1814 1087 1868 nitatis
1108 1814 1292 1886 refrigescere
1306 1819 1435 1884 possunt.
1452 1815 1485 1867 El
1499 1813 1567 1883 qnia
1581 1814 1612 1868 in
1626 1819 1716 1869 nocte
1743 1814 1847 1885 despe-

92 1906 177 1972 lonpe.
190 1905 291 1976 (Aua.)
303 1903 375 1958 Cum
391 1902 483 1957 adhuc
500 1901 529 1956 in
546 1903 775 1973 peregrinatione
787 1919 861 1970 sum,
888 1918 940 1957 an·
995 1903 1053 1958 reri
1068 1904 1190 1958 transire
1219 1918 1308 1971 mare,
1330 1919 1387 1956 nox
1403 1903 1474 1955 mihi
1489 1902 1562 1956 laete
1578 1906 1621 1956 est
1644 1901 1844 1957 illuminatio:

91 1997 209 2065 tequam
225 1993 260 2047 ad
277 1991 401 2062 patriani
414 1990 538 2058 reniam,
554 1996 586 2045 ut
608 1990 668 2046 lilio
682 1991 788 2046 minori
809 1991 940 2046 redeunti
994 1992 1077 2045 Venit
1091 1992 1204 2057 mulier,
1221 1990 1363 2062 sapientia
1387 1990 1448 2058 liei,
1465 2006 1529 2062 quae
1543 1990 1725 2057 drachmam,
1741 1989 1794 2045 ubi
1805 1993 1845 2044 est

92 2081 314 2151 occurritpater,
325 2078 393 2150 quie
407 2079 546 2134 intellexit
556 2079 618 2152 ejus
632 2079 820 2151 cogitationes
832 2081 867 2135 de
882 2080 941 2134 lon·
994 2078 1090 2150 imago
1106 2080 1192 2150 regis,
1210 2078 1238 2133 id
1263 2083 1304 2133 est
1327 2078 1485 2145 hominem,
1500 2078 1666 2150 perdiderat
1684 2095 1692 2133 :
1719 2078 1847 2133 accendit

92 2170 211 2242 ginquo,
229 2170 297 2241 quia
324 2169 401 2239 apud
425 2185 455 2222 se
479 2168 590 2222 dixerat
616 2173 744 2239 egestare
771 2167 938 2223 conlectus:
994 2166 1029 2221 de
1045 2184 1074 2220 se
1102 2167 1260 2233 ltrcernam,
1284 2183 1350 2239 quae
1372 2168 1408 2222 de
1423 2168 1547 2237 luteast,
1563 2166 1649 2223 idest
1663 2182 1797 2232 mnam,
1818 2169 1844 2222 et

93 2257 210 2326 Surgam
220 2263 246 2312 et
259 2258 303 2311 ibo
315 2257 467 2327 adpellem
481 2272 579 2318 meam,
995 2261 1077 2311 nocte
1087 2256 1249 2312 illuminata
1264 2255 1373 2310 invenit
1388 2256 1565 2312 drachmam.

126 2346 257 2401 semitam
280 2360 377 2412 meam
409 2344 516 2399 scilicet
543 2345 659 2411 malam,
681 2361 739 2417 qua
753 2343 800 2411 ivi,
826 2348 941 2416 patrem
1030 2345 1158 2400 didicit.
1175 2345 1264 2415 (Αιιι.)
1280 2344 1450 2400 Deliberari.

93 2432 235 2488 deserens.
1029 2435 1154 2488 Forsitan
1169 2439 1203 2487 te.
1222 2433 1364 2488 Tenebras
1385 2431 1454 2488 dicit
1482 2432 1560 2486 illam
1593 2429 1768 2487 inferiorem
1782 2447 1844 2504 pur·

127 2524 161 2577 Ει
175 2522 339 2588 funiculum.
367 2520 466 2593 (Alias)
483 2519 617 2589 limitem,
633 2536 782 2592 quousque
797 2521 938 2591 perveni:
994 2526 1052 2577 lem
1083 2521 1229 2575 rationalis
1266 2526 1415 2584 creaturae,
1451 2519 1623 2574 contrariam
1650 2519 1843 2586 insistentem,

90 2609 176 2680 longe
190 2609 309 2681 quidem
324 2609 425 2677 ieram,
442 2610 489 2665 sed
505 2614 536 2664 tu
552 2609 606 2666 ibi.
627 2611 662 2665 Ut
677 2610 872 2681 deprehensus
898 2610 940 2665 fn·
995 2610 1101 2665 scilicet
1112 2609 1226 2680 iniquos
1240 2608 1372 2663 homines
1394 2608 1437 2662 vet
1452 2623 1578 2675 carnem,
1602 2607 1683 2662 unde
1699 2606 1785 2663 timet
1795 2624 1802 2662 :
1814 2608 1845 2663 tit

91 2697 197 2770 gitivns
212 2697 352 2769 loquitur,
368 2704 506 2770 sequente
522 2716 552 2753 se
566 2698 691 2753 vindicta
707 2698 767 2753 itai.
994 2704 1046 2765 est,
1065 2699 1196 2765 Tenebrae,
1213 2697 1242 2752 id
1263 2702 1306 2752 est
1324 2697 1444 2752 inferior
1470 2695 1618 2751 rationalis
1644 2700 1782 2751 creatura
1808 2696 1843 2751 si·

126 2787 246 2843 vensi.
261 2817 298 2826 -
316 2789 352 2843 lit
374 2803 463 2843 omnes
481 2789 541 2842 oios
556 2802 629 2842 ineas
654 2803 661 2841 ι
691 2799 846 2858 antequam
867 2786 939 2842 irem
994 2787 1113 2842 nistrem
1128 2785 1326 2842 tenensriam.

91 2890 149 2940 aas,
165 2878 194 2928 et
206 2874 362 2946 permisisti
378 2892 424 2931 me
440 2875 470 2930 in
492 2876 590 2931 labore
612 2876 665 2946 ire,
690 2881 721 2930 ot
745 2875 869 2931 redirem
897 2871 975 2929 si·C
1029 2876 1255 2931 conculcaverunt
1277 2890 1328 2928 me.
1364 2873 1423 2943 (lo.)
1452 2874 1492 2928 lta
1534 2871 1686 2938 timebam,
1717 2873 1769 2928 sed
1792 2888 1842 2927 noc

90 2963 198 3017 nollem
213 2962 355 3034 laborare,
368 2964 422 3018 hoc
448 2963 549 3019 fateor.
579 2964 650 3030 Quia
672 2979 725 3019 aon
747 2969 786 3020 est
801 2966 879 3019 dolus
909 2967 939 3019 in
991 2966 1068 3032 tacta
1094 2967 1134 3018 est
1157 2964 1367 3020 illuminatione
1381 2960 1486 3016 deliciis
1502 2962 1578 3027 meis,
1606 2959 1635 3015 id
1652 2960 1769 3015 estiltie
1784 2959 1841 3032 qui,

91 3051 185 3119 linqua
199 3051 391 3122 meazjemin
406 3053 560 3124 toagratia
573 3052 731 3124 justificati.
991 3052 1073 3124 prius
1099 3069 1165 3120 nor,
1200 3051 1357 3106 illuminati
1382 3056 1467 3106 erunt
1491 3049 1522 3104 iu
1549 3048 1671 3104 deliciis.
1706 3049 1783 3116 Quia
1808 3053 1838 3104 te.

125 3140 207 3194 Vens.
224 3142 249 3194 5.
266 3142 545 3210 -Novissimamea,
556 3143 671 3213 quaudo
682 3141 868 3214 porcospari,
880 3144 939 3196 Aa·
992 3143 1166 3197 Peccatores.
1188 3196 1195 3211 ,

91 3227 180 3296 liqna,
199 3227 939 3300 qnandopartemsubstantiaepetii,hocsecundum
1028 3233 1111 3286 Vane.
1140 3234 1184 3286 ta.
1214 3260 1249 3270 —
1278 3231 1337 3285 Non
1359 3228 1584 3296 obscurabuntur,
1601 3231 1668 3296 etc,
1697 3230 1726 3281 et
1749 3240 1843 3297 noma

91 3315 270 3385 parabolam.
289 3315 341 3370 Sed
361 3315 490 3385 mystice,
511 3318 646 3384 Aritiqua,
663 3316 839 3386 quandoper
866 3316 939 3370 anti-
991 3318 1190 3392 peecatoribus
1220 3317 1400 3390 degentibus.
1416 3317 1495 3371 Sient
1528 3315 1596 3382 dies,
1620 3314 1653 3369 id
1680 3318 1725 3369 est
1757 3312 1841 3368 sancti

91 3406 324 3473 quumpecatom
339 3403 411 3473 lapsi
426 3419 543 3458 sumus:
559 3405 721 3472 Nouissima,
738 3420 832 3474 poena,
847 3420 937 3475 quan-
992 3409 1027 3465 de
1047 3407 1162 3464 Judaeis.
1201 3408 1279 3464 Sicut
1303 3405 1417 3461 tenebrae
1437 3405 1508 3474 ejus,
1532 3403 1576 3459 itu
1600 3407 1625 3457 et
1647 3403 1754 3470 menen,
1779 3403 1843 3475 quia

90 3489 129 3544 do
144 3488 174 3543 in
187 3490 261 3545 hanc
274 3491 479 3546 mortalitatem
494 3491 713 3562 venimusque
727 3492 898 3559 estultima,
915 3493 938 3547 si
993 3500 1135 3568 quatenus
1149 3493 1288 3563 agnoscit,
1317 3495 1436 3546 eatenus
1458 3489 1587 3561 ignoscit.
1608 3489 1665 3544 Sed
1692 3489 1776 3544 unde
1795 3489 1845 3544 hoc

90 3577 186 3633 redire
201 3578 334 3632 volumus
353 3579 482 3650 alioquin
504 3585 590 3635 restet
605 3585 722 3636 aeterna.
738 3582 874 3636 Formasli
888 3598 937 3649 me,
994 3583 1085 3639 mihil
1110 3584 1176 3651 qnia
1202 3587 1232 3637 ιιι
1255 3581 1401 3651 possedisti
1425 3594 1500 3635 renes
1518 3593 1597 3633 meos.
1620 3577 1694 3643 Ouia
1720 3577 1841 3632 tenebam

91 3665 261 3733 adlabores,
273 3667 681 3738 adquosomnesnetisumus.
694 3671 824 3725 Posuisti.
839 3662 953 3742 (Alias)'
995 3671 1089 3742 (tuis.)
1115 3672 1170 3736 Qui
1198 3687 1257 3726 non
1286 3669 1439 3724 confitetur
1470 3671 1594 3739 peccate,
1625 3681 1692 3720 suas
1717 3666 1847 3721 tenebret

92 3753 220 3809 Gravesti
251 3769 380 3823 menum,
408 3754 560 3823 vindicem,
588 3760 754 3827 gravantem
782 3757 940 3828 superbum
994 3761 1142 3827 tenebras;
1171 3759 1220 3814 sed
1238 3759 1261 3812 si
1284 3757 1446 3823 confltetur,
1478 3757 1553 3811 Deus
1579 3753 1740 3811 illuminat.
1770 3755 1845 3810 seut

91 3841 723 3915 salubriter,nterigethumilem‚ingravate
733 3861 832 3900 manu.
994 3849 1106 3904 tenebra
1143 3849 1214 3917 ejus.
1247 3848 1355 3902 Nostrae
1373 3845 1474 3912 noctis,
1489 3844 1583 3911 idest,
1614 3844 1758 3899 humanae
1781 3844 1844 3899 ritu

127 3932 212 3987 Vsus.
226 3933 252 3985 6.
270 3961 304 3972 -
315 3931 462 3999 Mirabilis,
479 3936 508 3986 et
530 3933 830 4004 incomprehensibllis
856 3935 938 3990 mihi.
994 3936 1127 4003 miseriae,
1142 3940 1206 4003 etc,
1220 3949 1304 4003 usque
1319 3933 1452 4004 adquam
1468 3933 1565 3986 tumen
1581 3946 1642 3986 nou
1657 3931 1783 3987 extollit.

91 4019 367 4076 Factaeelscientia.
389 4021 451 4074 lton
478 4024 520 4075 est
547 4021 618 4075 mihi
646 4021 728 4077 facile
752 4023 940 4095 contemplari
1034 4027 1116 4080 tens.
1135 4028 1176 4080 ι3.
1197 4054 1232 4064 -
1257 4024 1327 4089 Quia
1350 4027 1380 4077 tn
1400 4020 1548 4093 possedisti
1566 4034 1644 4076 renes
1668 4035 1754 4076 meos.
1782 4020 1844 4089 (lo.)

90 4108 380 4179 te,quemsuperbus
396 4108 510 4180 reliqui,
528 4114 561 4163 ut
580 4110 732 4181 priuseret
755 4127 820 4165 cum
848 4128 939 4167 essem
996 4113 1075 4169 Unde
1095 4114 1157 4168 haec
1185 4111 1344 4167 differentia
1368 4109 1440 4164 tibi‘l
1466 4109 1533 4181 quia
1549 4109 1672 4164 interior
1697 4124 1847 4181 possessor

92 4195 343 4267 apudte‚quendo
366 4195 436 4265 dixi,
463 4198 499 4252 da
529 4198 599 4252 mihi
620 4202 732 4269 partem
762 4200 937 4256 substantia.
996 4219 1052 4257 nen
1065 4203 1159 4257 solum
1173 4217 1232 4267 eor,
1247 4200 1276 4255 id
1293 4204 1335 4255 est
1352 4198 1540 4270 cogitationes
1558 4201 1648 4267 tenet,
1672 4199 1726 4253 sed
1757 4203 1786 4253 et
1804 4213 1845 4252 re·

92 4285 137 4340 illc
150 4299 202 4350 me,
217 4283 248 4339 id
263 4288 305 4338 est
315 4299 349 4338 ex
363 4289 479 4355 peccato
494 4300 567 4339 meo.
995 4308 1055 4360 nes,
1068 4291 1152 4346 idest
1167 4289 1372 4345 delectationes
1387 4305 1393 4343 :
1407 4292 1438 4342 ιιι
1459 4303 1520 4342 nou
1540 4286 1665 4342 delectet
1679 4287 1733 4342 lux
1747 4287 1845 4354 noctis,

128 4373 288 4438 Consortata
306 4371 458 4444 esulanus)
485 4373 615 4428 invaluit.
641 4376 678 4429 Et
700 4391 754 4431 non
779 4381 872 4446 potero
897 4381 941 4432 ιιι-
995 4381 1045 4437 sed
1060 4378 1345 4449 lursapientiaesuoe.

93 4459 203 4530 tingere
214 4475 248 4515 ex
262 4460 425 4531 multuo.)
437 4461 467 4515 ln
479 4461 687 4531 Erodolegitor
698 4464 863 4532 Dominum,
874 4469 940 4532 etc,
1033 4470 1111 4523 Vens.
1142 4468 1184 4521 it.
1212 4496 1246 4507 -
1272 4465 1420 4534 Confitetur
1445 4464 1508 4519 tibi.
1525 4461 1628 4533 (cisa.)
1652 4461 1754 4518 Tertia
1773 4478 1843 4535 pars,

92 4562 177 4617 usqne
189 4548 226 4602 ad
236 4552 265 4604 te
275 4565 333 4603 non
344 4549 428 4614 lateo,
445 4550 527 4620 enjus
539 4550 660 4605 limitem
673 4551 762 4606 rides.
995 4556 1045 4611 ubi
1060 4555 1138 4620 dicit,
1151 4553 1290 4610 revolanti
1302 4553 1337 4608 ad
1352 4553 1453 4617 Deum,
1471 4552 1528 4606 Deo
1550 4549 1750 4618 illuminante,
1767 4566 1845 4606 renes

128 4637 214 4692 Vens.
232 4641 258 4692 7.
288 4637 393 4703 -Ouo
409 4637 452 4692 ibo
466 4641 569 4707 spiritu
585 4643 652 4693 tuo?
680 4639 783 4711 (Cass.)
812 4641 942 4696 Secunde
994 4644 1166 4717 possidente,
1204 4645 1311 4714 quanta
1341 4637 1548 4695 estexsultatio
1578 4641 1605 4692 et
1630 4637 1843 4710 multiplicatio.

93 4742 171 4798 pars,
186 4727 237 4783 ubi
248 4727 461 4799 jamdeliberat
480 4744 541 4783 nou
554 4743 614 4783 esse
630 4729 665 4783 ab
680 4746 713 4784 eo
738 4729 940 4800 tungiendum,
995 4735 1097 4789 Anima
1120 4747 1180 4787 meo
1208 4734 1345 4799 canaescet
1367 4730 1458 4784 nima.
1486 4728 1582 4796 (Aac.)
1610 4726 1674 4780 lem
1704 4726 1845 4801 cognoscit

93 4817 142 4872 sed
159 4817 193 4872 ed
213 4832 291 4884 eum,
307 4816 343 4871 ab
366 4816 438 4872 irato
467 4817 670 4888 adplacatum,
703 4819 780 4889 quod
794 4819 850 4874 erit
873 4836 941 4891 per·
995 4818 1285 4876 animamearelde:
1301 4822 1367 4873 ante
1385 4816 1659 4872 eratmiraseientio
1675 4821 1775 4871 lucen
1796 4830 1843 4882 me,

93 4906 198 4976 ipsum,
214 4921 273 4977 quo
288 4907 388 4977 plenus
403 4910 446 4961 est
464 4905 591 4961 muudus
603 4924 610 4961 :
620 4909 740 4977 Spiritus
753 4910 824 4962 enim
834 4910 943 4964 Domini
994 4925 1041 4965 nec
1056 4907 1306 4978 poteromadeom;
1323 4907 1372 4961 sed
1388 4905 1473 4961 modo
1485 4920 1612 4975 possam,
1636 4904 1709 4975 quia
1735 4910 1842 4961 noctem

65 4988 286 5062 'repletamnia
303 4995 479 5061 Qnoafaeie
495 4997 681 5064 litostratum?
696 4996 779 5050 vertit
795 4997 890 5051 sobac
914 5000 942 5052 et
994 4997 1176 5065 illuminasti,
1205 5011 1287 5050 renes
1318 4994 1482 5066 possedisti,
1506 4993 1540 5049 de
1575 4996 1658 5048 utero
1686 4992 1842 5065 suscepisti,

93 5081 169 5145 illac,
185 5082 267 5154 qnasi
281 5082 514 5154 quaereuslocum
531 5083 616 5154 fugae.
995 5086 1023 5142 id
1041 5091 1094 5153 est,
1119 5086 1187 5158 quia
1211 5085 1290 5139 venit
1323 5082 1396 5139 mihi
1419 5082 1512 5154 gretie
1530 5086 1590 5148 toa,
1620 5084 1650 5136 et
1673 5080 1845 5137 illuminerit

33 5234 36 5239 1
129 5170 209 5226 Vens.
226 5174 252 5226 8.
266 5200 303 5212 -
316 5171 348 5227 Si
365 5171 509 5227 cateridem
528 5175 558 5226 in
576 5173 680 5240 calum,
697 5176 727 5227 ιιι
745 5174 803 5228 illic
826 5188 863 5242 es,
887 5178 940 5229 etc.
995 5191 1051 5231 me.

93 5257 188 5329 (Auo.)
211 5259 241 5315 Si
266 5275 312 5314 me
330 5261 469 5327 extulero,
483 5260 598 5315 invenio
623 5277 834 5332 repressorem
858 5262 881 5316 si
906 5263 941 5318 de
1030 5262 1296 5319 Vsus.15.—Nen
1314 5263 1354 5316 est
1372 5260 1534 5315 occultatam
1549 5270 1578 5312 es
1600 5272 1692 5312 meum
1706 5274 1725 5312 a
1739 5255 1842 5327 teqead

94 5344 203 5416 justitia
225 5362 291 5401 mea
318 5348 498 5419 superbiero,
522 5351 562 5403 ilc
585 5350 625 5404 ibi
648 5364 685 5416 es,
711 5350 792 5421 cujus
817 5367 883 5405 vere
898 5355 942 5407 est
995 5353 1086 5417 fecisti
1104 5353 1132 5406 in
1153 5351 1263 5407 occulto.
1279 5348 1339 5421 (lo.)
1355 5349 1393 5404 Os
1419 5347 1455 5403 ab
1469 5360 1611 5413 osse,uon
1627 5344 1663 5400 ab
1695 5362 1759 5416 ore,
1782 5351 1841 5410 ela.

90 5431 213 5503 justitia.
229 5434 263 5489 Si
276 5434 445 5503 descendero,
471 5437 617 5509 peccando
645 5454 761 5507 reuera,
778 5439 827 5495 Ad
859 5438 941 5508 inler-
995 5439 1128 5509 usquead
1145 5439 1223 5495 unde
1236 5438 1407 5510 Apostolus:
1425 5436 1510 5503 Quasi
1522 5435 1625 5504 tristes,
1640 5449 1748 5507 semper
1758 5440 1840 5491 ιιιιιιιι
