3892 6106
92 253 141 306 831
406 248 603 305 wttlltttbl
621 249 744 305 statut
766 250 866 306 FUbl).
887 248 968 303 uolt.
988 246 1065 303 OPP.
1087 246 1176 301 Paris
1195 246 1217 301 l.
1238 273 1272 282 —
1291 242 1521 302 Tuuotdctca.
1799 246 1850 301 832

131 373 194 426 rEt
216 371 247 425 iu
273 372 369 443 platea
395 371 545 442 parabant,
569 392 580 418 ι
605 378 658 425 etc.
683 371 757 436 Quia
784 372 813 426 in
832 386 946 442 maguae
964 372 988 424 Α
1003 368 1108 424 electus
1135 368 1220 430 mala,
1247 372 1312 437 etc,
1340 383 1426 437 tuque
1452 367 1490 423 ud
1516 373 1586 424 suut
1614 373 1713 425 tamen
1744 368 1853 425 minora

93 458 274 516 auctoritatis
290 459 442 514 latitudine
457 458 501 513 sui
517 459 673 530 magisterii
691 459 804 514 exhibet
829 459 946 515 liberta·
1000 472 1054 527 pro
1068 456 1226 527 majoribus
1241 456 1441 528 relinquenda.

98 553 167 604 tem.
186 548 504 619 Quienimrectaquae
528 548 945 619 sentitpublicaroceproedi·
1039 545 1120 599 Vsus.
1153 549 1194 599 ti.
1212 575 1243 585 -
1265 545 1483 601 «Conterebam
1506 545 1637 612 molas,»
1663 551 1719 601 etc.
1736 545 1851 617 iniquus

93 643 149 704 cat,
179 637 263 709 quasi
290 636 320 691 in
344 637 439 707 platea
465 651 552 707 super
574 637 740 692 cathedram
761 638 850 705 sedat,
880 653 945 692 cum
1001 632 1106 689 dicitur
1121 633 1269 700 diabolus;
1285 649 1338 706 per
1365 635 1465 703 molas,
1491 633 1612 690 occultae
1633 634 1699 706 ejus
1721 634 1850 702 insidie;

95 726 174 781 nulla
200 727 236 781 de
264 740 316 780 sua
343 724 548 796 predicatione
576 726 689 792 metuit,
712 726 808 780 nullos
831 742 946 798 pressus
1000 722 1166 793 perdentes
1185 727 1292 793 aperte
1307 723 1398 794 culpae
1421 722 1638 778 demonstratur
1664 724 1839 796 perpetratio

95 813 254 868 terroribus
269 829 298 867 se
308 812 362 868 sub
373 812 487 867 silentio
501 812 661 867 abscondit.
999 810 1082 865 Prius
1110 827 1179 883 argo
1208 827 1321 865 necesse
1344 814 1388 866 est
1414 813 1525 868 occulta
1546 812 1737 868 consiliorum
1774 812 1847 868 illius

130 902 215 954 Vana.
227 902 253 963 a,
266 930 300 939 -
317 921 328 948 ι
342 900 481 955 Videbunt
495 915 541 953 me
560 899 692 970 jiireues,
712 920 723 949 s
745 905 798 954 etc.
823 901 946 955 Juucnes
1000 898 1232 953 machinamenta
1253 898 1386 970 prodere,
1403 905 1437 954 ut
1449 900 1589 955 auditoris
1603 901 1710 955 uostris
1727 900 1848 956 animam

9 1036 17 1047 ,
96 989 174 1056 dicit,
190 990 259 1059 quia
273 990 352 1043 nullu
367 988 480 1044 consilii
492 989 630 1060 gravitate
650 989 828 1045 fulciuntur:
851 1005 943 1055 sanes,
998 984 1030 1040 iu
1043 991 1142 1057 aperto
1158 987 1255 1056 lapsus
1275 987 1420 1041 valeamus
1444 1003 1586 1043 revocare.

92 1094 207 1133 morum
223 1078 429 1149 grandaevitate
447 1082 582 1132 maturos.
600 1079 634 1132 Et
647 1084 689 1133 cst
714 1078 945 1133 sensus:l1ccle·
1036 1075 1115 1129 Vens.
1139 1077 1230 1130 ta-
1251 1094 1265 1124 a
1283 1074 1493 1147 Dicebamquc:
1521 1076 1555 1130 ln
1585 1075 1689 1132 nidulo
1710 1091 1779 1131 meo
1794 1091 1849 1131 ruo

92 1166 325 1238 siaeriguremet
345 1166 547 1221 rectitudinem
563 1165 712 1222 immaturi
737 1166 904 1234 formidant,
916 1171 945 1221 et
999 1163 1099 1218 rias.»
1124 1164 1177 1218 Per
1197 1162 1259 1218 nidi
1275 1179 1383 1218 nomeu
1398 1163 1576 1236 exprimitur,
1608 1170 1678 1235 etc,
1704 1180 1791 1235 utpute
1816 1165 1850 1220 ud

94 1254 240 1326 grandaevi
256 1253 428 1325 glorificant.
999 1256 1095 1307 uacui
1109 1251 1227 1323 quidam
1255 1252 1285 1307 iu
1313 1252 1397 1308 initio
1424 1253 1490 1326 plus
1511 1254 1581 1325 agit,
1609 1253 1643 1309 iu
1667 1270 1848 1310 consumma·

128 1344 210 1398 Vuae.
226 1346 253 1397 9.
273 1371 308 1384 -
324 1364 339 1392 «
359 1343 507 1414 Principes
534 1344 686 1399 cessabunt
714 1343 833 1415 loquis
861 1341 944 1398 Priu-
999 1339 1078 1395 tione
1093 1339 1198 1394 miuus.

92 1430 169 1502 cipes
193 1431 237 1485 rel
259 1431 345 1487 duces
365 1430 434 1486 dicit
460 1432 603 1486 hereticae
631 1432 778 1503 pravitatis
801 1436 941 1486 auctores.
1033 1430 1115 1483 Vsus.
1146 1432 1187 1484 ta.
1213 1457 1248 1471 -
1276 1447 1291 1480 a
1319 1428 1421 1495 Radix,
1448 1450 1459 1479 ι
1490 1434 1544 1486 etc.
1560 1428 1660 1500 (Ictu.)
1684 1427 1779 1484 Radix
1803 1428 1847 1483 lia·

93 1519 127 1573 Et
148 1522 191 1573 est
214 1534 335 1574 sensus:
364 1520 436 1575 Cum
457 1519 615 1591 praedicare
637 1519 710 1575 mihi
738 1519 855 1591 publica
874 1534 943 1574 roca
997 1517 1091 1573 clasiae
1102 1517 1267 1572 incarnatus
1277 1517 1415 1582 Christus,
1430 1532 1516 1590 usque
1538 1519 1577 1573 ad
1587 1517 1732 1589 cogitatio
1748 1517 1847 1573 menda

92 1605 184 1673 licuit,
212 1607 303 1661 omnis
327 1623 385 1674 me,
410 1606 460 1679 qui
484 1607 598 1663 veritati
626 1623 684 1662 nou
708 1607 764 1662 luit
788 1607 941 1679 subiectus,
963 1606 1137 1703 Baperitur.

92 1693 216 1765 expavit.
239 1694 364 1765 Digitum
383 1695 651 1766 orisupcrpouunt,
667 1695 736 1750 dum
765 1695 843 1750 falsis
871 1711 941 1767 que·
1036 1696 1094 1749 aEt
1108 1711 1156 1750 ros
1170 1694 1342 1763 morabitur,
1359 1712 1372 1747 a
1388 1698 1441 1750 etc.
1467 1692 1596 1750 Subaudi
1625 1691 1845 1759 dicabam,etc.,

92 1782 161 1838 ralis
172 1797 229 1836 nou
244 1782 356 1837 ratione
369 1781 447 1836 vocis
462 1798 492 1838 se
507 1783 636 1854 reprimi,
662 1783 710 1838 sed
727 1781 839 1838 virtutis
854 1798 942 1839 manu
995 1799 1080 1855 usquc
1093 1785 1131 1839 ud
1145 1789 1177 1839 ut
1190 1783 1271 1855 digni
1297 1783 1397 1851 simus,
1424 1782 1524 1855 quide
1551 1781 1742 1838 interioribus
1765 1781 1842 1837 colli-

94 1868 267 1939 significant.
995 1887 1108 1943 gamur.

130 1958 215 2012 Vens.
237 1959 330 2013 t0.-
349 1975 364 2008 r
380 1957 486 2014 Vocem
511 1975 592 2013 suam
622 1958 795 2015 cohibebant
809 1960 939 2015 duces.»
1033 1960 1114 2014 Vsus.
1135 1961 1183 2014 20.
1214 1979 1226 2008 ι
1263 1958 1357 2015 Gloria
1392 1975 1458 2014 mea
1481 1974 1597 2031 semper
1623 1957 1843 2014 innovabitur.»

95 2045 238 2100 Nimirum
254 2045 295 2113 lsi,
314 2045 365 2116 qui
386 2051 452 2117 post
479 2063 509 2102 sc
523 2053 651 2103 errantes
677 2050 801 2120 populos
826 2050 942 2104 trabere
998 2047 1078 2102 idem
1089 2046 1172 2119 quasi
1185 2046 1319 2101 amissam
1335 2046 1457 2117 gloriam
1472 2045 1614 2118 deplorat,
1632 2046 1707 2117 quia
1721 2061 1844 2117 eosquos

93 2138 244 2200 conantur,
260 2139 326 2200 etc,
355 2149 439 2206 usquc
453 2135 491 2190 cd
505 2135 572 2190 dum
589 2146 722 2207 perversa
735 2137 891 2206 insinuant,
907 2138 942 2195 ad
997 2133 1059 2205 ipse
1074 2149 1154 2188 nore
1181 2133 1246 2187 rita
1268 2132 1392 2188 militare
1408 2132 1539 2202 credidit,
1555 2133 1679 2189 vetustis
1704 2131 1843 2189 desideriis

93 2220 271 2292 impietatem
291 2223 444 2279 nutriendo
459 2224 639 2279 confirmant.
998 2222 1105 2276 servire
1120 2221 1274 2293 cognoscit.

128 2310 207 2364 vars.
230 2314 274 2365 ll.
304 2342 338 2351 -
369 2313 487 2367 «turis
509 2313 639 2368 audiens.
667 2335 681 2366 s
709 2314 751 2370 lbi
766 2313 848 2382 dixit,
873 2315 944 2386 qnid
1035 2311 1097 2364 alit
1112 2325 1193 2365 arcus
1222 2325 1343 2365 meua·
1370 2309 1515 2380 Scriptura
1541 2313 1585 2365 est
1612 2325 1710 2378 meus,
1727 2315 1844 2378 etc.,ut·

93 2397 223 2454 exhibuit
238 2415 289 2470 per
304 2401 474 2466 doctrinam,
490 2406 555 2469 etc,
577 2403 713 2471 usquead
731 2403 782 2476 qui
804 2404 944 2476 exemplis
997 2414 1049 2470 que
1063 2398 1100 2454 ad
1114 2398 1193 2469 qtt0d
1207 2398 1294 2453 etiam
1313 2414 1391 2453 nune
1404 2403 1456 2454 est·

92 2486 159 2541 rite
174 2485 252 2541 illius
266 2488 339 2544 bene
353 2489 475 2545 virendo
486 2492 654 2562 respondet.
1034 2487 1114 2541 Varis.
1129 2489 1173 2540 at.
1189 2514 1224 2527 -
1241 2510 1253 2535 ι
1272 2486 1325 2552 Qui
1341 2502 1388 2541 me
1412 2485 1577 2542 audiebant.
1594 2507 1607 2536 ι
1633 2486 1844 2543 Praeteritorum

128 2575 209 2630 vais.
226 2578 272 2632 ta.
292 2608 323 2617 -
344 2599 356 2628 s
372 2579 410 2633 Eo
428 2579 505 2650 quod
520 2581 685 2635 liberassem
708 2596 866 2652 pauperem
894 2597 943 2636 ro·
996 2579 1161 2646 temporum
1172 2574 1375 2642 reminiscitur,
1393 2574 1423 2629 in
1437 2574 1543 2648 quibus
1557 2590 1645 2631 omne
1669 2575 1753 2649 quod
1769 2576 1804 2632 ab
1817 2590 1845 2630 aa

92 2661 271 2719 ailerautem.
290 2667 446 2723 »Ecclesia
469 2684 627 2739 pauperem
651 2669 856 2724 vociferantem
870 2670 944 2724 libe.
997 2662 1112 2731 dicitur,
1129 2678 1193 2718 curu
1208 2667 1315 2718 metus
1327 2663 1461 2719 lidelibus
1474 2663 1591 2720 auditur
1619 2669 1649 2720 et
1670 2665 1844 2722 aduersario

94 2757 147 2819 rat,
174 2769 239 2808 cum
268 2756 412 2826 peccatori
440 2757 553 2813 veniam
580 2758 755 2829 deprecanti,
788 2775 835 2814 aas
873 2775 944 2831 quas
998 2768 1063 2807 rum
1081 2752 1253 2824 proterviam
1268 2751 1409 2824 deplorat.

93 2842 360 2915 commisitculpas‚
377 2846 494 2901 relaxat,
1034 2858 1049 2886 «
1064 2838 1214 2894 Etintenti
1229 2840 1368 2896 tacebunt.
1397 2840 1465 2897 »Ad
1479 2839 1632 2895 eonsilium
1656 2840 1724 2912 0le
1748 2845 1846 2911 hoelli,

130 2948 144 2980 a
161 2932 194 2986 Et
208 2932 353 3003 pupillum
367 2935 414 2990 cui
428 2951 486 2989 non
509 2939 583 2990 esset
609 2935 731 3007 adjutor,
753 2955 768 2988 ‚s
799 2935 945 3008 popilium
964 2926 1050 2996 equi
1064 2928 1151 2983 verba
1165 2928 1226 2998 ejus
1243 2943 1302 2982 uon
1316 2929 1423 2984 audent
1448 2929 1632 3001 impugnare,
1647 2929 1702 2985 aed
1724 2929 1844 2985 credere.

90 3016 289 3086 liberat,dum
304 3023 511 3096 unusquisque,
532 3029 597 3092 etc,
613 3040 698 3094 usquc
721 3025 759 3079 cd
782 3024 944 3080 haecctiam
980 3084 983 3089 ,
1035 3016 1115 3071 Vtttss·
1134 3019 1179 3071 22·
1194 3045 1229 3057 ··
1244 3037 1259 3066 ¹
1284 3016 1382 3072 Verbis
1405 3017 1476 3072 meis
1497 3017 1612 3072 rddere·
1635 3038 1649 3067 ’³
1683 3017 1771 3073 Dictit
1789 3018 1845 3089 ejus

96 3108 219 3163 Ecclesia
232 3115 261 3164 et
274 3112 459 3182 corporaliter
472 3113 587 3168 extrita
602 3120 630 3168 et
640 3113 836 3185 spiritualiter.
999 3104 1127 3160 haretici
1155 3104 1265 3177 aliquid
1290 3105 1395 3161 addere
1414 3110 1604 3176 presumunt,
1621 3121 1690 3160 cum
1709 3107 1843 3178 predici-

133 3197 216 3251 viris,
235 3201 278 3253 13,
294 3229 324 3239 -
347 3220 361 3251 a
378 3201 539 3257 Benedictio
551 3201 682 3272 perituri,
695 3224 709 3252 „
723 3202 836 3273 (φημὶ)
852 3204 944 3258 Bene.
999 3199 1166 3247 mentorum
1189 3193 1393 3248 rectitudinem
1414 3193 1660 3264 quasiemeudarc
1676 3193 1843 3250 moliuntur.

96 3283 183 3340 dictio
225 3286 346 3357 perituri
371 3305 458 3360 super
487 3305 550 3345 eam
582 3290 669 3357 veuit,
695 3306 760 3345 cum
790 3291 946 3363 peccatoris
1038 3281 1100 3334 «Et
1115 3296 1202 3352 super
1213 3280 1277 3335 illos
1291 3281 1425 3336 stillabat.
1442 3299 1456 3332 a
1473 3282 1505 3336 lu
1529 3280 1583 3336 hac
1612 3281 1772 3337 stillatione
1794 3280 1845 3335 cle

95 3369 246 3427 interitum
273 3377 421 3445 prevenit,
451 3383 480 3432 et
513 3379 617 3433 sanctis
658 3378 903 3434 exhortationibus
929 3395 946 3433 a
999 3376 1062 3448 quii
1074 3393 1209 3432 mensura
1223 3376 1436 3448 predicationis
1457 3378 1539 3449 juxta
1569 3377 1761 3449 capacitatem
1796 3394 1845 3433 au·

97 3460 192 3529 cutpae
203 3460 283 3516 lorea
308 3464 428 3520 reducit.
999 3465 1139 3523 dientium
1153 3465 1302 3536 accipitur.

134 3568 148 3597 r
165 3549 197 3602 Et
210 3565 259 3604 cor
273 3550 367 3606 viduae
386 3554 547 3608 consolatus
559 3569 635 3609 sum.
655 3555 815 3625 »Magnam
840 3569 944 3608 consu·
1035 3556 1120 3611 Vens.
1135 3557 1180 3610 23.
1196 3584 1229 3596 -
1254 3553 1490 3626 «Exspectabant
1507 3569 1554 3609 me
1581 3553 1657 3609 sicut
1679 3553 1845 3627 pluriam.»

96 3636 236 3694 lationem
256 3640 411 3698 corriduae
440 3643 569 3714 suscipit,
599 3644 714 3714 qnando
729 3643 823 3698 fidelis
850 3643 946 3698 anima
999 3644 1090 3698 Verba
1109 3642 1322 3715 predicationis
1348 3649 1453 3698 sancta
1476 3642 1551 3697 sicut
1573 3641 1704 3714 pluriam
1732 3643 1847 3699 sustine·

97 3724 129 3780 in
150 3727 244 3783 verbis
268 3730 399 3786 Ecclesia
424 3733 459 3787 de
483 3732 604 3787 adventu
630 3732 717 3800 illius,
756 3732 875 3804 aliquid,
900 3732 946 3787 cui
1000 3748 1073 3800 mus,
1090 3747 1155 3786 cum
1178 3747 1245 3786 aera
1276 3731 1441 3786 bumilitate
1468 3730 1631 3786 ariditatem
1647 3728 1843 3788 cordisuostri

97 3815 285 3886 spiritualiter
298 3823 342 3874 ast
355 3822 516 3893 conjuncta,
530 3822 683 3893 cognoscit.
1001 3821 1195 3893 agnoscimus,
1209 3826 1242 3876 ut
1257 3824 1326 3891 potu
1345 3825 1449 3875 sancte
1463 3818 1843 3893 predicationisirrigemur.

135 3905 212 3959 Vsus.
230 3908 272 3962 ll.
289 3937 323 3948 -
338 3930 352 3960 r
368 3911 482 3965 iustitia
496 3910 614 3966 indutus
629 3927 703 3966 sum.
723 3932 734 3962 ι
765 3910 814 3966 llla
833 3911 946 3982 justitia
1036 3929 1050 3959 a
1064 3911 1099 3964 Et
1107 3925 1139 3965 os
1152 3925 1236 3964 suum
1251 3909 1419 3980 aperiebant
1432 3908 1516 3980 quasi
1538 3909 1575 3964 ad
1588 3907 1729 3965 imbrem.
1747 3931 1759 3959 ι
1780 3908 1844 3974 Quia

96 3990 170 4048 sicut
197 3994 366 4051 vestimento
395 3998 526 4053 induitur
555 4002 620 4065 etc,
654 4014 739 4068 usque
761 3998 799 4054 ud
827 3999 877 4070 qul
910 3999 945 4054 ds
1000 3997 1070 4053 dum
1085 3997 1116 4052 in
1129 4002 1256 4052 extrema
1265 4003 1346 4069 parte
1370 3997 1468 4053 saeculi
1482 3997 1569 4052 rerba
1586 4001 1696 4053 sanctie
1710 3998 1842 4071 predica·

95 4077 189 4148 culpa,
206 4095 293 4148 qitam
309 4087 434 4153 superat,
451 4083 588 4138 elevatur.
1000 4085 1085 4141 tionis
1114 4085 1279 4156 accipimus,
1309 4085 1391 4158 quasi
1418 4085 1454 4142 ad
1490 4084 1614 4141 imbrem
1643 4086 1801 4142 serotinum
1816 4101 1842 4140 cs

133 4184 146 4219 r
163 4167 196 4221 Et
210 4169 368 4226 diademate
380 4171 489 4243 judicio
510 4188 584 4227 meo.
604 4173 775 4228 »iustorum
801 4171 944 4242 judicium
1000 4174 1092 4230 cordis
1103 4175 1261 4245 aperimus.

97 4254 230 4311 diadema
245 4257 360 4325 dicitur,
373 4260 441 4331 quia
452 4276 505 4331 per
521 4260 574 4316 hoc
590 4277 648 4316 non
672 4260 843 4315 interranis
871 4230 986 4315 etin„
1035 4265 1247 4319 Versat—e
1264 4263 1424 4336 Siquando
1441 4262 1571 4318 ridebam
1590 4263 1626 4319 ad
1653 4280 1841 4320 acanoncrc

96 4341 230 4411 infirmis,
247 4346 295 4401 scd
320 4364 434 4402 sursum
450 4349 625 4404 remunerati
639 4349 856 4420 concupiscunt.
1000 4353 1114 4410 debant.
1129 4372 1143 4405 a
1159 4353 1259 4424 (Grau.
1274 4356 1305 4409 iu
1318 4353 1389 4423 Jub.⁴
1399 4353 1450 4408 lib.
1471 4351 1531 4421 xx.)
1543 4352 1605 4408 Huc
1628 4351 1701 4409 dicit
1728 4351 1843 4409 &aab

135 4434 283 4490 alndutus
311 4451 375 4491 sum
399 4436 526 4507 judicio:
554 4437 661 4509 »quod
685 4440 868 4508 comparatur
895 4452 946 4491 co-
999 4458 1034 4497 ex
1060 4442 1128 4497 ioca
1154 4441 1264 4512 capitis,
1286 4447 1352 4508 etc,
1375 4455 1459 4511 usquc
1491 4441 1530 4496 ad
1551 4441 1743 4497 immoderata
1770 4456 1843 4496 sara·

98 4536 177 4576 route
190 4538 255 4594 quae
269 4540 356 4596 supra
371 4526 500 4596 ponitur,
515 4525 584 4597 quia
597 4525 627 4580 iu
650 4526 721 4581 coelo
741 4525 845 4598 quaerit
863 4541 946 4580 coro·
999 4531 1069 4586 ritas
1083 4531 1217 4586 odiosum
1234 4530 1344 4585 reddat.

98 4609 172 4678 nari,
189 4627 248 4665 non
266 4611 397 4668 interra.
416 4615 493 4669 ltona
517 4631 568 4669 sua
597 4615 699 4685 aperit,
730 4619 761 4670 ut
787 4613 872 4669 amici
888 4630 945 4669 nou
1037 4640 1051 4669 a
1069 4619 1164 4673 Etlux
1193 4619 1289 4673 vultus
1312 4617 1371 4672 mei
1391 4633 1449 4673 non
1472 4617 1600 4672 cadebat-
1633 4616 1765 4691 ·(1btu.)
1792 4619 1844 4674 but

98 4698 280 4770 increpantes
294 4702 453 4774 erigantur,
470 4705 519 4758 sad
533 4708 658 4758 tacentes
681 4703 841 4759 imitantur.
867 4703 947 4758 Valet
999 4708 1095 4763 rullus
1127 4706 1203 4763 beati
1229 4707 1292 4771 tob,
1323 4711 1388 4774 etc,
1420 4720 1505 4777 usquc
1544 4705 1583 4760 cd
1610 4706 1736 4763 &clasis
1763 4707 1844 4765 etiam

98 4787 184 4843 etiam
204 4791 346 4846 memoria
360 4793 491 4862 priorum
510 4797 611 4847 contra
634 4792 863 4864 desperationem
891 4807 945 4862 pro
1000 4798 1075 4853 clara
1091 4795 1227 4867 mysteria
1239 4795 1361 4850 terrenis
1375 4811 1433 4850 nou
1446 4793 1592 4866 predicat.

99 4876 357 4950 increpationibus.
1036 4886 1115 4939 Vsus.
1132 4887 1177 4939 25.
1194 4883 1296 4939 -·si
1312 4882 1465 4939 voluissem
1492 4882 1545 4952 irc,
1573 4903 1588 4933 a
1621 4886 1677 4938 etc.
1712 4883 1844 4939 Dominus

135 4967 216 5022 Vsus.
233 4968 473 5024 l5.-r0culus
502 4968 849 5040 luicaecoetpesclaudo,
866 4971 944 5022 rete.
1000 4978 1104 5029 etcum
1132 4975 1202 5041 vult,
1228 4972 1316 5040 veuit,
1348 4977 1377 5028 ct
1403 4988 1468 5027 curn
1494 4971 1583 5038 renit,
1612 4970 1726 5043 primus
1753 4974 1842 5029 sedet:

101 5056 202 5110 Beatus
226 5056 304 5111 anim
335 5058 389 5113 tob
410 5062 438 5112 ct
461 5058 503 5113 illi
531 5074 583 5129 per
615 5058 800 5129 semetipsum
827 5071 947 5111 manum
1001 5057 1262 5129 quiaetadvantus
1279 5055 1486 5128 ejusiucorda
1511 5062 1609 5112 nostro
1622 5056 1769 5126 gratuitus
1797 5061 1842 5121 cst,

99 5144 274 5213 prebuerat,
296 5151 367 5212 etc,
404 5161 488 5218 usquc
511 5147 549 5202 ud
576 5145 625 5218 qui
653 5144 707 5200 sibi
735 5160 870 5217 nequam,
900 5143 947 5199 cui
1001 5153 1030 5203 at
1049 5147 1192 5220 appetitus
1214 5147 1276 5218 ejus
1312 5145 1447 5201 desiderii
1478 5143 1509 5199 in
1543 5143 1720 5215 cogitatione
1754 5152 1844 5201 uostrt

100 5229 193 5286 bonus
208 5233 222 5286 ‘l
1001 5235 1121 5306 aqualis
1135 5235 1244 5290 caeteris
1255 5232 1407 5290 desideriis
1420 5247 1480 5286 non
1495 5236 1546 5287 eat.

135 5319 214 5375 Vana.
235 5323 277 5375 lb.
292 5352 328 5362 —
343 5343 357 5373 a
372 5325 455 5378 Pater
474 5340 552 5378 eram
572 5339 745 5395 pauperum.
765 5344 779 5373 s
803 5325 948 5394 Pauperes
1038 5344 1053 5373 ι
1068 5324 1198 5394 Cumque
1221 5322 1362 5389 sederem,
1387 5321 1512 5393 quasi»
1536 5324 1589 5375 etc.
1620 5321 1654 5376 lit
1669 5320 1767 5377 littura
1787 5320 1845 5377 edi·

102 5407 178 5461 anim
192 5408 297 5478 spiritu
315 5428 347 5465 cx
363 5413 424 5482 ejus
438 5412 640 5483 praedicatione
655 5417 840 5484 generantur.
1002 5413 1077 5478 licat,
1093 5415 1158 5479 etc,
1171 5426 1256 5480 usquc
1269 5410 1307 5466 cd
1327 5409 1478 5476 consolari,
1503 5408 1699 5466 ministerium
1724 5409 1843 5483 pietatis

139 5498 202 5553 «Et
216 5514 332 5554 cauum
342 5489 429 5571 quam
442 5501 646 5557 nesciebam.»
670 5501 793 5557 Ecclesia
804 5517 870 5556 cum
897 5517 949 5571 per
1039 5500 1243 5556 alluerentium
1270 5501 1440 5556 consolator.
1469 5514 1483 5550 a
1512 5496 1612 5570 (ibid.)
1654 5499 1712 5565 oui
1742 5498 1844 5556 audivit
