3892 6106
137 256 190 315 235
444 252 643 309 watlrnlnt
662 251 787 309 stultu
807 252 904 308 FULD.
926 250 1006 306 aton.
1027 249 1105 306 OPP.
1130 250 1217 305 PARS
1236 251 1257 305 l.
1279 279 1313 289 -
1333 249 1562 308 resoluatur.
1841 254 1895 305 ‘titt

138 378 284 451 populusi
308 378 450 433 desiderat
473 379 635 448 AEgyptum,
664 376 714 447 qui
746 375 891 446 AEgyptias
919 372 1025 429 riditd
1042 373 1144 438 Qureru
1171 389 1239 445 ergo
1265 388 1323 444 qua
1346 372 1393 428 die
1425 373 1511 444 caepit
1543 388 1650 428 manna
1672 373 1763 429 dari?
1791 376 1899 428 elvolo

139 469 311 537 exstinctos3
326 472 355 522 at
367 481 467 521 carnes
478 465 602 537 AEgyptl,
614 465 664 534 qni
678 463 875 534 AEgyptiorum
890 477 989 516 earnes
1041 476 1208 531 comparare
1224 460 1405 515 liominicam
1419 466 1547 516 nostram
1558 477 1624 515 cum
1640 461 1758 517 sabbato
1782 462 1898 517 ludeo·

138 556 387 627 ridetetpiscibns
407 556 487 610 datas
506 562 534 608 et
562 538 743 608 volantibus!
769 552 926 606 blurmnral
939 551 989 606 ad·
1040 566 1117 605 rum.
1136 551 1172 604 Ex
1187 549 1333 619 Scriptura
1350 550 1428 604 enirn
1451 554 1571 620 apparet
1587 549 1656 621 quia
1674 550 1720 605 dia
1751 550 1900 605 liominica

138 661 236 700 rersns
256 645 362 712 llosen,
379 644 437 699 imo
460 644 568 708 Deum;
592 639 750 711 sedprimo
778 639 946 709 ignoscitur,
961 643 990 693 et
1042 637 1261 710 primumdalur
1292 653 1409 705 manna,
1439 654 1488 694 sex
1516 637 1618 693 diebus
1639 638 1783 693 continuis
1814 638 1899 692 colle·

139 733 262 790 secunda
277 731 554 797 eliortassistertio;
571 729 620 784 sed
636 728 661 783 si
688 744 744 783 nan
772 727 915 792 desinant,
939 727 989 782 sed
1041 731 1143 793 ctum,
1164 726 1297 796 septima,
1326 742 1390 798 quae
1414 731 1457 781 est
1480 726 1642 793 sabbatum,
1663 731 1797 781 cessatur.
1829 725 1902 791 Quia

139 822 303 894 persistant,
320 819 467 890 audiquid
483 816 668 889 sequitur,in
697 817 770 871 libro
795 817 989 871 Numerarem
1042 831 1110 886 ergo
1127 815 1155 870 in
1171 814 1377 870 dieliominica
1396 814 1470 886 pluit
1497 816 1572 870 licus
1600 830 1717 882 manna,
1743 819 1772 870 et
1797 814 1899 870 nonin

138 909 261 963 refertar
288 907 379 978 (Num.
400 907 467 976 rxr),
491 911 520 961 et
546 906 623 961 idem
646 906 798 977 Apostolus
830 905 932 959 retexit
946 903 989 958 di·
1043 902 1346 973 sabbato,intolligant
1372 902 1465 958 Judael
1491 903 1554 974 jam
1582 908 1651 958 tunc
1672 904 1822 975 praelatam
1835 918 1898 958 esse

139 995 359 1067 causticam)
377 997 491 1065 :illeque
513 995 758 1061 murmuraveritis,
787 995 858 1048 sicut
877 991 990 1062 quidam
1043 990 1223 1045 Dominieam
1239 995 1365 1045 nostram
1386 1007 1438 1045 suo
1461 990 1600 1058 sabbato;
1631 995 1660 1046 et
1685 990 1843 1046 indicatum
1857 995 1900 1046 est

53 1098 55 1103 ·
139 1100 229 1140 eorum
255 1088 501 1151 murmuraverunt,
530 1087 597 1138 eta
633 1081 801 1152 serpentibus
835 1084 987 1151 perierunt.
1043 1079 1120 1150 quod
1136 1095 1192 1133 non
1205 1078 1308 1149 inipso
1326 1078 1375 1133 liei
1402 1079 1493 1150 gratia
1522 1079 1559 1134 ed
1583 1094 1632 1134 eos
1660 1079 1839 1135 descenderit
1864 1078 1899 1134 de

139 1173 247 1242 Scripta
260 1178 324 1228 sunt
336 1173 390 1227 bec
410 1176 522 1242 propter
545 1186 603 1239 nos,
618 1172 722 1240 inques
749 1173 816 1240 pnes
831 1170 990 1224 seculorum
1043 1169 1123 1233 coelo,
1140 1173 1168 1221 et
1181 1166 1265 1237 panis
1279 1167 1411 1238 caelestis,
1424 1167 1475 1238 qui
1489 1171 1635 1223 estsermo
1651 1167 1711 1230 lici,
1724 1168 1761 1223 ad
1776 1183 1827 1222 eos
1841 1183 1899 1223 non

138 1261 311 1318 devenerunt.
336 1260 389 1316 Sed
419 1260 442 1314 si
470 1275 528 1314 non
555 1258 713 1314 desinimus
752 1273 934 1313 murmurare
962 1261 990 1310 et
1043 1255 1207 1326 peruenerit
1223 1271 1230 1322 ;
1245 1255 1398 1310 undeOse.
1417 1256 1582 1311 audiebas
1596 1256 1825 1312 multissedebaat
1844 1258 1901 1326 pite·

140 1349 276 1419 conqueri
285 1354 384 1404 contra
401 1350 500 1413 Deum,
518 1347 698 1402 incurremus
711 1346 804 1401 simile
817 1344 987 1400 offensionis
1043 1346 1133 1400 Israel
1146 1347 1205 1400 sine
1217 1358 1288 1412 repe,
1300 1346 1359 1399 sine
1372 1347 1508 1414 principe,
1530 1347 1588 1400 sine
1604 1346 1704 1411 boetia,
1727 1346 1786 1399 sine
1812 1347 1900 1400 sucri-

139 1438 353 1507 pericnlumrel
368 1437 540 1507 exemplum.
562 1435 632 1489 Cum
657 1434 735 1488 enim
763 1434 799 1488 de
827 1432 933 1489 coelesli
945 1432 990 1486 in·
1044 1435 1114 1504 ticio,
1130 1435 1188 1488 sine
1200 1432 1347 1488 sacerdote.
1362 1433 1505 1487 innostra
1519 1439 1616 1488 sutem
1656 1433 1804 1488 Dominiea
1826 1448 1900 1488 senr-

139 1526 289 1595 temperie,
306 1523 675 1587 tractuuminracuneiute
699 1522 836 1578 imbrium
864 1521 990 1589 raritate,
1044 1537 1097 1592 per
1124 1520 1263 1576 Dominus
1285 1520 1360 1591 pluit
1394 1536 1511 1587 manne,
1541 1521 1572 1576 id
1598 1523 1641 1576 est
1668 1521 1793 1576 coelestia
1813 1520 1901 1575 rerba

140 1617 170 1668 et
182 1613 217 1667 de
227 1611 414 1683 prosperitate
428 1611 549 1666 aliorum
565 1615 594 1664 et
608 1609 730 1664 aliorum
759 1607 991 1679 improsperitate
1010 1625 1110 1709 Bqnae
1124 1608 1286 1665 nobislaeta
1314 1612 1389 1664 sunt.
1418 1608 1463 1664 llli
1488 1608 1615 1664 infelices
1644 1607 1791 1680 suspirant
1813 1606 1901 1663 etiarn

141 1715 301 1767 causamur,
331 1704 432 1754 contm
462 1700 551 1754 Deum
587 1712 812 1754 murmuramus.
842 1697 898 1752 Sed
931 1697 991 1752 haec
1046 1712 1151 1752 manna
1170 1695 1243 1750 sieut
1269 1699 1364 1766 patres
1390 1710 1500 1762 eorum,
1525 1699 1554 1751 et
1568 1710 1627 1750 non
1652 1700 1800 1751 merentur
1826 1694 1902 1750 aeci·

142 1788 236 1860 primo
259 1787 457 1859 ignoscuntur,
483 1786 514 1842 in
541 1787 724 1858 persistentes
747 1785 873 1856 graviter
900 1784 993 1840 vindi·
1046 1800 1139 1856 pere,·
1156 1800 1214 1838 non
1229 1785 1306 1839 enim
1321 1787 1439 1855 possunt
1453 1784 1627 1839 manducare
1640 1783 1718 1855 qnod
1741 1788 1785 1839 est
1802 1783 1900 1839 minu·

142 1880 252 1940 cantur,
266 1875 334 1947 qnia
348 1875 499 1930 mittentur
510 1875 542 1930 in
561 1891 610 1930 eos
634 1879 789 1946 serpentes,
814 1873 844 1929 id
868 1878 920 1942 est,
938 1873 992 1928 im·
1046 1879 1109 1929 tum
1123 1873 1196 1928 sicut
1209 1888 1306 1929 semen
1319 1871 1474 1942 coriandri,
1489 1878 1516 1928 et
1528 1872 1681 1928 candidum
1692 1873 1767 1928 sicut
1780 1872 1899 1943 pruina.

142 1963 258 2018 mundis
273 1968 302 2019 et
315 1963 448 2019 veneficis
460 1962 609 2034 spiritibus
627 1963 787 2029 tradentur,
801 1961 852 2034 qui
879 1961 994 2017 occultis
1046 1961 1123 2018 Nihil
1138 1961 1261 2016 enimin
1277 1961 1360 2015 verbo
1377 1961 1427 2016 liei
1452 1961 1607 2030 minutum,
1626 1962 1732 2017 subtile
1753 1966 1782 2017 et
1810 1960 1901 2033 spiri-

142 2051 285 2107 morsibns
299 2051 458 2124 penetralia
471 2051 565 2106 cordis
576 2052 775 2121 depascantur.
1047 2053 1124 2106 tuale
1135 2049 1270 2116 sentiunt,
1288 2050 1338 2104 sed
1353 2053 1445 2104 toturn
1463 2049 1572 2121 pingue
1587 2054 1616 2105 et
1636 2064 1774 2105 crassum.
1788 2050 1900 2105 incras-

179 2138 281 2210 (uara.)
299 2141 418 2210 Propter
426 2138 634 2194 correctionem
646 2137 804 2208 legentium
828 2136 992 2194 iudicantur
1046 2144 1135 2196 satum
1145 2144 1184 2195 est
1198 2141 1269 2194 enim
1281 2153 1326 2194 cor
1344 2139 1439 2208 populi
1453 2138 1545 2208 bajus.
1561 2139 1768 2208 Interpretatur
1783 2153 1901 2209 quoqne

143 2226 245 2298 populi
276 2231 443 2298 peccatum:
470 2226 538 2297 qnia
563 2224 787 2282 murmuraverit
812 2227 840 2279 el
865 2225 995 2294 ingratus
1046 2228 1173 2284 nominis
1187 2227 1273 2298 hujus
1287 2227 1445 2282 hocsonat.
1467 2228 1568 2282 Manna
1592 2226 1670 2281 enim
1692 2226 1901 2297 interpretatur

143 2315 232 2371 tuerit
245 2314 392 2370 beneflciis
411 2314 526 2383 divinis,
550 2327 614 2368 cum
630 2313 743 2368 caeleste
771 2328 877 2367 manua
900 2328 994 2367 susce·
1048 2317 1122 2384 Quid
1134 2321 1174 2373 est
1188 2318 1235 2371 lroc
1250 2315 1264 2372 i
1279 2316 1343 2387 lpsa
1367 2315 1407 2370 vis
1426 2315 1552 2370 nominis
1570 2316 1608 2371 ad
1634 2315 1803 2371 discendnm
1830 2315 1901 2370 inri-

143 2403 228 2474 ptrii·
248 2402 379 2459 &cundo
403 2418 510 2468 mente,
533 2402 634 2473 ‘Illinm
662 2401 773 2457 decim
800 2400 847 2456 dle
875 2400 993 2467 mensis,
1047 2408 1142 2475 tat,ut
1157 2420 1224 2460 curn
1243 2404 1325 2459 audis
1345 2405 1438 2474 legem
1463 2404 1513 2459 Dei
1530 2403 1654 2472 recitari,
1679 2403 1809 2476 inquires
1824 2420 1900 2460 sem·

145 2491 224 2562 quud
238 2506 298 2546 non
312 2490 374 2545 sine
402 2490 512 2545 ratione
539 2489 677 2559 scriptum
709 2493 760 2544 est.
791 2488 950 2544 Recordare
960 2490 995 2544 da
1048 2511 1100 2566 per
1114 2493 1232 2549 atdieas
1246 2493 1419 2561 doctoribus,
1434 2492 1699 2560 Ouidestbocilu
1723 2508 1793 2564 ergo
1818 2493 1842 2548 si
1857 2493 1901 2548 ris

145 2579 255 2651 legibus
274 2579 386 2650 paschas
401 2595 466 2650 quas
490 2578 564 2633 dicta
592 2583 659 2632 sunt
685 2577 777 2649 (Num.
799 2577 855 2648 rx),
872 2582 900 2632 et
921 2577 996 2634 inre·
1048 2582 1221 2637 manducare
1246 2597 1360 2645 manna,
1379 2586 1408 2637 et
1434 2582 1578 2652 suscipere
1604 2580 1722 2636 verbum
1742 2581 1803 2646 liei,
1829 2581 1900 2636 scito

145 2667 206 2723 nies
219 2667 259 2723 ibi
272 2669 327 2723 hoc
337 2683 399 2723 esse
410 2673 524 2738 tempus
537 2666 613 2737 quod
629 2665 764 2721 statuitur
787 2664 823 2719 ad
838 2664 996 2720 secuudum
1049 2671 1193 2726 minutum
1208 2686 1269 2725 esse
1284 2675 1312 2725 et
1323 2669 1404 2724 valde
1417 2668 1529 2736 subtile,
1547 2669 1621 2725 sicut
1633 2686 1731 2724 semen
1744 2669 1899 2724 coriandri:

145 2757 250 2828 pascha
264 2757 425 2812 laciendum
440 2755 485 2810 his
499 2755 549 2827 qui
560 2755 702 2811 immundi
721 2754 856 2810 inanima
882 2754 995 2818 luerint,
1049 2758 1136 2815 habet
1154 2759 1231 2813 eninr
1250 2757 1359 2830 aliquid
1386 2757 1472 2813 oleris
1494 2773 1552 2830 quo
1578 2757 1687 2813 nutrire
1716 2763 1743 2812 et
1770 2773 1901 2813 recreare

145 2846 189 2900 rel
214 2845 345 2916 occupati
372 2844 498 2917 negotiis
520 2844 690 2916 peregrinis.
716 2843 771 2908 Qui
797 2859 856 2898 non
884 2844 997 2899 luerent
1048 2847 1138 2918 possit
1152 2845 1290 2900 inlirmos.
1306 2846 1432 2914 Infirmus
1451 2846 1522 2899 enim
1549 2845 1608 2900 olus
1636 2843 1785 2899 manducat
1812 2843 1899 2916 (Rom.

145 2933 291 2988 immundi
316 2933 422 3000 anima,
450 2933 495 2987 rel
520 2948 579 2987 non
611 2933 698 3003 lange
725 2931 993 3003 peregrinabantur,
1013 2934 1115 3006 cxiv).
1132 2934 1222 2989 llabet
1233 2933 1312 2988 enim
1326 2932 1433 3004 aliquid
1448 2931 1600 3004 etrigoris,
1611 2937 1640 2987 et
1652 2933 1718 2988 ideo
1731 2936 1762 2987 ut
1783 2932 1900 3004 pruina;

145 3026 247 3094 quarta
276 3022 387 3077 decima
405 3021 450 3076 die
477 3020 564 3092 primi
585 3021 691 3076 mensis
715 3019 843 3075 lecerunt
869 3021 994 3092 pascha3
1049 3022 1179 3079 candoris
1200 3026 1296 3077 autem
1326 3026 1355 3076 et
1377 3020 1535 3076 dulcedinis
1557 3020 1724 3093 plurimum.
1763 3020 1838 3086 Quid
1860 3026 1901 3076 est

145 3109 230 3180 longe
244 3125 311 3163 raro
325 3108 482 3179 peregrini,
499 3112 527 3162 et
540 3107 691 3174 immundi,
709 3108 868 3164 secundnm
890 3109 997 3179 pascha
1049 3111 1210 3177 candidius,
1228 3109 1385 3182 splendidis
1408 3108 1568 3164 eruditione
1605 3108 1730 3165 divinat
1754 3109 1825 3181 quid
1840 3110 1901 3166 dul·

145 3196 175 3250 in
191 3197 384 3268 hoetempore
406 3195 569 3262 facientia
594 3211 651 3267 quo
678 3211 783 3250 manna
803 3196 838 3250 de
867 3196 996 3251 caelodc·
1049 3199 1119 3268 cius,
1137 3198 1250 3253 suarius
1274 3197 1396 3269 eloquiis
1424 3197 1485 3262 liei,
1514 3213 1579 3269 quae
1604 3201 1673 3252 sunt
1700 3212 1788 3269 super
1804 3200 1900 3255 malet

145 3284 265 3339 scandit.
281 3285 313 3339 ln
327 3284 373 3339 die
389 3300 446 3355 quo
461 3283 588 3354 primum
602 3283 757 3353 paschafit,
780 3299 837 3337 non
852 3282 998 3338 descendit
1049 3286 1145 3341 iarum
1159 3284 1173 3340 i

147 3388 261 3440 manna,
278 3372 372 3427 sedin
393 3387 450 3442 qno
480 3371 638 3426 secundum
655 3387 661 3425 :
679 3370 805 3442 primnm
826 3372 930 3441 pascha
943 3387 996 3441 po·
1085 3376 1179 3429 Panes.
1195 3373 1298 3429 llanna
1324 3371 1430 3428 seilicet
1447 3371 1577 3429 :locutio
1604 3376 1647 3427 est
1668 3389 1727 3444 qua
1749 3372 1833 3444 panis
1848 3390 1900 3445 pro

146 3461 206 3532 puli
220 3460 329 3516 iudaici
346 3465 387 3515 est
403 3476 409 3528 ;
423 3458 588 3525 secundum,
608 3464 746 3513 nastrum.
763 3459 819 3513 Nos
847 3459 923 3513 enim
938 3458 996 3513 iui-
1049 3463 1185 3517 alimento
1202 3461 1319 3532 ponitur
1336 3477 1343 3527 ;
1365 3466 1443 3516 amat
1464 3465 1561 3516 antem
1584 3461 1730 3532 Scriptura
1751 3462 1900 3533 pluraliter

145 3563 210 3603 mus
235 3547 266 3602 in
291 3548 387 3603 anima
410 3546 562 3609 immundi,
592 3547 642 3617 qni
670 3547 819 3602 colebamus
847 3546 943 3616 idola;
972 3551 998 3602 et
1049 3551 1142 3622 magis
1154 3565 1240 3621 panes
1255 3566 1343 3622 quem
1360 3549 1544 3620 singulariter
1557 3550 1652 3605 dicere
1664 3565 1772 3620 panem.

142 3638 290 3705 peregrini,
311 3639 336 3690 et
363 3634 505 3704 longinqui
527 3636 641 3702 suimus,
666 3635 783 3703 hospites
812 3637 838 3689 et
858 3635 998 3704 peregrini
1088 3640 1243 3694 urentem.
1258 3636 1389 3692 Tenteiio
1408 3637 1610 3708 istaprobatio
1627 3642 1681 3706 est,
1702 3654 1760 3694 uon
1779 3639 1815 3694 ad
1830 3656 1900 3711 pcc·

145 3727 363 3779 testamentorum
378 3725 440 3789 Dei,
455 3728 508 3777 etc.
534 3721 671 3794 (Epire)
699 3722 755 3778 Sed
780 3722 865 3777 datur
892 3739 998 3778 manne
1050 3729 1146 3781 catum
1170 3724 1297 3780 seductio
1314 3740 1386 3792 ;nec
1412 3726 1477 3781 ideo
1505 3726 1673 3796 probantur,
1691 3731 1723 3782 ut
1744 3727 1818 3782 Deus
1841 3743 1900 3784 non

145 3812 181 3867 de
191 3813 269 3878 coelo,
286 3828 345 3866 non
360 3811 390 3866 in
405 3812 451 3867 die
466 3827 524 3883 quo
540 3811 667 3882 primum
683 3810 788 3882 pascha
801 3810 843 3877 tit,
871 3812 917 3866 sed
939 3827 997 3883 quo
1050 3814 1180 3881 noverit,
1196 3814 1244 3868 sed
1258 3814 1333 3885 ipsos
1348 3813 1417 3885 ipsis
1432 3814 1626 3886 ostenditque
1651 3815 1821 3872 humiliores
1830 3817 1901 3874 liant

145 3901 301 3956 secundum
318 3917 324 3956 :
341 3902 424 3955 Panis
438 3903 509 3956 enim
522 3902 570 3970 qui
582 3900 615 3955 de
627 3901 690 3956 carlo
711 3899 848 3956 descendit
863 3899 997 3970 (ioanni
1050 3902 1252 3973 adpetendum
1269 3902 1442 3974 adjutorium
1457 3905 1486 3957 et
1500 3902 1535 3957 ad
1560 3903 1734 3959 noscendam
1759 3905 1811 3983 liei
1832 3922 1898 3978 gra·

145 4003 202 4042 non
227 3988 305 4042 venit
322 3989 358 4043 ad
384 3990 448 4043 illos
478 3990 526 4061 qui
556 3989 681 4060 primam
710 3989 920 4044 solemnitatem
948 4005 998 4045 ce·
1049 3989 1130 4046 tiam.

144 4074 303 4142 lebrabunt,
321 4075 371 4130 sed
394 4076 429 4131 ad
453 4092 515 4142 nos,
541 4077 591 4148 qui
618 4077 795 4148 suscepimus
830 4077 995 4134 secundam.
1085 4078 1167 4133 Vens.
1184 4080 1209 4133 5.
1229 4079 1424 4133 -ltieautem
1439 4081 1523 4142 serto,
1554 4081 1608 4136 etc.
1638 4078 1742 4149 (Oura,
1773 4081 1844 4137 lam.
1860 4082 1899 4154 t.)

144 4166 251 4220 Etenim
270 4164 375 4233 pascba
413 4169 535 4220 nostrum
558 4167 714 4221 immolatus
740 4170 779 4221 est
802 4166 925 4223 Carisius
948 4168 997 4235 qui
1050 4166 1083 4220 ln
1111 4167 1158 4221 die
1191 4169 1270 4220 sexto
1299 4165 1431 4236 dnlplum
1470 4164 1620 4238 colligatur
1650 4167 1681 4221 in
1712 4168 1897 4239 repositione,

143 4253 308 4307 oeusbomo
321 4251 524 4322 ponisdecoelo
539 4252 685 4309 descendit.
703 4253 726 4324 (l
752 4255 817 4309 Cor.
834 4253 874 4323 v.)
891 4254 993 4309 Videa-
1026 4223 1188 4327 'quantum
1212 4252 1335 4309 sufficiat
1362 4253 1450 4309 etiam
1476 4254 1603 4311 sabbato.
1623 4255 1707 4311 Sexta
1734 4256 1805 4326 dies,
1838 4259 1900 4314 hac

143 4340 337 4395 musinterim
365 4340 436 4412 quid
462 4339 493 4393 in
516 4340 569 4395 hac
594 4340 641 4396 die
662 4345 774 4413 gestum
798 4345 989 4398 monstretur:
1047 4342 1152 4397 vitain
1170 4357 1227 4414 qna
1245 4358 1322 4397 nunc
1340 4358 1450 4411 sumus,
1476 4343 1552 4398 unde
1580 4343 1612 4398 in
1632 4359 1682 4399 sex
1710 4342 1812 4399 diebus
1832 4344 1901 4402 iecit

143 4428 250 4493 Quarta
262 4427 373 4483 decima
400 4427 447 4484 die
467 4427 574 4483 mensis
590 4429 709 4485 secundi
726 4431 917 4486 murmuravit
938 4447 992 4502 po·
1046 4431 1121 4486 Deus
1135 4430 1212 4485 hunc
1226 4430 1387 4498 mnndum;
1404 4430 1436 4485 in
1450 4432 1504 4486 hac
1515 4447 1584 4503 crgo
1608 4431 1655 4488 dic
1682 4436 1796 4488 tantum
1810 4449 1898 4505 repo-

144 4517 239 4589 pnlus,
253 4519 306 4572 etc.
1046 4534 1114 4574 nere
1129 4518 1277 4586 debemus,
1295 4522 1435 4591 quantum
1457 4519 1579 4577 sufliciat
1593 4520 1624 4575 in
1648 4520 1754 4578 lutura.
1786 4520 1900 4594 Siquid

186 4607 266 4661 Vnae.
292 4607 318 4660 3.
342 4634 377 4645 -
409 4603 572 4662 Sedebamus
602 4605 857 4674 superationem.
886 4605 992 4678 Greges
1046 4609 1123 4664 enim
1136 4609 1183 4664 hic
1197 4609 1265 4665 honi
1280 4609 1376 4680 operis
1400 4608 1582 4680 anquirensi
1602 4609 1671 4682 quid
1694 4608 1826 4681 justitia,
1844 4612 1899 4667 nri·

142 4693 576 4750 ovinmhabebantetarmenta
591 4692 689 4759 boum,
708 4692 743 4748 de
764 4694 869 4765 quibus
895 4710 992 4750 cume·
1045 4697 1207 4753 scricordiae
1222 4697 1374 4769 etpietalis
1395 4698 1620 4765 recommendas,
1635 4699 1690 4755 boc
1721 4699 1774 4755 tibi
1791 4700 1823 4755 in
1854 4701 1900 4756 iu·

142 4783 210 4839 dere
224 4786 357 4854 poterant
371 4801 379 4848 ς
393 4781 441 4836 sed
456 4779 598 4836 desiderio
619 4780 743 4852 piscium
755 4788 784 4837 et
809 4783 916 4851 arium,
928 4783 992 4855 qui·
1047 4789 1113 4841 turo
1128 4786 1183 4841 erit
1194 4786 1285 4842 cibus.
1302 4786 1357 4851 Qui
1371 4787 1447 4842 eninr
1457 4788 1580 4859 acquirit
1593 4789 1640 4844 hic
1665 4789 1765 4844 dacem
1792 4790 1901 4847 talenta

141 4869 195 4925 hus
209 4870 494 4942 AEgyplnsabundat,
509 4869 680 4926 aestnnbant.
1046 4875 1198 4947 (Lucam),
1228 4875 1267 4930 ibi
1299 4875 1419 4947 accipiet
1438 4876 1537 4932 decem
1561 4877 1699 4946 civitates,
1730 4882 1833 4949 etqua
1857 4894 1900 4936 se·

177 4960 260 5013 Vens.
276 4959 302 5014 t.
317 4989 354 5000 -
380 4961 446 5014 Eece
469 4960 572 5029 pluam,
606 4963 660 5014 etc.
687 4959 779 5027 Orsa,
801 4959 892 5017 bomil.
933 4962 993 5016 bia
1045 4965 1190 5019 minaverit
1202 4965 1287 5033 bomo,
1304 4966 1359 5020 bac
1371 4969 1396 5020 et
1417 4969 1496 5021 metet
1520 4966 1589 5036 (Gal.
1612 4968 1663 5038 rr).
1683 4965 1789 5022 Divites
1812 4969 1901 5040 hujus

141 5046 242 5118 duod.)
272 5048 380 5102 Vellem
403 5048 497 5118 primo
526 5064 612 5118 snper
633 5047 707 5102 hane
729 5048 902 5118 scriptuarm
926 5065 992 5105 cum
1045 5052 1186 5107 saeculiea
1211 5053 1370 5109 recondunt
1398 5069 1462 5124 quae
1491 5054 1523 5108 in
1550 5055 1736 5122 decaecato,
1763 5055 1901 5110 imacum

139 5135 245 5190 ludoeis
268 5135 374 5190 habere
397 5153 570 5206 sermonem,
597 5138 703 5209 quibus
736 5138 992 5193 creditasuntela·
1044 5139 1099 5194 hoc
1119 5142 1223 5195 srecuto
1253 5147 1499 5213 corrumpuntur:
1525 5142 1601 5198 bana
1626 5149 1723 5198 autern
1752 5143 1901 5200 recondita

139 5223 208 5295 qnia
223 5221 282 5287 liei,
300 5223 368 5293 quid
396 5224 451 5278 illis
466 5225 597 5280 rideatur
620 5227 654 5281 de
669 5242 703 5281 eo
730 5226 808 5297 quod
828 5226 915 5281 dicit:
938 5228 992 5282 Sea
1044 5233 1316 5301 permaneatusque
1329 5229 1362 5285 in
1376 5231 1540 5287 crastinum.
1555 5230 1699 5302 Scriptum
1723 5236 1767 5288 est
1787 5237 1898 5287 aulem·

140 5311 233 5364 diebus
257 5310 390 5365 continuis
409 5314 549 5382 colliqelis,
576 5315 621 5369 die
649 5318 738 5370 autem
763 5320 841 5370 senta
867 5314 989 5385 duplum.
1047 5318 1099 5384 Qui
1119 5319 1240 5389 infideles
1259 5321 1382 5389 suerunt,
1398 5323 1573 5376 seruauerunt
1588 5319 1621 5374 de
1642 5335 1754 5389 manna,
1774 5325 1800 5377 et
1821 5322 1899 5377 ebul-

140 5399 267 5470 Apparet
281 5413 349 5469 ergo
361 5403 473 5454 sextum
485 5400 562 5456 diam
581 5402 727 5458 nominari
745 5402 876 5476 quiante
896 5402 992 5458 sabba·
1046 5407 1146 5462 linunt
1159 5422 1231 5463 eaeo
1242 5423 1343 5464 amnes
1358 5411 1576 5480 etcomputruit;
1603 5409 1682 5480 quod
1710 5413 1807 5464 autem
1828 5425 1900 5480 prc-

140 5489 204 5543 tum
230 5485 372 5559 ponitnr;
398 5487 548 5545 sabbatum
575 5495 671 5547 summ
699 5491 838 5564 septimus
862 5490 988 5554 diesest.
1045 5493 1091 5550 die
1100 5493 1209 5550 sabbati
1223 5495 1425 5568 reponebatur,
1448 5497 1607 5569 permansit
1630 5497 1785 5570 integrum.
1815 5499 1848 5552 lit
1867 5502 1899 5554 tn
