3892 6106
137 275 190 333 427
511 272 709 332 wilarium
728 272 852 331 sullani
869 272 972 331 autu.
992 271 1073 331 uolt.
1093 272 1182 330 PARS
1199 273 1222 328 Ι.
1251 300 1278 313 ·-
1296 272 1530 330 Tuaouootca.
1834 274 1890 330 tae

138 397 249 469 peribit.
265 397 297 454 ld
313 400 366 467 est,
380 411 446 452 aum
461 394 556 452 reniet
574 395 702 451 Christus
716 398 745 450 et
758 395 867 450 ceritum
888 394 1017 453 idolo-A
1035 400 1150 466 peccata
1171 411 1235 468 qua
1254 393 1472 462 committimus,
1492 397 1557 463 etc,
1572 408 1658 463 usque
1672 392 1713 450 od
1728 393 1892 465 praedicens

127 502 203 542 rum
217 487 353 554 destruet,
368 489 397 541 et
410 484 575 541 daemonum
588 487 760 554 potestatem
769 482 912 555 subjiciet.
1040 485 1108 557 quia
1123 484 1236 540 viucula
1250 489 1279 539 et
1292 498 1417 539 carceres
1433 488 1569 539 maneant
1583 498 1649 538 eum
1660 482 1711 538 ibi.

193 577 275 632 Vens.
301 577 343 632 tl.
377 605 412 616 -
439 574 559 631 Venient.
583 572 702 628 Videtur
723 572 879 644 significari
907 572 985 644 quod
1075 572 1179 643 (Ouio.)
1195 572 1331 627 fortassis
1345 571 1509 627 referuntur
1527 570 1589 628 haec
1612 572 1648 625 ad
1667 570 1799 643 angelos,
1819 577 1890 638 ete,

136 665 217 737 juxta
231 661 456 718 incarnationem
473 659 589 717 Domini
612 659 729 716 veniant
748 660 881 728 Romani,
902 663 987 732 Assy·
1039 675 1124 731 usque
1138 661 1316 716 edrntimem
1327 660 1465 716 reddituri
1478 675 1528 730 pro
1542 661 1807 716 nntmodusueetrte.

140 753 208 819 rios,
237 750 371 807 liebraeos
405 755 435 806 et
463 765 563 804 omnes
586 749 738 804 orientales
758 748 931 820 superaturi,
957 754 987 804 et
1075 750 1146 820 (ln)
1169 749 1296 820 Populus
1321 753 1428 820 peccat,
1460 752 1526 815 etc,
1551 764 1636 819 usque
1655 748 1776 804 odanto
1801 766 1891 822 quem

141 839 256 894 tandem
281 852 403 908 regnum
434 834 584 908 perdituri,
608 834 765 890 secundum
785 838 908 890 statuam
928 834 984 890 lla-
1040 837 1112 894 nihil
1126 836 1380 908 potestahscondi,
1394 836 1466 893 nihil
1490 836 1645 892 obscurari.

141 925 224 981 uielis
239 926 336 996 (Dum,
351 931 396 992 u);
413 924 456 978 rel
473 922 550 995 quod
571 923 603 977 in
628 922 753 979 adventu
767 921 872 979 Christi
883 923 913 978 in
929 922 986 978 llus
1077 928 1167 997 (Auo,
1183 932 1277 998 quaest.
1296 929 1329 982 52
1344 928 1372 982 tu
1390 925 1482 996 Num.)
1506 927 1540 982 Et
1561 925 1631 981 dixit
1647 926 1799 989 Dominus,
1820 933 1889 997 ete,

140 1021 323 1086 temporum,
336 1011 411 1084 quod
436 1027 502 1084 pars
523 1010 705 1066 occidentalis
720 1009 872 1082 significat,
888 1010 987 1065 omnia
1040 1029 1125 1085 usque
1139 1015 1177 1070 od
1190 1014 1375 1086 prodentium
1394 1013 1461 1070 ildei
1474 1013 1542 1069 satis
1556 1013 1703 1069 evidenter
1728 1014 1865 1071 ostendit.

140 1100 345 1173 ragnemundi
368 1100 463 1172 gladio
483 1099 612 1170 spiritus,
638 1099 666 1154 id
687 1103 741 1167 est,
759 1097 846 1153 verbo
862 1097 913 1153 liei
938 1114 986 1153 su·
1076 1104 1158 1158 vass.
1174 1108 1199 1158 7.
1216 1132 1252 1145 -
1274 1103 1353 1171 Quod
1374 1118 1444 1170 eum,
1469 1106 1523 1158 etc.
1543 1101 1649 1173 (Osse.)
1673 1101 1742 1157 llaec
1764 1103 1885 1159 aedifica·

140 1195 288 1263 paremur,
304 1194 334 1246 et
346 1190 376 1245 in
391 1195 520 1260 tempore
533 1187 700 1244 Antichristi
714 1189 805 1242 cesset
818 1183 985 1257 pradicatio
1040 1195 1145 1245 rerunt
1156 1189 1282 1262 priorem
1303 1191 1455 1261 populum,
1471 1195 1538 1255 etc,
1553 1204 1639 1258 usque
1652 1189 1691 1244 nd
1702 1194 1731 1244 et
1745 1191 1888 1263 propitius

142 1279 296 1350 Evangelii.
1041 1276 1124 1332 nohis
1139 1275 1190 1332 fiat
1207 1278 1279 1333 Deus
1307 1293 1360 1349 per
1381 1292 1481 1332 rerum
1502 1276 1640 1332 Phineem
1663 1276 1817 1332 [lominum
1839 1293 1891 1332 no·

178 1368 278 1439 (Ome.)
303 1366 365 1422 illia
387 1366 492 1433 littera,
518 1371 583 1433 etc,
611 1379 697 1434 usque
714 1363 752 1418 od
775 1361 801 1418 ei
824 1376 985 1434 superom·
1042 1365 1240 1420 strumtesum
1253 1365 1409 1421 Christum.

141 1471 209 1511 nem
222 1456 357 1511 virtutem
372 1453 491 1511 inimici.
1077 1453 1195 1523 Arrepto
1209 1456 1337 1523 puqiorre.
1354 1452 1500 1525 Significat
1514 1469 1566 1524 per
1577 1469 1691 1510 crucem
1712 1453 1819 1510 Christi
1834 1469 1893 1511 non

177 1545 312 1601 Hebraea.
336 1543 472 1599 llehraeus
496 1546 539 1597 est
562 1540 612 1614 qui
635 1540 670 1596 de
691 1541 811 1612 AEgypto
830 1537 933 1593 transit
951 1535 986 1591 ad
1041 1541 1136 1596 selsam
1159 1541 1363 1612 idololatriam,
1383 1542 1431 1598 sed
1453 1547 1482 1597 et
1504 1557 1620 1597 omnem
1640 1544 1734 1597 caruis
1757 1543 1892 1598 affectum

142 1636 246 1687 terram
262 1631 468 1703 promissionis,
484 1631 518 1686 de
534 1629 660 1685 tenebris
674 1630 708 1684 ad
723 1631 829 1698 lucem,
845 1627 880 1683 de
895 1632 987 1682 morte
1045 1628 1088 1683 rel
1102 1630 1362 1701 concupiscentiam
1378 1630 1494 1701 perimi,
1509 1635 1537 1684 et
1556 1630 1595 1685 sic
1611 1632 1701 1687 lleum
1716 1631 1838 1704 placari.

141 1720 280 1776 advitam
301 1720 373 1775 :sed
387 1736 445 1774 non
461 1720 523 1774 sine
539 1734 643 1788 magno
663 1716 818 1773 certamine
833 1721 928 1789 potest
940 1715 989 1770 ob·
1079 1718 1157 1772 Vens.
1179 1720 1203 1772 6.
1220 1748 1252 1758 -
1268 1719 1356 1774 Occisi
1370 1723 1433 1773 sunt
1448 1721 1550 1788 utqinti
1569 1724 1686 1788 quotuor
1703 1720 1804 1774 mittio.
1820 1718 1893 1784 Quia

141 1810 250 1866 tinere:
265 1809 368 1880 affligit
387 1813 500 1880 ergoet
519 1807 670 1877 affligitur,
692 1805 774 1862 caedit
794 1804 987 1862 adversarium
1043 1804 1142 1860 lumen
1165 1806 1291 1861 veritatis
1310 1811 1339 1861 et
1355 1807 1474 1878 justitiae
1497 1807 1705 1879 relinquentes,
1730 1807 1891 1862 cecitatem

143 1896 314 1952 etcoeditur.
338 1896 479 1968 dilligont
497 1912 565 1968 ergo
583 1895 693 1967 Assyrii
717 1894 861 1958 Hebraeos,
885 1893 914 1950 id
935 1896 988 1958 est,
1042 1892 1214 1949 idololatriae
1237 1899 1266 1949 et
1285 1892 1482 1951 fornicationis
1504 1900 1681 1962 amaverunt,
1702 1896 1770 1950 solis
1789 1895 1891 1951 aeterni

142 1985 283 2057 populum
300 1985 360 2055 llei,
373 1985 447 2040 sicut
461 1983 631 2054 affliguntur
642 1983 740 2039 abeis.
1043 1981 1153 2037 lumine
1171 1982 1286 2049 privati,
1311 1983 1410 2038 mortis
1429 1982 1560 2039 tenebras
1579 1983 1738 2039 incurrunt.
1765 1983 1892 2040 visibilis

177 2074 275 2129 Etiam
288 2075 344 2143 ipsi
352 2073 490 2143 pertimet.
507 2073 567 2144 (ln.)
585 2075 618 2129 lit
638 2075 697 2144 ipsi
717 2074 827 2144 pariter
849 2071 987 2143 peribunt.
1044 2066 1119 2123 enim
1134 2069 1175 2123 sol
1191 2069 1293 2140 viginti
1308 2074 1431 2143 quatuor
1443 2070 1521 2126 horis
1533 2070 1633 2126 orbem
1646 2071 1782 2139 illustrat,
1798 2078 1829 2128 et
1840 2089 1891 2127 suo

144 2163 206 2218 Non
223 2178 286 2217 cum
305 2160 433 2217 liebraeis
454 2162 570 2229 scilicet,
596 2161 645 2216 sed
672 2161 792 2232 pariter,
818 2165 884 2226 etc,
904 2174 989 2230 usque
1043 2156 1153 2212 ambitu
1176 2157 1270 2212 noctis
1289 2159 1420 2214 tenebras
1434 2159 1530 2231 iugem
1547 2160 1587 2215 sic
1609 2165 1639 2216 et
1652 2161 1784 2216 Christus
1798 2161 1834 2217 ad
1848 2162 1892 2217 fu·

43 2242 46 2248 ’
143 2252 181 2308 od
194 2267 265 2324 quos
279 2250 408 2322 deceptio
424 2248 532 2305 diaboli
547 2249 667 2306 deduxit
681 2251 710 2304 in
721 2254 854 2305 mortem.
1043 2245 1151 2317 gaudes
1165 2247 1274 2318 peccati
1296 2247 1427 2304 tenebras
1441 2264 1494 2320 per
1515 2249 1660 2320 apostolos
1682 2253 1712 2305 et
1732 2250 1892 2321 prophetas

178 2339 262 2396 Vnae.
277 2342 322 2394 25.
338 2368 374 2380 -
391 2339 571 2409 surrexitque
591 2337 655 2408 (ln,
673 2339 743 2393 hom.
770 2336 827 2408 20.)
845 2335 916 2402 Quia
936 2336 986 2392 Ba·
1043 2333 1182 2388 mundum
1197 2333 1331 2390 illustrat.

142 2429 217 2485 laam
233 2428 284 2484 uei
296 2427 403 2483 virtute
417 2428 597 2491 constrictus,
614 2430 679 2493 etc,
700 2440 785 2496 usque
803 2425 841 2480 od
856 2442 903 2480 rex
920 2441 987 2480 vero
1077 2423 1156 2477 Vens.
1176 2425 1217 2478 te.
1242 2453 1277 2464 -
1301 2425 1422 2479 Pactum.
1441 2424 1574 2498 Quisquis
1589 2427 1650 2481 selo
1678 2427 1728 2482 llei
1751 2441 1893 2499 compun-

144 2518 227 2575 Balac
245 2516 381 2571 continuo
396 2515 514 2571 coneilio
534 2514 637 2585 paruit,
1041 2517 1104 2565 ctus
1117 2512 1212 2566 carnis
1226 2512 1356 2567 stimulos
1370 2514 1536 2583 contemnit,
1560 2515 1743 2586 comprimit;
1759 2517 1803 2572 vel
1818 2517 1891 2572 sub·

1039 2598 1140 2670 jactos,
1161 2615 1197 2654 ne
1218 2600 1374 2667 lasciviant,
1390 2601 1516 2672 corrigit,
1532 2602 1741 2674 sempiternum
1756 2603 1894 2659 sacerdo·

466 2691 578 2748 CAPUT
592 2691 667 2747 XXV.
1041 2687 1115 2742 tium
1126 2687 1260 2760 acquirit,
1275 2689 1423 2760 pertinens
1436 2690 1471 2745 ad
1486 2691 1632 2760 eumdem,
1648 2691 1682 2746 dc
1694 2707 1752 2762 quo
1763 2691 1891 2747 dieitur:

434 2798 436 2802 ¹
1044 2779 1084 2833 Tu
1097 2792 1124 2832 es
1138 2777 1262 2833 eocmclos
1276 2780 1306 2832 iu
1321 2783 1452 2834 aternum
1475 2780 1621 2835 secundum
1643 2779 1766 2835 oramen
1779 2781 1892 2836 Meleti-

178 2873 264 2926 Vaus.
284 2873 308 2926 l.
329 2899 364 2911 -
386 2869 534 2937 (trahetur,
557 2873 623 2937 etc,
648 2870 676 2922 tn
694 2867 788 2926 Setim.
812 2868 988 2941 interpreta-
1042 2864 1136 2920 sedech
1149 2864 1231 2935 (Psoi.
1249 2866 1319 2938 cix),
1339 2882 1405 2922 cum
1425 2883 1483 2938 quo
1502 2874 1643 2923 eternum
1659 2883 1781 2938 regnum
1800 2869 1892 2939 possi·

143 2959 221 3015 tione
237 2958 439 3014 hebraicorum
450 2958 613 3026 nominum,
629 2955 706 3017 umal
721 2954 813 3012 Sittim
828 2956 990 3015 invenimus
1007 2965 1027 3022 c
1043 2951 1130 3008 debit.
1147 2953 1354 3025 Interpretatur
1369 2961 1464 3011 autem
1481 2956 1604 3011 Phinees
1629 2972 1679 3011 ore
1701 2971 1831 3027 parcens,
1847 2956 1893 3013 rel

143 3048 175 3103 in
203 3048 303 3119 lingua
326 3051 424 3102 nostra
457 3046 675 3117 responsionem
708 3043 755 3099 vel
787 3045 990 3104 refutationem
1044 3056 1093 3096 ore
1124 3042 1274 3114 requierit,
1309 3045 1351 3098 rel
1386 3044 1444 3099 oris
1472 3045 1626 3117 augurium
1640 3063 1648 3099 ε
1664 3044 1792 3113 Eleazar,
1816 3046 1893 3101 Deus

144 3136 209 3193 dici.
225 3135 372 3208 Applicuit
383 3150 452 3206 ergo
467 3135 553 3190 lsrael
568 3133 603 3190 ad
618 3133 834 3207 responsionem
856 3136 901 3191 rel
916 3136 991 3192 relu-
1045 3145 1126 3184 meus
1148 3131 1272 3201 adjutor,
1295 3135 1338 3186 vel
1354 3132 1405 3188 Dei
1420 3133 1608 3204 adjmoriumz
1625 3136 1720 3188 A⁰r0¹¹
1739 3149 1822 3189 ¹11⁰¹t⁸
1835 3134 1894 3189 ¹⁰?-

144 3225 292 3293 tationem,
308 3240 367 3279 non
385 3223 459 3279 bene
473 3223 621 3294 applicuit.
1044 3216 1185 3288 titudinis,
1198 3220 1241 3274 val
1258 3235 1340 3276 mons
1350 3220 1443 3277 fortis.
1463 3221 1532 3286 One
1545 3220 1664 3276 nomina
1677 3236 1805 3292 congrue
1817 3237 1893 3293 prae·

179 3330 281 3402 (m,
310 3331 381 3384 m
403 3328 991 3399 20mpum')1p„hi„0,i,n0,aeffifl,
1044 3305 1152 3362 dictum
1169 3323 1283 3363 sensum
1297 3308 1485 3380 exprimunt:
1503 3309 1553 3381 qui
1564 3309 1641 3364 enim
1655 3325 1685 3364 ee
1699 3325 1749 3365 ore
1764 3311 1894 3365 continet

144 3423 197 3484 m·
235 3423 302 3485 ,ω’
326 3432 412 3486 mque
444 3415 483 3471 M
509 3417 655 3472 mendacio
683 3423 712 3472 οἱ
736 3416 869 3472 omnibu,
895 3419 989 3488 malis,
1043 3411 1080 3449 ne
1094 3411 1181 3467 prava
1196 3398 1339 3468 loquatur,
1355 3403 1384 3453 et
1405 3398 1539 3469 mysteria
1556 3398 1682 3454 coelestia
1705 3399 1824 3469 exponit
1837 3415 1892 3454 au·

145 3521 210 3560 cum
223 3505 328 3576 quibu,
341 3520 430 3559 „num
446 3502 692 3575 commfficimh
1029 3482 1195 3552 ,ditoribua
1211 3501 1264 3556 per
1280 3485 1512 3558 lleiadjutorinm
1523 3485 1603 3557 pium
1619 3485 1746 3541 laborem
1761 3488 1890 3558 explens,

1044 3572 1079 3627 ad
1095 3578 1223 3628 montem
1235 3573 1419 3642 tortitudinis,
1434 3574 1464 3630 id
1479 3580 1522 3630 est
1538 3574 1694 3641 Christum,
1714 3573 1837 3630 feliciter
1850 3591 1893 3632 as·

1043 3661 1149 3717 cendit.

1078 3752 1148 3807 Erat
1163 3754 1263 3819 nutem,
1290 3753 1343 3807 etc.
1363 3751 1443 3820 (aaa.
1459 3753 1490 3807 ta
1510 3751 1603 3824 Num.)
1620 3751 1746 3808 israelite
1760 3752 1812 3825 qui
1834 3753 1892 3809 for-

179 3611 259 3666 Vans.
284 3611 311 3664 2.
337 3639 373 3650 -
395 3607 585 3664 comederunt.
605 3607 701 3678 Quasi,
717 3608 805 3666 etiam
818 3610 853 3666 de
866 3611 912 3667 his
925 3629 990 3686 quae

143 3700 292 3756 immolata
314 3702 382 3753 sunt
403 3697 488 3753 idolis
516 3696 681 3765 comedunt,
711 3713 777 3770 qoae
808 3700 990 3758 exsecrabilia

143 3794 211 3843 aunt
224 3786 299 3859 apud
320 3787 421 3842 Deum.
451 3785 519 3852 Quis
542 3787 621 3843 euim
644 3790 919 3862 consensustemplo
938 3792 989 3847 liei
1065 3838 1071 3851 ,
1417 3840 1422 3851 ,
1465 3840 1495 3853 ..
1884 3841 1890 3853 ⁸

144 3893 209 3933 cum
224 3876 335 3933 idolis?
1042 3843 1154 3895 nicetus
1183 3842 1227 3895 est
1252 3855 1320 3895 cum
1352 3840 1544 3908 ltadramtade,
1570 3845 1636 3908 etc..
1663 3856 1749 3912 usque
1775 3842 1815 3897 od
1842 3841 1892 3898 ubi

122 3964 130 3980 .
179 3982 278 4056 (om.)
300 3982 346 4038 Ast
364 3982 524 4054 Apostolus,
544 3986 610 4046 ⁶th
636 3996 722 4054 mque
743 3982 822 4039 M
835 3982 886 4056 qui
911 4000 988 4040 eum·
1042 3927 1186 4070 gruciatur
1206 3927 1253 3984 die
1277 3944 1310 3983 ac
1331 3934 1416 3985 nocte
1437 3945 1523 4000 usque
1544 3929 1587 3990 ad,
1605 3931 1795 3987 novissimum
1822 3947 1892 4004 qua·

143 4071 246 4145 recipit
259 4070 343 4127 idolis
355 4070 504 4128 immolata
516 4071 679 4128 manducat.
1065 4021 1185 4072 mmm·
1335 4043 1357 4087 ⁶

178 4160 408 4216 summoverunt
431 4160 493 4216 deos
513 4176 616 4216 eorum.
637 4160 711 4216 Nota
730 4160 881 4217 ordinem:
899 4162 989 4219 malos
1360 4141 1473 4198 CAPUT
1491 4142 1580 4199 XXVI·

143 4262 238 4304 servos
255 4247 350 4320 primo
369 4247 602 4346 concupiscentia
622 4247 737 4320 decipit,
751 4248 818 4304 inde
833 4248 984 4348 ingluvies,
1007 4258 1029 4314 n
1078 4285 1161 4339 Vm·
1180 4285 1205 4338 ¹·
1219 4310 1255 4328 -
1277 4285 1423 4354 mquam
1446 4287 1601 4352 mmm,
1623 4288 1677 4341 ew·
1701 4285 1805 4359 (om,
1821 4289 1891 4345 m

143 4339 289 4435 postremo
303 4336 426 4406 captivat
443 4337 588 4406 impietas,
611 4337 693 4408 cujus
711 4351 819 4391 merces
834 4337 990 4393 exsolutur
1043 4374 1074 4429 Ἡ
1101 4374 1132 4427 in
1153 4373 1249 4443 Num.)
1274 4371 1347 4436 Quin
1362 4371 1404 4428 iffi
1427 4373 1477 4446 qui
1489 4373 1584 4445 primo
1602 4373 1684 4429 mm
1701 4373 1818 4432 fumat
1841 4393 1893 4449 pm

133 4423 304 4479 ‘mmmm
1044 4464 1160 4532 peccato
1175 4459 1348 4528 ceciderunt,
1362 4463 1427 4527 etc,
1451 4477 1536 4532 aeque
1554 4461 1592 4517 ed
1606 4461 1651 4517 his
1672 4467 1772 4519 autem
1793 4471 1894 4522 cuncta

180 4527 284 4600 (om.)
304 4527 442 4585 5⁸¹⁰¹1¹⁰¹²
469 4543 534 4584 ⁰⁰⁰¹
558 4533 633 4585 Μ
659 4529 899 4602 ”Piwlissimllts
922 4536 987 4598 θῑῡυ
1044 4564 1110 4622 qum
1126 4548 1551 4620 promittunturimpletasunt.

142 4634 227 4692 ww
241 4618 288 4685 Μ,
301 4616 569 4674 mmmmm
583 4634 636 4675 ’¹⁰¹¹
663 4624 703 4676 “i
727 4635 924 4689 nummisma
943 4625 987 4677 ω·
1079 4639 1161 4694 Vens.
1176 4640 1203 4692 2.
1219 4667 1254 4679 -
1267 4639 1414 4694 Numerata
1435 4654 1547 4695 omnem.
1571 4640 1679 4697 lterum
1692 4643 1819 4713 populus
1840 4661 1893 4700 nn·

142 4723 203 4765 mea
216 4711 256 4763 Μ
269 4703 391 4762 ⁶⁰l¹¹m⁶⁰
403 4721 471 4762 meo.
1044 4730 1173 4781 moratur
1187 4730 1216 4781 et
1230 4725 1344 4794 Levita,
1368 4729 1400 4783 ut
1415 4727 1572 4784 interiectis
1595 4729 1698 4801 primis
1718 4733 1893 4801 carnalibus,

186 4814 268 4870 Veas.
290 4814 316 4869 3.
340 4841 376 4854 -
393 4812 528 4868 lnittetue
543 4816 583 4868 eet
606 4813 702 4881 irruet,
724 4816 778 4868 etc.
803 4813 990 4871 Consecratus
1043 4831 1135 4871 novus
1144 4815 1268 4886 populus
1288 4815 1338 4869 Dei
1352 4821 1512 4884 censeatur,
1529 4815 1581 4889 qui
1590 4833 1643 4890 per
1651 4818 1786 4875 iordanis
1798 4821 1893 4893 bapti·

143 4906 195 4968 est,
215 4902 322 4957 scilicet
352 4901 495 4973 mysteriis
515 4900 595 4967 idoli,
624 4903 701 4974 quod
717 4901 795 4973 apud
817 4902 988 4960 Hadianitas
1044 4920 1140 4961 emtum
1156 4907 1292 4974 transeat,
1317 4909 1347 4960 et
1365 4905 1677 4963 coelestishaereditatis
1691 4909 1892 4981 repromissio·

143 4988 287 5057 praecipue
301 5006 318 5044 a
332 4989 502 5045 mulieribus
516 4989 629 5059 colitur,
644 4993 674 5045 et
684 4994 728 5046 est
741 4990 849 5063 species
862 4994 989 5066 turpitu-
1043 5010 1111 5050 nem
1122 4992 1250 5065 accipiat.

143 5072 228 5142 dinis,
244 5075 295 5130 sed
309 5076 446 5149 scriptum
459 5076 505 5133 vix
519 5076 664 5148 reperitur
677 5094 753 5151 quae,
774 5079 819 5135 rel
835 5081 929 5152 qualis
942 5081 988 5146 sit,
1078 5083 1159 5138 Vnae.
1184 5083 1228 5138 53.
1250 5111 1286 5122 -
1304 5083 1370 5139 Istis
1391 5082 1531 5138 dividetur
1552 5085 1636 5139 terro.
1659 5084 1752 5154 Ome„
1774 5087 1825 5143 uta·
1844 5101 1893 5144 eu·

143 5162 187 5217 rel
216 5162 297 5234 cajus
324 5163 433 5230 formae,
448 5165 521 5221 forte
540 5180 578 5222 ne
593 5165 753 5223 auditorem
774 5167 895 5240 polluat.
918 5171 990 5228 Cum
1040 5171 1117 5244 pra.)
1140 5170 1321 5243 Reprobatnr
1335 5169 1416 5244 prior
1439 5172 1625 5245 populusqni
1642 5175 1730 5230 estin
1741 5176 1896 5233 necunde

143 5265 213 5322 ergo
227 5251 393 5308 multesint
406 5253 592 5325 turpitudinis
605 5255 724 5326 species,
740 5271 799 5313 una
813 5257 991 5330 Beelphegor
1042 5259 1133 5325 sione,
1146 5266 1211 5329 etc,
1225 5260 1362 5330 usquead
1381 5265 1411 5317 et
1431 5277 1519 5317 mere
1532 5262 1692 5318 divinitatis
1706 5279 1826 5336 capaces
1840 5282 1895 5338 par

143 5338 255 5395 dicitur.
276 5339 376 5397 Omnis
390 5355 460 5413 ergo
474 5341 524 5414 qni
538 5346 622 5414 torpe
646 5343 754 5416 aliquid
772 5345 936 5417 committit,
958 5346 990 5402 in
1043 5348 1199 5421 puritatem
1211 5349 1314 5405 allecti.

144 5428 243 5502 aliqua
252 5429 441 5502 turpitudinis
455 5429 547 5503 specie
556 5431 732 5504 Beelphegor
742 5438 933 5492 consecratur.
1077 5437 1141 5510 (lo.)
1156 5438 1251 5494 Terra
1271 5438 1358 5510 hujus
1369 5437 1480 5506 divisio,
1508 5444 1574 5510 etc,
1596 5455 1680 5511 usque
1698 5441 1736 5498 od
1750 5443 1800 5500 sed
1814 5443 1894 5501 illins

177 5517 280 5590 (omo.)
310 5520 488 5577 mutuatu
509 5523 550 5576 eet
573 5520 745 5590 decipimur,
761 5523 872 5590 emPer
892 5522 990 5581 omnia
1042 5541 1108 5598 qma
1121 5526 1242 5583 urbibus
1251 5528 1387 5599 contigua
1400 5533 1452 5585 est.
