<?xml version="1.0" encoding="UTF-8"?>
<!DOCTYPE html PUBLIC "-//W3C//DTD XHTML 1.0 Transitional//EN"
    "http://www.w3.org/TR/xhtml1/DTD/xhtml1-transitional.dtd">
<html xmlns="http://www.w3.org/1999/xhtml" xml:lang="en" lang="en">
 <head>
  <title>
</title>
<meta http-equiv="Content-Type" content="text/html;charset=utf-8" />
  <meta name='ocr-system' content='tesseract 3.04.00' />
  <meta name='ocr-capabilities' content='ocr_page ocr_carea ocr_par ocr_line ocrx_word'/>
</head>
<body>
  <div class='ocr_page' id='page_1' title='image "./patrologiaecurs04migngoog_0502.png"; bbox 0 0 3892 6106; ppageno 0'>
   <div class='ocr_carea' id='block_1_1' title="bbox 92 254 1848 314">
    <p class='ocr_par' dir='ltr' id='par_1_1' title="bbox 92 254 1848 314">
     <span class='ocr_line' id='line_1_1' title="bbox 92 254 1848 314; baseline -0.001 0"><span class='ocrx_word' id='word_1_1' title='bbox 92 259 148 314; x_wconf 80' lang='grc'><strong>333</strong></span> <span class='ocrx_word' id='word_1_2' title='bbox 653 255 782 311; x_wconf 82' lang='lat' dir='ltr'>GLOSSA</span> <span class='ocrx_word' id='word_1_3' title='bbox 799 256 1002 314; x_wconf 75' lang='lat' dir='ltr'><strong>onutnbml.</strong></span> <span class='ocrx_word' id='word_1_4' title='bbox 1024 282 1056 298; x_wconf 86' lang='lat'><strong>·-</strong></span> <span class='ocrx_word' id='word_1_5' title='bbox 1078 257 1143 314; x_wconf 77' lang='lat' dir='ltr'><strong>tle.</strong></span> <span class='ocrx_word' id='word_1_6' title='bbox 1163 254 1285 312; x_wconf 78' lang='lat' dir='ltr'><strong>Psattt.</strong></span> <span class='ocrx_word' id='word_1_7' title='bbox 1794 256 1848 312; x_wconf 68' lang='lat' dir='ltr'><strong>aab</strong></span> 
     </span>
    </p>
   </div>
   <div class='ocr_carea' id='block_1_2' title="bbox 54 374 1857 5574">
    <p class='ocr_par' dir='ltr' id='par_1_2' title="bbox 92 374 1848 629">
     <span class='ocr_line' id='line_1_2' title="bbox 93 374 1848 452; baseline 0 -20"><span class='ocrx_word' id='word_1_8' title='bbox 93 379 241 452; x_wconf 89' lang='lat' dir='ltr'><strong>quomodo</strong></span> <span class='ocrx_word' id='word_1_9' title='bbox 258 374 429 446; x_wconf 82' lang='lat' dir='ltr'><strong>omniaagit</strong></span> <span class='ocrx_word' id='word_1_10' title='bbox 444 379 473 430; x_wconf 88' lang='lat' dir='ltr'><strong>et</strong></span> <span class='ocrx_word' id='word_1_11' title='bbox 489 375 671 431; x_wconf 76' lang='lat' dir='ltr'><strong>administrat</strong></span> <span class='ocrx_word' id='word_1_12' title='bbox 690 374 806 446; x_wconf 89' lang='lat' dir='ltr'><strong>ubique.</strong></span> <span class='ocrx_word' id='word_1_13' title='bbox 838 377 985 433; x_wconf 72' lang='lat' dir='ltr'><strong>Veritasb</strong></span> <span class='ocrx_word' id='word_1_14' title='bbox 1038 379 1118 433; x_wconf 80' lang='lat' dir='ltr'><strong>Vens.</strong></span> <span class='ocrx_word' id='word_1_15' title='bbox 1137 380 1225 432; x_wconf 77' lang='lat' dir='ltr'><strong>lo-</strong></span> <span class='ocrx_word' id='word_1_16' title='bbox 1239 379 1338 432; x_wconf 77' lang='lat' dir='ltr'><strong>Beatos</strong></span> <span class='ocrx_word' id='word_1_17' title='bbox 1351 376 1467 446; x_wconf 79' lang='lat' dir='ltr'><strong>popnlm</strong></span> <span class='ocrx_word' id='word_1_18' title='bbox 1483 378 1532 446; x_wconf 81' lang='lat' dir='ltr'><strong>qui</strong></span> <span class='ocrx_word' id='word_1_19' title='bbox 1546 379 1673 443; x_wconf 66' lang='lat' dir='ltr'><strong>scitote.</strong></span> <span class='ocrx_word' id='word_1_20' title='bbox 1687 376 1783 448; x_wconf 78' lang='lat' dir='ltr'><strong>(Cass.)</strong></span> <span class='ocrx_word' id='word_1_21' title='bbox 1798 377 1848 432; x_wconf 91' lang='lat' dir='ltr'><strong>llle</strong></span> 
     </span>
     <span class='ocr_line' id='line_1_3' title="bbox 92 464 1846 538; baseline -0.002 -16"><span class='ocrx_word' id='word_1_22' title='bbox 92 467 123 522; x_wconf 90' lang='lat' dir='ltr'><strong>in</strong></span> <span class='ocrx_word' id='word_1_23' title='bbox 150 466 272 522; x_wconf 80' lang='lat' dir='ltr'><strong>Ecclesia</strong></span> <span class='ocrx_word' id='word_1_24' title='bbox 297 464 346 519; x_wconf 90' lang='lat' dir='ltr'><strong>ubi</strong></span> <span class='ocrx_word' id='word_1_25' title='bbox 379 464 515 529; x_wconf 84' lang='lat' dir='ltr'><strong>creditur,</strong></span> <span class='ocrx_word' id='word_1_26' title='bbox 544 464 659 519; x_wconf 83' lang='lat' dir='ltr'><strong><em>Verbum</em></strong></span> <span class='ocrx_word' id='word_1_27' title='bbox 681 479 745 520; x_wconf 87' lang='lat' dir='ltr'><strong>coro</strong></span> <span class='ocrx_word' id='word_1_28' title='bbox 775 466 890 533; x_wconf 76' lang='lat' dir='ltr'><strong>foetum,</strong></span> <span class='ocrx_word' id='word_1_29' title='bbox 916 468 945 520; x_wconf 90' lang='lat' dir='ltr'><strong>et</strong></span> <span class='ocrx_word' id='word_1_30' title='bbox 1000 467 1126 538; x_wconf 68' lang='lat' dir='ltr'><strong>scitqui</strong></span> <span class='ocrx_word' id='word_1_31' title='bbox 1151 482 1232 520; x_wconf 85' lang='lat' dir='ltr'><strong>suam</strong></span> <span class='ocrx_word' id='word_1_32' title='bbox 1257 464 1385 520; x_wconf 80' lang='lat' dir='ltr'><strong>laetitiam</strong></span> <span class='ocrx_word' id='word_1_33' title='bbox 1402 464 1644 534; x_wconf 86' lang='lat' dir='ltr'><strong>noninsue,sed</strong></span> <span class='ocrx_word' id='word_1_34' title='bbox 1662 464 1846 519; x_wconf 79' lang='lat' dir='ltr'><strong>bominivir-</strong></span> 
     </span>
     <span class='ocr_line' id='line_1_4' title="bbox 93 552 1848 629; baseline -0.002 -18"><span class='ocrx_word' id='word_1_35' title='bbox 93 553 415 629; x_wconf 82' lang='lat' dir='ltr'><strong>quodTrinitas.prius</strong></span> <span class='ocrx_word' id='word_1_36' title='bbox 432 552 516 607; x_wconf 78' lang='lat' dir='ltr'><strong>Ueris.</strong></span> <span class='ocrx_word' id='word_1_37' title='bbox 999 555 1166 626; x_wconf 89' lang='lat' dir='ltr'><strong>tnteponit‚</strong></span> <span class='ocrx_word' id='word_1_38' title='bbox 1194 555 1248 620; x_wconf 88' lang='lat' dir='ltr'><strong>ret,</strong></span> <span class='ocrx_word' id='word_1_39' title='bbox 1278 554 1336 625; x_wconf 83' lang='lat' dir='ltr'><strong>qni,</strong></span> <span class='ocrx_word' id='word_1_40' title='bbox 1363 553 1440 624; x_wconf 83' lang='lat' dir='ltr'><strong>quod</strong></span> <span class='ocrx_word' id='word_1_41' title='bbox 1457 568 1505 608; x_wconf 89' lang='lat' dir='ltr'><strong>ore</strong></span> <span class='ocrx_word' id='word_1_42' title='bbox 1527 556 1633 618; x_wconf 85' lang='lat' dir='ltr'><strong>cuntot,</strong></span> <span class='ocrx_word' id='word_1_43' title='bbox 1650 552 1737 609; x_wconf 88' lang='lat' dir='ltr'><strong>corde</strong></span> <span class='ocrx_word' id='word_1_44' title='bbox 1766 553 1848 608; x_wconf 88' lang='lat' dir='ltr'><strong>intel-</strong></span> 
     </span>
    </p>

    <p class='ocr_par' dir='ltr' id='par_1_3' title="bbox 91 641 1848 1423">
     <span class='ocr_line' id='line_1_5' title="bbox 129 641 1847 716; baseline 0.002 -23"><span class='ocrx_word' id='word_1_45' title='bbox 129 642 212 696; x_wconf 85' lang='lat' dir='ltr'><strong>Vsns.</strong></span> <span class='ocrx_word' id='word_1_46' title='bbox 233 642 539 711; x_wconf 77' lang='lat' dir='ltr'><strong>7.-Quoniomquis.</strong></span> <span class='ocrx_word' id='word_1_47' title='bbox 565 641 658 711; x_wconf 78' lang='lat' dir='ltr'><strong>(Auo.)</strong></span> <span class='ocrx_word' id='word_1_48' title='bbox 677 642 840 698; x_wconf 74' lang='lat' dir='ltr'><strong>Notandum</strong></span> <span class='ocrx_word' id='word_1_49' title='bbox 866 645 945 716; x_wconf 87' lang='lat' dir='ltr'><strong>qnod</strong></span> <span class='ocrx_word' id='word_1_50' title='bbox 999 644 1086 715; x_wconf 80' lang='lat' dir='ltr'><strong>ligii:</strong></span> <span class='ocrx_word' id='word_1_51' title='bbox 1118 643 1192 697; x_wconf 88' lang='lat' dir='ltr'><strong>unde</strong></span> <span class='ocrx_word' id='word_1_52' title='bbox 1215 642 1345 714; x_wconf 87' lang='lat' dir='ltr'><strong>sequitur</strong></span> <span class='ocrx_word' id='word_1_53' title='bbox 1374 641 1428 695; x_wconf 89' lang='lat' dir='ltr'><strong>hoo</strong></span> <span class='ocrx_word' id='word_1_54' title='bbox 1455 641 1792 712; x_wconf 82' lang='lat' dir='ltr'><strong>praemium,inlnmine,</strong></span> <span class='ocrx_word' id='word_1_55' title='bbox 1818 642 1847 697; x_wconf 91' lang='lat' dir='ltr'><strong>id</strong></span> 
     </span>
     <span class='ocr_line' id='line_1_6' title="bbox 92 728 1758 803; baseline 0.001 -19"><span class='ocrx_word' id='word_1_56' title='bbox 92 730 171 785; x_wconf 91' lang='lat' dir='ltr'><strong>idem</strong></span> <span class='ocrx_word' id='word_1_57' title='bbox 195 735 261 783; x_wconf 89' lang='lat' dir='ltr'><strong>sunt</strong></span> <span class='ocrx_word' id='word_1_58' title='bbox 275 729 339 784; x_wconf 89' lang='lat' dir='ltr'><strong>coeli</strong></span> <span class='ocrx_word' id='word_1_59' title='bbox 355 733 383 782; x_wconf 88' lang='lat' dir='ltr'><strong>et</strong></span> <span class='ocrx_word' id='word_1_60' title='bbox 399 728 499 795; x_wconf 90' lang='lat' dir='ltr'><strong>nubes,</strong></span> <span class='ocrx_word' id='word_1_61' title='bbox 517 729 625 783; x_wconf 83' lang='lat' dir='ltr'><strong>scilicet</strong></span> <span class='ocrx_word' id='word_1_62' title='bbox 649 731 863 801; x_wconf 71' lang='lat' dir='ltr'><strong>predicatores.</strong></span> <span class='ocrx_word' id='word_1_63' title='bbox 890 732 944 789; x_wconf 87' lang='lat' dir='ltr'><strong>Sed</strong></span> <span class='ocrx_word' id='word_1_64' title='bbox 998 737 1052 799; x_wconf 88' lang='lat' dir='ltr'><strong>est,</strong></span> <span class='ocrx_word' id='word_1_65' title='bbox 1064 732 1094 787; x_wconf 90' lang='lat' dir='ltr'><strong>in</strong></span> <span class='ocrx_word' id='word_1_66' title='bbox 1110 731 1351 803; x_wconf 68' lang='lat' dir='ltr'><strong>contemplatione</strong></span> <span class='ocrx_word' id='word_1_67' title='bbox 1366 730 1512 785; x_wconf 75' lang='lat' dir='ltr'>Trinitatis</span> <span class='ocrx_word' id='word_1_68' title='bbox 1525 731 1758 801; x_wconf 83' lang='lat' dir='ltr'><strong>perseverabunt.</strong></span> 
     </span>
     <span class='ocr_line' id='line_1_7' title="bbox 92 816 1848 891; baseline 0.001 -19"><span class='ocrx_word' id='word_1_69' title='bbox 92 818 167 882; x_wconf 87' lang='lat' dir='ltr'><strong>coeli,</strong></span> <span class='ocrx_word' id='word_1_70' title='bbox 180 817 391 888; x_wconf 75' lang='lat' dir='ltr'><strong>predicatores,</strong></span> <span class='ocrx_word' id='word_1_71' title='bbox 403 820 520 888; x_wconf 88' lang='lat' dir='ltr'><strong>propter</strong></span> <span class='ocrx_word' id='word_1_72' title='bbox 532 816 674 888; x_wconf 77' lang='lat' dir='ltr'><strong>fulgorem</strong></span> <span class='ocrx_word' id='word_1_73' title='bbox 684 817 821 874; x_wconf 83' lang='lat' dir='ltr'><strong>veritatis.</strong></span> <span class='ocrx_word' id='word_1_74' title='bbox 844 820 943 889; x_wconf 83' lang='lat' dir='ltr'><strong>Nubes,</strong></span> <span class='ocrx_word' id='word_1_75' title='bbox 1032 820 1234 877; x_wconf 78' lang='lat' dir='ltr'><strong>iubilationem.</strong></span> <span class='ocrx_word' id='word_1_76' title='bbox 1249 819 1370 884; x_wconf 84' lang='lat' dir='ltr'><strong>lubilus,</strong></span> <span class='ocrx_word' id='word_1_77' title='bbox 1384 818 1523 889; x_wconf 81' lang='lat' dir='ltr'><strong>gaudium</strong></span> <span class='ocrx_word' id='word_1_78' title='bbox 1539 818 1614 890; x_wconf 86' lang='lat' dir='ltr'><strong>quod</strong></span> <span class='ocrx_word' id='word_1_79' title='bbox 1630 818 1723 873; x_wconf 91' lang='lat' dir='ltr'><strong>verbis</strong></span> <span class='ocrx_word' id='word_1_80' title='bbox 1753 818 1848 891; x_wconf 88' lang='lat' dir='ltr'><strong>expli-</strong></span> 
     </span>
     <span class='ocr_line' id='line_1_8' title="bbox 92 904 1845 980; baseline -0.001 -19"><span class='ocrx_word' id='word_1_81' title='bbox 92 922 158 979; x_wconf 80' lang='lat' dir='ltr'><strong>quae</strong></span> <span class='ocrx_word' id='word_1_82' title='bbox 180 905 325 961; x_wconf 77' lang='lat' dir='ltr'><strong>nebulosae</strong></span> <span class='ocrx_word' id='word_1_83' title='bbox 351 909 419 959; x_wconf 91' lang='lat' dir='ltr'><strong>sunt</strong></span> <span class='ocrx_word' id='word_1_84' title='bbox 439 912 556 976; x_wconf 90' lang='lat' dir='ltr'><strong>propter</strong></span> <span class='ocrx_word' id='word_1_85' title='bbox 571 904 775 961; x_wconf 75' lang='lat' dir='ltr'><strong>mortalitatem</strong></span> <span class='ocrx_word' id='word_1_86' title='bbox 796 907 900 973; x_wconf 86' lang='lat' dir='ltr'><strong>carnis,</strong></span> <span class='ocrx_word' id='word_1_87' title='bbox 917 914 945 964; x_wconf 87' lang='lat' dir='ltr'><strong>et</strong></span> <span class='ocrx_word' id='word_1_88' title='bbox 997 911 1056 965; x_wconf 79' lang='lat' dir='ltr'><strong>ceri</strong></span> <span class='ocrx_word' id='word_1_89' title='bbox 1068 926 1125 966; x_wconf 92' lang='lat' dir='ltr'><strong>non</strong></span> <span class='ocrx_word' id='word_1_90' title='bbox 1141 913 1245 980; x_wconf 85' lang='lat' dir='ltr'><strong>potest,</strong></span> <span class='ocrx_word' id='word_1_91' title='bbox 1261 924 1314 964; x_wconf 90' lang='lat' dir='ltr'><strong>nec</strong></span> <span class='ocrx_word' id='word_1_92' title='bbox 1332 913 1428 962; x_wconf 87' lang='lat' dir='ltr'><strong>tamen</strong></span> <span class='ocrx_word' id='word_1_93' title='bbox 1446 907 1560 978; x_wconf 90' lang='lat' dir='ltr'><strong>penitus</strong></span> <span class='ocrx_word' id='word_1_94' title='bbox 1584 905 1709 960; x_wconf 79' lang='lat' dir='ltr'><strong>reticeri.</strong></span> <span class='ocrx_word' id='word_1_95' title='bbox 1726 908 1845 970; x_wconf 81' lang='lat' dir='ltr'><strong>Domine,</strong></span> 
     </span>
     <span class='ocr_line' id='line_1_9' title="bbox 92 993 1847 1066; baseline -0.001 -17"><span class='ocrx_word' id='word_1_96' title='bbox 92 995 162 1066; x_wconf 90' lang='lat' dir='ltr'><strong>quia</strong></span> <span class='ocrx_word' id='word_1_97' title='bbox 177 993 435 1060; x_wconf 85' lang='lat' dir='ltr'><strong>transeunt‚obiet</strong></span> <span class='ocrx_word' id='word_1_98' title='bbox 449 993 625 1061; x_wconf 88' lang='lat' dir='ltr'><strong>abscondita,</strong></span> <span class='ocrx_word' id='word_1_99' title='bbox 641 1010 704 1065; x_wconf 76' lang='lat' dir='ltr'><strong>quae</strong></span> <span class='ocrx_word' id='word_1_100' title='bbox 720 998 784 1064; x_wconf 89' lang='lat' dir='ltr'><strong>post</strong></span> <span class='ocrx_word' id='word_1_101' title='bbox 798 994 828 1048; x_wconf 92' lang='lat' dir='ltr'><strong>iu</strong></span> <span class='ocrx_word' id='word_1_102' title='bbox 838 995 944 1064; x_wconf 75' lang='lat' dir='ltr'><strong>iudicio</strong></span> <span class='ocrx_word' id='word_1_103' title='bbox 997 1000 1028 1054; x_wconf 88' lang='lat' dir='ltr'><strong>in</strong></span> <span class='ocrx_word' id='word_1_104' title='bbox 1055 999 1155 1054; x_wconf 86' lang='lat' dir='ltr'><strong>lumine</strong></span> <span class='ocrx_word' id='word_1_105' title='bbox 1176 999 1268 1053; x_wconf 84' lang='lat' dir='ltr'><strong>unitus</strong></span> <span class='ocrx_word' id='word_1_106' title='bbox 1292 999 1334 1051; x_wconf 85' lang='lat' dir='ltr'><strong>tui</strong></span> <span class='ocrx_word' id='word_1_107' title='bbox 1357 995 1545 1062; x_wconf 85' lang='lat' dir='ltr'><strong>ambulabunt,</strong></span> <span class='ocrx_word' id='word_1_108' title='bbox 1572 998 1597 1048; x_wconf 86' lang='lat' dir='ltr'><strong>et</strong></span> <span class='ocrx_word' id='word_1_109' title='bbox 1618 997 1648 1049; x_wconf 87' lang='lat' dir='ltr'><strong>in</strong></span> <span class='ocrx_word' id='word_1_110' title='bbox 1674 995 1780 1048; x_wconf 85' lang='lat' dir='ltr'><strong>nomine</strong></span> <span class='ocrx_word' id='word_1_111' title='bbox 1802 999 1847 1048; x_wconf 81' lang='lat' dir='ltr'><strong>tuo</strong></span> 
     </span>
     <span class='ocr_line' id='line_1_10' title="bbox 91 1082 1846 1158; baseline -0.002 -20"><span class='ocrx_word' id='word_1_112' title='bbox 91 1083 250 1138; x_wconf 82' lang='lat' dir='ltr'><strong>clarebunt.</strong></span> <span class='ocrx_word' id='word_1_113' title='bbox 279 1084 311 1137; x_wconf 95' lang='lat' dir='ltr'><strong>ln</strong></span> <span class='ocrx_word' id='word_1_114' title='bbox 328 1084 405 1152; x_wconf 67' lang='lat' dir='ltr'><strong>filiis.</strong></span> <span class='ocrx_word' id='word_1_115' title='bbox 421 1083 471 1136; x_wconf 84' lang='lat' dir='ltr'><strong>Vel</strong></span> <span class='ocrx_word' id='word_1_116' title='bbox 494 1082 617 1153; x_wconf 87' lang='lat' dir='ltr'><strong>superis,</strong></span> <span class='ocrx_word' id='word_1_117' title='bbox 632 1082 677 1136; x_wconf 84' lang='lat' dir='ltr'><strong>rel</strong></span> <span class='ocrx_word' id='word_1_118' title='bbox 699 1082 876 1138; x_wconf 89' lang='lat' dir='ltr'><strong>hominibus.</strong></span> <span class='ocrx_word' id='word_1_119' title='bbox 905 1084 944 1138; x_wconf 87' lang='lat' dir='ltr'><strong>lle</strong></span> <span class='ocrx_word' id='word_1_120' title='bbox 997 1088 1181 1143; x_wconf 79' lang='lat' dir='ltr'><strong>ensnttobnnt.</strong></span> <span class='ocrx_word' id='word_1_121' title='bbox 1209 1083 1505 1158; x_wconf 80' lang='lat' dir='ltr'><strong>(Cass.)Commendet</strong></span> <span class='ocrx_word' id='word_1_122' title='bbox 1520 1082 1652 1155; x_wconf 77' lang='lat' dir='ltr'><strong>gratiam,</strong></span> <span class='ocrx_word' id='word_1_123' title='bbox 1681 1082 1716 1137; x_wconf 92' lang='lat' dir='ltr'><strong>de</strong></span> <span class='ocrx_word' id='word_1_124' title='bbox 1732 1097 1787 1154; x_wconf 84' lang='lat' dir='ltr'><strong>quo</strong></span> <span class='ocrx_word' id='word_1_125' title='bbox 1798 1097 1846 1153; x_wconf 76' lang='lat' dir='ltr'><strong>Ju-</strong></span> 
     </span>
     <span class='ocr_line' id='line_1_11' title="bbox 93 1170 1082 1243; baseline 0.004 -16"><span class='ocrx_word' id='word_1_126' title='bbox 93 1187 163 1242; x_wconf 78' lang='lat' dir='ltr'><strong>ergo</strong></span> <span class='ocrx_word' id='word_1_127' title='bbox 177 1175 294 1243; x_wconf 90' lang='lat' dir='ltr'><strong>putetur</strong></span> <span class='ocrx_word' id='word_1_128' title='bbox 309 1175 422 1226; x_wconf 89' lang='lat' dir='ltr'><strong>tantum</strong></span> <span class='ocrx_word' id='word_1_129' title='bbox 438 1171 545 1226; x_wconf 86' lang='lat' dir='ltr'><strong>homo:</strong></span> <span class='ocrx_word' id='word_1_130' title='bbox 561 1170 610 1225; x_wconf 85' lang='lat' dir='ltr'><strong>ille</strong></span> <span class='ocrx_word' id='word_1_131' title='bbox 634 1170 711 1225; x_wconf 89' lang='lat' dir='ltr'><strong>enim</strong></span> <span class='ocrx_word' id='word_1_132' title='bbox 727 1171 875 1238; x_wconf 86' lang='lat' dir='ltr'><strong>naturalis,</strong></span> <span class='ocrx_word' id='word_1_133' title='bbox 891 1188 944 1227; x_wconf 89' lang='lat' dir='ltr'><strong>nos</strong></span> <span class='ocrx_word' id='word_1_134' title='bbox 997 1176 1082 1231; x_wconf 87' lang='lat' dir='ltr'><strong>bitus.</strong></span> 
     </span>
     <span class='ocr_line' id='line_1_12' title="bbox 93 1257 1845 1334; baseline -0.001 -20"><span class='ocrx_word' id='word_1_135' title='bbox 93 1260 237 1331; x_wconf 88' lang='lat' dir='ltr'><strong>adoptiri;</strong></span> <span class='ocrx_word' id='word_1_136' title='bbox 253 1259 302 1314; x_wconf 92' lang='lat' dir='ltr'><strong>ille</strong></span> <span class='ocrx_word' id='word_1_137' title='bbox 325 1259 448 1330; x_wconf 79' lang='lat' dir='ltr'><strong>genitus,</strong></span> <span class='ocrx_word' id='word_1_138' title='bbox 462 1274 514 1314; x_wconf 90' lang='lat' dir='ltr'><strong>nos</strong></span> <span class='ocrx_word' id='word_1_139' title='bbox 529 1258 630 1330; x_wconf 85' lang='lat' dir='ltr'><strong>creati3</strong></span> <span class='ocrx_word' id='word_1_140' title='bbox 656 1259 705 1314; x_wconf 90' lang='lat' dir='ltr'><strong>ille</strong></span> <span class='ocrx_word' id='word_1_141' title='bbox 720 1259 756 1314; x_wconf 89' lang='lat' dir='ltr'><strong>ab</strong></span> <span class='ocrx_word' id='word_1_142' title='bbox 771 1263 879 1315; x_wconf 82' lang='lat' dir='ltr'><strong>aeteruo</strong></span> <span class='ocrx_word' id='word_1_143' title='bbox 894 1276 944 1332; x_wconf 77' lang='lat' dir='ltr'><strong>ge·</strong></span> <span class='ocrx_word' id='word_1_144' title='bbox 1036 1262 1128 1334; x_wconf 76' lang='lat' dir='ltr'><strong>(Auo.)</strong></span> <span class='ocrx_word' id='word_1_145' title='bbox 1145 1262 1194 1318; x_wconf 90' lang='lat' dir='ltr'><strong>llel</strong></span> <span class='ocrx_word' id='word_1_146' title='bbox 1208 1262 1239 1317; x_wconf 94' lang='lat' dir='ltr'><strong>in</strong></span> <span class='ocrx_word' id='word_1_147' title='bbox 1253 1262 1326 1317; x_wconf 85' lang='lat' dir='ltr'><strong>bene</strong></span> <span class='ocrx_word' id='word_1_148' title='bbox 1347 1261 1449 1333; x_wconf 83' lang='lat' dir='ltr'><strong>placito</strong></span> <span class='ocrx_word' id='word_1_149' title='bbox 1462 1264 1522 1330; x_wconf 92' lang='lat' dir='ltr'><strong>tuo,</strong></span> <span class='ocrx_word' id='word_1_150' title='bbox 1538 1259 1565 1316; x_wconf 93' lang='lat' dir='ltr'><strong>id</strong></span> <span class='ocrx_word' id='word_1_151' title='bbox 1600 1264 1643 1314; x_wconf 88' lang='lat' dir='ltr'><strong>est</strong></span> <span class='ocrx_word' id='word_1_152' title='bbox 1671 1258 1701 1312; x_wconf 89' lang='lat' dir='ltr'><strong>in</strong></span> <span class='ocrx_word' id='word_1_153' title='bbox 1725 1257 1845 1324; x_wconf 72' lang='lat' dir='ltr'><strong>Cheimo,</strong></span> 
     </span>
     <span class='ocr_line' id='line_1_13' title="bbox 94 1347 1848 1423; baseline -0.002 -19"><span class='ocrx_word' id='word_1_154' title='bbox 94 1350 183 1415; x_wconf 86' lang='lat' dir='ltr'><strong>nitus,</strong></span> <span class='ocrx_word' id='word_1_155' title='bbox 199 1365 251 1403; x_wconf 88' lang='lat' dir='ltr'><strong>nos</strong></span> <span class='ocrx_word' id='word_1_156' title='bbox 261 1348 291 1402; x_wconf 89' lang='lat' dir='ltr'><strong>in</strong></span> <span class='ocrx_word' id='word_1_157' title='bbox 306 1351 436 1419; x_wconf 89' lang='lat' dir='ltr'><strong>tempore</strong></span> <span class='ocrx_word' id='word_1_158' title='bbox 451 1347 532 1416; x_wconf 87' lang='lat' dir='ltr'><strong>iacti;</strong></span> <span class='ocrx_word' id='word_1_159' title='bbox 548 1347 595 1402; x_wconf 87' lang='lat' dir='ltr'><strong>ille</strong></span> <span class='ocrx_word' id='word_1_160' title='bbox 614 1347 725 1417; x_wconf 89' lang='lat' dir='ltr'><strong>unicus,</strong></span> <span class='ocrx_word' id='word_1_161' title='bbox 740 1364 793 1403; x_wconf 92' lang='lat' dir='ltr'><strong>nos</strong></span> <span class='ocrx_word' id='word_1_162' title='bbox 812 1348 907 1403; x_wconf 90' lang='lat' dir='ltr'><strong>molti.</strong></span> <span class='ocrx_word' id='word_1_163' title='bbox 997 1352 1064 1407; x_wconf 89' lang='lat' dir='ltr'><strong>ideo</strong></span> <span class='ocrx_word' id='word_1_164' title='bbox 1076 1352 1105 1406; x_wconf 92' lang='lat' dir='ltr'><strong>in</strong></span> <span class='ocrx_word' id='word_1_165' title='bbox 1118 1352 1192 1423; x_wconf 85' lang='lat' dir='ltr'><strong>ipso,</strong></span> <span class='ocrx_word' id='word_1_166' title='bbox 1209 1351 1277 1422; x_wconf 89' lang='lat' dir='ltr'><strong>qnia</strong></span> <span class='ocrx_word' id='word_1_167' title='bbox 1291 1350 1443 1422; x_wconf 78' lang='lat' dir='ltr'><strong>assumpsit</strong></span> <span class='ocrx_word' id='word_1_168' title='bbox 1455 1365 1570 1404; x_wconf 86' lang='lat' dir='ltr'><strong>carnem</strong></span> <span class='ocrx_word' id='word_1_169' title='bbox 1586 1351 1723 1415; x_wconf 83' lang='lat' dir='ltr'><strong>nostram,</strong></span> <span class='ocrx_word' id='word_1_170' title='bbox 1745 1347 1848 1419; x_wconf 89' lang='lat' dir='ltr'><strong>inquo</strong></span> 
     </span>
    </p>

    <p class='ocr_par' dir='ltr' id='par_1_4' title="bbox 94 1434 1846 1688">
     <span class='ocr_line' id='line_1_14' title="bbox 131 1434 1176 1511; baseline 0 -22"><span class='ocrx_word' id='word_1_171' title='bbox 131 1436 212 1490; x_wconf 87' lang='lat' dir='ltr'><strong>Vens.</strong></span> <span class='ocrx_word' id='word_1_172' title='bbox 229 1438 255 1490; x_wconf 89' lang='lat'><strong>8.</strong></span> <span class='ocrx_word' id='word_1_173' title='bbox 280 1464 315 1475; x_wconf 89' lang='lat'>-</span> <span class='ocrx_word' id='word_1_174' title='bbox 334 1434 421 1503; x_wconf 83' lang='lat' dir='ltr'><strong>Super</strong></span> <span class='ocrx_word' id='word_1_175' title='bbox 449 1449 548 1490; x_wconf 85' lang='lat' dir='ltr'><strong>omnes.</strong></span> <span class='ocrx_word' id='word_1_176' title='bbox 583 1434 644 1506; x_wconf 77' lang='lat' dir='ltr'><strong>(lo.)</strong></span> <span class='ocrx_word' id='word_1_177' title='bbox 673 1435 811 1506; x_wconf 74' lang='lat' dir='ltr'><strong>Angelos,</strong></span> <span class='ocrx_word' id='word_1_178' title='bbox 835 1435 944 1490; x_wconf 83' lang='lat' dir='ltr'><strong>volbo·</strong></span> <span class='ocrx_word' id='word_1_179' title='bbox 999 1439 1092 1496; x_wconf 84' lang='lat' dir='ltr'><strong>omnis</strong></span> <span class='ocrx_word' id='word_1_180' title='bbox 1102 1456 1176 1511; x_wconf 73' lang='lat' dir='ltr'><strong>spes.</strong></span> 
     </span>
     <span class='ocr_line' id='line_1_15' title="bbox 94 1521 1846 1597; baseline -0.002 -17"><span class='ocrx_word' id='word_1_181' title='bbox 94 1525 199 1591; x_wconf 89' lang='lat' dir='ltr'><strong>mines,</strong></span> <span class='ocrx_word' id='word_1_182' title='bbox 215 1524 266 1596; x_wconf 90' lang='lat' dir='ltr'><strong>qui</strong></span> <span class='ocrx_word' id='word_1_183' title='bbox 280 1529 349 1578; x_wconf 89' lang='lat' dir='ltr'><strong>sunt</strong></span> <span class='ocrx_word' id='word_1_184' title='bbox 372 1524 522 1595; x_wconf 88' lang='lat' dir='ltr'><strong>stipatores</strong></span> <span class='ocrx_word' id='word_1_185' title='bbox 534 1523 596 1595; x_wconf 80' lang='lat' dir='ltr'><strong>ejus</strong></span> <span class='ocrx_word' id='word_1_186' title='bbox 614 1523 749 1593; x_wconf 86' lang='lat' dir='ltr'><strong>impares,</strong></span> <span class='ocrx_word' id='word_1_187' title='bbox 766 1523 816 1597; x_wconf 84' lang='lat' dir='ltr'><strong>qui</strong></span> <span class='ocrx_word' id='word_1_188' title='bbox 831 1523 944 1581; x_wconf 83' lang='lat' dir='ltr'><strong>eidone</strong></span> <span class='ocrx_word' id='word_1_189' title='bbox 1034 1530 1118 1584; x_wconf 81' lang='lat' dir='ltr'><strong>Vsus.</strong></span> <span class='ocrx_word' id='word_1_190' title='bbox 1134 1528 1179 1592; x_wconf 76' lang='lat'><strong>20,</strong></span> <span class='ocrx_word' id='word_1_191' title='bbox 1207 1558 1242 1567; x_wconf 92' lang='lat'>-</span> <span class='ocrx_word' id='word_1_192' title='bbox 1266 1528 1336 1583; x_wconf 78' lang='lat' dir='ltr'><strong>Turio</strong></span> <span class='ocrx_word' id='word_1_193' title='bbox 1365 1527 1467 1581; x_wconf 82' lang='lat' dir='ltr'><strong>locotus</strong></span> <span class='ocrx_word' id='word_1_194' title='bbox 1495 1527 1585 1581; x_wconf 86' lang='lat' dir='ltr'><strong>estin</strong></span> <span class='ocrx_word' id='word_1_195' title='bbox 1606 1526 1720 1579; x_wconf 85' lang='lat' dir='ltr'><strong>visione.</strong></span> <span class='ocrx_word' id='word_1_196' title='bbox 1746 1521 1846 1592; x_wconf 73' lang='lat' dir='ltr'><strong>(Cass.)</strong></span> 
     </span>
     <span class='ocr_line' id='line_1_16' title="bbox 95 1609 1845 1688; baseline -0.003 -19"><span class='ocrx_word' id='word_1_197' title='bbox 95 1617 158 1686; x_wconf 82' lang='lat' dir='ltr'><strong>ejus</strong></span> <span class='ocrx_word' id='word_1_198' title='bbox 174 1614 346 1685; x_wconf 84' lang='lat' dir='ltr'><strong>proximant.</strong></span> <span class='ocrx_word' id='word_1_199' title='bbox 927 1640 933 1651; x_wconf 69' lang='lat'><strong><em>¹</em></strong></span> <span class='ocrx_word' id='word_1_200' title='bbox 999 1615 1170 1688; x_wconf 83' lang='lat' dir='ltr'><strong>Diapsalma.</strong></span> <span class='ocrx_word' id='word_1_201' title='bbox 1195 1614 1289 1670; x_wconf 87' lang='lat' dir='ltr'><strong>Tertio</strong></span> <span class='ocrx_word' id='word_1_202' title='bbox 1317 1613 1521 1686; x_wconf 79' lang='lat' dir='ltr'><strong>promissiones</strong></span> <span class='ocrx_word' id='word_1_203' title='bbox 1550 1612 1639 1667; x_wconf 88' lang='lat' dir='ltr'><strong>Patris</strong></span> <span class='ocrx_word' id='word_1_204' title='bbox 1661 1611 1695 1666; x_wconf 91' lang='lat' dir='ltr'><strong>de</strong></span> <span class='ocrx_word' id='word_1_205' title='bbox 1724 1609 1845 1666; x_wconf 84' lang='lat' dir='ltr'><strong>Christo.</strong></span> 
     </span>
    </p>

    <p class='ocr_par' dir='ltr' id='par_1_5' title="bbox 94 1696 1848 1861">
     <span class='ocr_line' id='line_1_17' title="bbox 133 1696 1848 1775; baseline -0.002 -20"><span class='ocrx_word' id='word_1_206' title='bbox 133 1705 222 1758; x_wconf 81' lang='lat' dir='ltr'><strong>Vens.</strong></span> <span class='ocrx_word' id='word_1_207' title='bbox 251 1707 278 1758; x_wconf 84' lang='lat'><strong>9.</strong></span> <span class='ocrx_word' id='word_1_208' title='bbox 298 1731 335 1745; x_wconf 92' lang='lat'>-</span> <span class='ocrx_word' id='word_1_209' title='bbox 355 1702 424 1759; x_wconf 83' lang='lat' dir='ltr'>Tibi.</span> <span class='ocrx_word' id='word_1_210' title='bbox 454 1700 517 1773; x_wconf 84' lang='lat' dir='ltr'><strong>(lo.)</strong></span> <span class='ocrx_word' id='word_1_211' title='bbox 545 1699 599 1765; x_wconf 86' lang='lat' dir='ltr'><strong>Qui</strong></span> <span class='ocrx_word' id='word_1_212' title='bbox 625 1699 721 1754; x_wconf 89' lang='lat' dir='ltr'><strong>omnia</strong></span> <span class='ocrx_word' id='word_1_213' title='bbox 749 1699 850 1768; x_wconf 84' lang='lat' dir='ltr'><strong>fecisti,</strong></span> <span class='ocrx_word' id='word_1_214' title='bbox 877 1704 944 1766; x_wconf 76' lang='lat' dir='ltr'><strong>etc,</strong></span> <span class='ocrx_word' id='word_1_215' title='bbox 998 1703 1133 1775; x_wconf 86' lang='lat' dir='ltr'><strong>Superior</strong></span> <span class='ocrx_word' id='word_1_216' title='bbox 1156 1704 1291 1758; x_wconf 89' lang='lat' dir='ltr'><strong>lausnon</strong></span> <span class='ocrx_word' id='word_1_217' title='bbox 1316 1701 1468 1769; x_wconf 84' lang='lat' dir='ltr'><strong>estdobia,</strong></span> <span class='ocrx_word' id='word_1_218' title='bbox 1493 1705 1717 1774; x_wconf 88' lang='lat' dir='ltr'><strong>quampaterna</strong></span> <span class='ocrx_word' id='word_1_219' title='bbox 1738 1696 1848 1753; x_wconf 84' lang='lat' dir='ltr'><strong>contir-</strong></span> 
     </span>
     <span class='ocr_line' id='line_1_18' title="bbox 94 1788 1346 1861; baseline -0.002 -15"><span class='ocrx_word' id='word_1_220' title='bbox 94 1806 182 1861; x_wconf 78' lang='lat' dir='ltr'><strong>uspue</strong></span> <span class='ocrx_word' id='word_1_221' title='bbox 195 1791 232 1845; x_wconf 86' lang='lat' dir='ltr'><strong>od</strong></span> <span class='ocrx_word' id='word_1_222' title='bbox 247 1789 352 1844; x_wconf 83' lang='lat' dir='ltr'><strong>tentari</strong></span> <span class='ocrx_word' id='word_1_223' title='bbox 366 1805 453 1860; x_wconf 90' lang='lat' dir='ltr'><strong>supra</strong></span> <span class='ocrx_word' id='word_1_224' title='bbox 466 1789 495 1844; x_wconf 88' lang='lat' dir='ltr'><strong>id</strong></span> <span class='ocrx_word' id='word_1_225' title='bbox 512 1789 588 1860; x_wconf 90' lang='lat' dir='ltr'><strong>qnod</strong></span> <span class='ocrx_word' id='word_1_226' title='bbox 598 1794 692 1859; x_wconf 86' lang='lat' dir='ltr'><strong>potest</strong></span> <span class='ocrx_word' id='word_1_227' title='bbox 707 1788 801 1844; x_wconf 91' lang='lat' dir='ltr'><strong>homo.</strong></span> <span class='ocrx_word' id='word_1_228' title='bbox 998 1795 1058 1847; x_wconf 88' lang='lat' dir='ltr'><strong>mat</strong></span> <span class='ocrx_word' id='word_1_229' title='bbox 1073 1791 1234 1847; x_wconf 88' lang='lat' dir='ltr'><strong>auctoritas.</strong></span> <span class='ocrx_word' id='word_1_230' title='bbox 1250 1790 1346 1859; x_wconf 76' lang='lat' dir='ltr'><strong>(Cass.)</strong></span> 
     </span>
    </p>

    <p class='ocr_par' dir='ltr' id='par_1_6' title="bbox 95 1876 1850 2926">
     <span class='ocr_line' id='line_1_19' title="bbox 133 1876 1847 1953; baseline -0.002 -23"><span class='ocrx_word' id='word_1_231' title='bbox 133 1879 214 1933; x_wconf 78' lang='lat' dir='ltr'><strong>Vens.</strong></span> <span class='ocrx_word' id='word_1_232' title='bbox 247 1881 289 1932; x_wconf 89' lang='lat' dir='ltr'><strong>ll.</strong></span> <span class='ocrx_word' id='word_1_233' title='bbox 315 1909 349 1918; x_wconf 95' lang='lat'><em>-</em></span> <span class='ocrx_word' id='word_1_234' title='bbox 378 1878 563 1932; x_wconf 85' lang='lat' dir='ltr'><strong>Volnerotom.</strong></span> <span class='ocrx_word' id='word_1_235' title='bbox 592 1877 790 1933; x_wconf 84' lang='lat' dir='ltr'><strong>Humilitatns.</strong></span> <span class='ocrx_word' id='word_1_236' title='bbox 814 1882 857 1933; x_wconf 90' lang='lat' dir='ltr'><strong>est</strong></span> <span class='ocrx_word' id='word_1_237' title='bbox 879 1893 944 1949; x_wconf 90' lang='lat' dir='ltr'><strong>per·</strong></span> <span class='ocrx_word' id='word_1_238' title='bbox 1034 1880 1126 1953; x_wconf 81' lang='lat' dir='ltr'><strong>(Auo.)</strong></span> <span class='ocrx_word' id='word_1_239' title='bbox 1158 1881 1240 1936; x_wconf 82' lang='lat' dir='ltr'><strong>Tunc.</strong></span> <span class='ocrx_word' id='word_1_240' title='bbox 1277 1879 1395 1944; x_wconf 85' lang='lat' dir='ltr'><strong>Quando</strong></span> <span class='ocrx_word' id='word_1_241' title='bbox 1431 1876 1597 1947; x_wconf 78' lang='lat' dir='ltr'><strong>disposuisti</strong></span> <span class='ocrx_word' id='word_1_242' title='bbox 1632 1878 1847 1938; x_wconf 88' lang='lat' dir='ltr'><strong>testamentum,</strong></span> 
     </span>
     <span class='ocr_line' id='line_1_20' title="bbox 96 1963 1848 2039; baseline -0.005 -15"><span class='ocrx_word' id='word_1_243' title='bbox 96 1969 202 2035; x_wconf 89' lang='lat' dir='ltr'><strong>dendo,</strong></span> <span class='ocrx_word' id='word_1_244' title='bbox 232 1984 303 2039; x_wconf 90' lang='lat' dir='ltr'><strong>quos</strong></span> <span class='ocrx_word' id='word_1_245' title='bbox 332 1967 462 2034; x_wconf 81' lang='lat' dir='ltr'><strong>tenebat3</strong></span> <span class='ocrx_word' id='word_1_246' title='bbox 491 1967 655 2020; x_wconf 86' lang='lat' dir='ltr'><strong>vulneratus</strong></span> <span class='ocrx_word' id='word_1_247' title='bbox 684 1981 816 2036; x_wconf 88' lang='lat' dir='ltr'><strong>percusso</strong></span> <span class='ocrx_word' id='word_1_248' title='bbox 849 1967 944 2022; x_wconf 85' lang='lat' dir='ltr'><strong>eorde.</strong></span> <span class='ocrx_word' id='word_1_249' title='bbox 998 1969 1043 2024; x_wconf 87' lang='lat' dir='ltr'><strong>vel</strong></span> <span class='ocrx_word' id='word_1_250' title='bbox 1058 1985 1123 2023; x_wconf 90' lang='lat' dir='ltr'><strong>cum</strong></span> <span class='ocrx_word' id='word_1_251' title='bbox 1152 1969 1214 2024; x_wconf 83' lang='lat' dir='ltr'><strong>hoec</strong></span> <span class='ocrx_word' id='word_1_252' title='bbox 1228 1967 1336 2023; x_wconf 88' lang='lat' dir='ltr'><strong>diceres</strong></span> <span class='ocrx_word' id='word_1_253' title='bbox 1362 1966 1444 2034; x_wconf 92' lang='lat' dir='ltr'><strong>mihi,</strong></span> <span class='ocrx_word' id='word_1_254' title='bbox 1466 1971 1531 2021; x_wconf 85' lang='lat' dir='ltr'><strong>tnnc</strong></span> <span class='ocrx_word' id='word_1_255' title='bbox 1556 1967 1659 2021; x_wconf 83' lang='lat' dir='ltr'><strong>locutos</strong></span> <span class='ocrx_word' id='word_1_256' title='bbox 1687 1979 1713 2019; x_wconf 86' lang='lat' dir='ltr'><strong>es</strong></span> <span class='ocrx_word' id='word_1_257' title='bbox 1735 1963 1848 2029; x_wconf 86' lang='lat' dir='ltr'><strong>sanctis,</strong></span> 
     </span>
     <span class='ocr_line' id='line_1_21' title="bbox 96 2052 1849 2130; baseline -0.004 -19"><span class='ocrx_word' id='word_1_258' title='bbox 96 2057 147 2111; x_wconf 91' lang='lat' dir='ltr'><strong>nbi</strong></span> <span class='ocrx_word' id='word_1_259' title='bbox 162 2055 353 2128; x_wconf 85' lang='lat' dir='ltr'><strong>superbiebat.</strong></span> <span class='ocrx_word' id='word_1_260' title='bbox 369 2056 532 2126; x_wconf 83' lang='lat' dir='ltr'><strong>Superbum.</strong></span> <span class='ocrx_word' id='word_1_261' title='bbox 549 2054 640 2126; x_wconf 80' lang='lat' dir='ltr'><strong>(Ano.)</strong></span> <span class='ocrx_word' id='word_1_262' title='bbox 653 2054 765 2110; x_wconf 88' lang='lat' dir='ltr'><strong>Scilicet</strong></span> <span class='ocrx_word' id='word_1_263' title='bbox 779 2055 944 2126; x_wconf 84' lang='lat' dir='ltr'><strong>draconem,</strong></span> <span class='ocrx_word' id='word_1_264' title='bbox 999 2058 1117 2129; x_wconf 88' lang='lat' dir='ltr'><strong>reliquis</strong></span> <span class='ocrx_word' id='word_1_265' title='bbox 1146 2056 1294 2130; x_wconf 86' lang='lat' dir='ltr'><strong>prophetis</strong></span> <span class='ocrx_word' id='word_1_266' title='bbox 1308 2058 1338 2110; x_wconf 89' lang='lat' dir='ltr'><strong>in</strong></span> <span class='ocrx_word' id='word_1_267' title='bbox 1363 2058 1545 2123; x_wconf 85' lang='lat' dir='ltr'><strong>uisione,non</strong></span> <span class='ocrx_word' id='word_1_268' title='bbox 1573 2055 1651 2109; x_wconf 90' lang='lat' dir='ltr'><strong>enim</strong></span> <span class='ocrx_word' id='word_1_269' title='bbox 1680 2052 1849 2124; x_wconf 80' lang='lat' dir='ltr'><strong>ignoranter</strong></span> 
     </span>
     <span class='ocr_line' id='line_1_22' title="bbox 96 2137 1848 2219; baseline -0.003 -20"><span class='ocrx_word' id='word_1_270' title='bbox 96 2146 148 2219; x_wconf 90' lang='lat' dir='ltr'><strong>qui</strong></span> <span class='ocrx_word' id='word_1_271' title='bbox 164 2146 193 2200; x_wconf 91' lang='lat' dir='ltr'><strong>iu</strong></span> <span class='ocrx_word' id='word_1_272' title='bbox 211 2145 283 2199; x_wconf 88' lang='lat' dir='ltr'><strong>mari</strong></span> <span class='ocrx_word' id='word_1_273' title='bbox 298 2144 388 2199; x_wconf 84' lang='lat' dir='ltr'><strong>iactus</strong></span> <span class='ocrx_word' id='word_1_274' title='bbox 402 2149 445 2198; x_wconf 87' lang='lat' dir='ltr'><strong>est</strong></span> <span class='ocrx_word' id='word_1_275' title='bbox 464 2144 498 2198; x_wconf 88' lang='lat' dir='ltr'><strong>ad</strong></span> <span class='ocrx_word' id='word_1_276' title='bbox 514 2143 694 2198; x_wconf 88' lang='lat' dir='ltr'><strong>illudendum</strong></span> <span class='ocrx_word' id='word_1_277' title='bbox 709 2141 747 2210; x_wconf 85' lang='lat' dir='ltr'><strong>ei,</strong></span> <span class='ocrx_word' id='word_1_278' title='bbox 763 2143 814 2216; x_wconf 89' lang='lat' dir='ltr'><strong>qui</strong></span> <span class='ocrx_word' id='word_1_279' title='bbox 829 2161 881 2215; x_wconf 93' lang='lat' dir='ltr'><strong>per</strong></span> <span class='ocrx_word' id='word_1_280' title='bbox 895 2145 948 2200; x_wconf 90' lang='lat' dir='ltr'><strong>bu·</strong></span> <span class='ocrx_word' id='word_1_281' title='bbox 998 2147 1086 2202; x_wconf 85' lang='lat' dir='ltr'><strong>locuti</strong></span> <span class='ocrx_word' id='word_1_282' title='bbox 1105 2150 1182 2213; x_wconf 79' lang='lat' dir='ltr'><strong>sunt,</strong></span> <span class='ocrx_word' id='word_1_283' title='bbox 1198 2145 1272 2200; x_wconf 88' lang='lat' dir='ltr'><strong>sicut</strong></span> <span class='ocrx_word' id='word_1_284' title='bbox 1284 2145 1434 2201; x_wconf 84' lang='lat' dir='ltr'><strong>llontanus</strong></span> <span class='ocrx_word' id='word_1_285' title='bbox 1449 2149 1478 2199; x_wconf 89' lang='lat' dir='ltr'><strong>et</strong></span> <span class='ocrx_word' id='word_1_286' title='bbox 1503 2143 1621 2215; x_wconf 87' lang='lat' dir='ltr'><strong>quidam</strong></span> <span class='ocrx_word' id='word_1_287' title='bbox 1643 2141 1692 2197; x_wconf 90' lang='lat' dir='ltr'><strong>alii</strong></span> <span class='ocrx_word' id='word_1_288' title='bbox 1720 2137 1848 2196; x_wconf 84' lang='lat' dir='ltr'><strong>haeretici</strong></span> 
     </span>
     <span class='ocr_line' id='line_1_23' title="bbox 97 2231 1146 2305; baseline 0.001 -16"><span class='ocrx_word' id='word_1_289' title='bbox 97 2235 197 2289; x_wconf 88' lang='lat' dir='ltr'><strong>milem</strong></span> <span class='ocrx_word' id='word_1_290' title='bbox 227 2233 382 2301; x_wconf 83' lang='lat' dir='ltr'><strong>Christum,</strong></span> <span class='ocrx_word' id='word_1_291' title='bbox 405 2232 505 2305; x_wconf 87' lang='lat' dir='ltr'><strong>inquo</strong></span> <span class='ocrx_word' id='word_1_292' title='bbox 533 2231 582 2286; x_wconf 90' lang='lat' dir='ltr'><strong>alii</strong></span> <span class='ocrx_word' id='word_1_293' title='bbox 609 2237 677 2286; x_wconf 89' lang='lat' dir='ltr'><strong>sunt</strong></span> <span class='ocrx_word' id='word_1_294' title='bbox 690 2233 826 2301; x_wconf 86' lang='lat' dir='ltr'><strong>humiles,</strong></span> <span class='ocrx_word' id='word_1_295' title='bbox 849 2233 947 2288; x_wconf 88' lang='lat' dir='ltr'><strong>homi·</strong></span> <span class='ocrx_word' id='word_1_296' title='bbox 1000 2234 1146 2290; x_wconf 85' lang='lat' dir='ltr'><strong>dixerunt.</strong></span> 
     </span>
     <span class='ocr_line' id='line_1_24' title="bbox 95 2319 1850 2388; baseline -0.006 -8"><span class='ocrx_word' id='word_1_297' title='bbox 95 2323 221 2388; x_wconf 66' lang='lat' dir='ltr'><strong>lieston</strong></span> <span class='ocrx_word' id='word_1_298' title='bbox 251 2322 412 2378; x_wconf 87' lang='lat' dir='ltr'><strong>humiliarit</strong></span> <span class='ocrx_word' id='word_1_299' title='bbox 433 2337 462 2377; x_wconf 88' lang='lat' dir='ltr'><strong>se</strong></span> <span class='ocrx_word' id='word_1_300' title='bbox 478 2319 615 2384; x_wconf 74' lang='lat' dir='ltr'><strong>Christus,</strong></span> <span class='ocrx_word' id='word_1_301' title='bbox 641 2324 673 2374; x_wconf 88' lang='lat' dir='ltr'><strong>ut</strong></span> <span class='ocrx_word' id='word_1_302' title='bbox 697 2320 863 2376; x_wconf 85' lang='lat' dir='ltr'><strong>humiliaret</strong></span> <span class='ocrx_word' id='word_1_303' title='bbox 895 2339 946 2377; x_wconf 88' lang='lat' dir='ltr'><strong>sn·</strong></span> <span class='ocrx_word' id='word_1_304' title='bbox 1037 2325 1123 2379; x_wconf 84' lang='lat' dir='ltr'><strong>Vens.</strong></span> <span class='ocrx_word' id='word_1_305' title='bbox 1155 2326 1204 2379; x_wconf 78' lang='lat' dir='ltr'><strong>m.</strong></span> <span class='ocrx_word' id='word_1_306' title='bbox 1235 2351 1267 2362; x_wconf 98' lang='lat'>-</span> <span class='ocrx_word' id='word_1_307' title='bbox 1296 2320 1387 2376; x_wconf 82' lang='lat' dir='ltr'><strong>Dauid</strong></span> <span class='ocrx_word' id='word_1_308' title='bbox 1411 2334 1518 2376; x_wconf 83' lang='lat' dir='ltr'><strong>seruum</strong></span> <span class='ocrx_word' id='word_1_309' title='bbox 1551 2334 1638 2374; x_wconf 84' lang='lat' dir='ltr'><strong>mcum</strong></span> <span class='ocrx_word' id='word_1_310' title='bbox 1668 2319 1723 2373; x_wconf 89' lang='lat' dir='ltr'><strong>oleo</strong></span> <span class='ocrx_word' id='word_1_311' title='bbox 1757 2319 1850 2371; x_wconf 77' lang='lat' dir='ltr'><strong>coneto</strong></span> 
     </span>
     <span class='ocr_line' id='line_1_25' title="bbox 97 2402 1848 2484; baseline -0.006 -17"><span class='ocrx_word' id='word_1_312' title='bbox 97 2411 390 2484; x_wconf 88' lang='lat' dir='ltr'><strong>perbum.Snperbns</strong></span> <span class='ocrx_word' id='word_1_313' title='bbox 402 2408 478 2464; x_wconf 87' lang='lat' dir='ltr'><strong>enim</strong></span> <span class='ocrx_word' id='word_1_314' title='bbox 500 2408 638 2479; x_wconf 91' lang='lat' dir='ltr'><strong>superbos</strong></span> <span class='ocrx_word' id='word_1_315' title='bbox 651 2409 788 2465; x_wconf 87' lang='lat' dir='ltr'><strong>tenebat:</strong></span> <span class='ocrx_word' id='word_1_316' title='bbox 816 2411 947 2465; x_wconf 80' lang='lat' dir='ltr'><strong>vuluera—</strong></span> <span class='ocrx_word' id='word_1_317' title='bbox 999 2428 1057 2468; x_wconf 78' lang='lat' dir='ltr'><strong>uteo</strong></span> <span class='ocrx_word' id='word_1_318' title='bbox 1088 2413 1159 2466; x_wconf 80' lang='lat' dir='ltr'><strong>nnoi</strong></span> <span class='ocrx_word' id='word_1_319' title='bbox 1185 2426 1254 2464; x_wconf 85' lang='lat' dir='ltr'><strong>enm.</strong></span> <span class='ocrx_word' id='word_1_320' title='bbox 1281 2408 1369 2478; x_wconf 77' lang='lat' dir='ltr'><strong>(buo.)</strong></span> <span class='ocrx_word' id='word_1_321' title='bbox 1393 2409 1477 2464; x_wconf 88' lang='lat' dir='ltr'><strong>llaou</strong></span> <span class='ocrx_word' id='word_1_322' title='bbox 1501 2407 1614 2474; x_wconf 87' lang='lat' dir='ltr'><strong>lortcm,</strong></span> <span class='ocrx_word' id='word_1_323' title='bbox 1638 2418 1752 2461; x_wconf 80' lang='lat' dir='ltr'><strong>serrum</strong></span> <span class='ocrx_word' id='word_1_324' title='bbox 1772 2402 1848 2457; x_wconf 83' lang='lat' dir='ltr'><strong>obe-</strong></span> 
     </span>
     <span class='ocr_line' id='line_1_26' title="bbox 97 2496 1612 2570; baseline -0.004 -14"><span class='ocrx_word' id='word_1_325' title='bbox 97 2507 146 2557; x_wconf 86' lang='lat' dir='ltr'><strong>tnr</strong></span> <span class='ocrx_word' id='word_1_326' title='bbox 171 2499 302 2556; x_wconf 85' lang='lat' dir='ltr'><strong>diabolus</strong></span> <span class='ocrx_word' id='word_1_327' title='bbox 332 2498 482 2553; x_wconf 81' lang='lat' dir='ltr'><strong>vulnerato</strong></span> <span class='ocrx_word' id='word_1_328' title='bbox 516 2496 639 2563; x_wconf 86' lang='lat' dir='ltr'><strong>Christo,</strong></span> <span class='ocrx_word' id='word_1_329' title='bbox 667 2497 798 2553; x_wconf 89' lang='lat' dir='ltr'><strong>nondum</strong></span> <span class='ocrx_word' id='word_1_330' title='bbox 826 2514 859 2554; x_wconf 79' lang='lat' dir='ltr'><strong>ex</strong></span> <span class='ocrx_word' id='word_1_331' title='bbox 887 2503 948 2554; x_wconf 90' lang='lat' dir='ltr'><strong>toto</strong></span> <span class='ocrx_word' id='word_1_332' title='bbox 1001 2501 1138 2569; x_wconf 88' lang='lat' dir='ltr'><strong>dientem,</strong></span> <span class='ocrx_word' id='word_1_333' title='bbox 1156 2500 1221 2556; x_wconf 91' lang='lat' dir='ltr'><strong>ideo</strong></span> <span class='ocrx_word' id='word_1_334' title='bbox 1237 2498 1265 2553; x_wconf 90' lang='lat' dir='ltr'><strong>in</strong></span> <span class='ocrx_word' id='word_1_335' title='bbox 1281 2514 1315 2554; x_wconf 90' lang='lat' dir='ltr'><strong>eo</strong></span> <span class='ocrx_word' id='word_1_336' title='bbox 1330 2497 1411 2570; x_wconf 90' lang='lat' dir='ltr'><strong>posui</strong></span> <span class='ocrx_word' id='word_1_337' title='bbox 1427 2496 1612 2570; x_wconf 88' lang='lat' dir='ltr'><strong>adjutorium.</strong></span> 
     </span>
     <span class='ocr_line' id='line_1_27' title="bbox 96 2583 1848 2658; baseline -0.001 -12"><span class='ocrx_word' id='word_1_338' title='bbox 96 2594 229 2646; x_wconf 87' lang='lat' dir='ltr'><strong>mortuus</strong></span> <span class='ocrx_word' id='word_1_339' title='bbox 244 2593 296 2645; x_wconf 91' lang='lat' dir='ltr'><strong>est.</strong></span> <span class='ocrx_word' id='word_1_340' title='bbox 312 2589 449 2644; x_wconf 87' lang='lat' dir='ltr'><strong>inimicos.</strong></span> <span class='ocrx_word' id='word_1_341' title='bbox 474 2586 572 2641; x_wconf 74' lang='lat' dir='ltr'><strong>terias</strong></span> <span class='ocrx_word' id='word_1_342' title='bbox 588 2589 741 2656; x_wconf 85' lang='lat' dir='ltr'><strong>potestates</strong></span> <span class='ocrx_word' id='word_1_343' title='bbox 767 2588 812 2643; x_wconf 84' lang='lat' dir='ltr'><strong>rel</strong></span> <span class='ocrx_word' id='word_1_344' title='bbox 835 2587 948 2644; x_wconf 82' lang='lat' dir='ltr'><strong>Judaeos</strong></span> <span class='ocrx_word' id='word_1_345' title='bbox 1037 2592 1119 2645; x_wconf 81' lang='lat' dir='ltr'><strong>Vens.</strong></span> <span class='ocrx_word' id='word_1_346' title='bbox 1136 2591 1181 2644; x_wconf 74' lang='lat'><strong>23.</strong></span> <span class='ocrx_word' id='word_1_347' title='bbox 1197 2619 1233 2629; x_wconf 90' lang='lat'>-</span> <span class='ocrx_word' id='word_1_348' title='bbox 1245 2589 1373 2644; x_wconf 83' lang='lat' dir='ltr'><strong>Inimicus</strong></span> <span class='ocrx_word' id='word_1_349' title='bbox 1388 2591 1418 2643; x_wconf 89' lang='lat' dir='ltr'><strong>in</strong></span> <span class='ocrx_word' id='word_1_350' title='bbox 1433 2583 1470 2642; x_wconf 79' lang='lat' dir='ltr'><strong>eo.</strong></span> <span class='ocrx_word' id='word_1_351' title='bbox 1484 2587 1550 2658; x_wconf 87' lang='lat' dir='ltr'><strong>(ln.)</strong></span> <span class='ocrx_word' id='word_1_352' title='bbox 1574 2585 1719 2654; x_wconf 86' lang='lat' dir='ltr'><strong>Diabolus,</strong></span> <span class='ocrx_word' id='word_1_353' title='bbox 1748 2589 1824 2644; x_wconf 86' lang='lat' dir='ltr'><strong>unde</strong></span> <span class='ocrx_word' id='word_1_354' title='bbox 1840 2605 1848 2644; x_wconf 77' lang='grc' dir='ltr'><strong><em>ε</em></strong></span> 
     </span>
     <span class='ocr_line' id='line_1_28' title="bbox 96 2674 1849 2750; baseline 0 -19"><span class='ocrx_word' id='word_1_355' title='bbox 96 2694 147 2750; x_wconf 89' lang='lat' dir='ltr'><strong>par</strong></span> <span class='ocrx_word' id='word_1_356' title='bbox 177 2676 317 2731; x_wconf 88' lang='lat' dir='ltr'><strong>mundum</strong></span> <span class='ocrx_word' id='word_1_357' title='bbox 343 2675 494 2746; x_wconf 89' lang='lat' dir='ltr'><strong>dispersos,</strong></span> <span class='ocrx_word' id='word_1_358' title='bbox 512 2675 555 2729; x_wconf 86' lang='lat' dir='ltr'><strong>vel</strong></span> <span class='ocrx_word' id='word_1_359' title='bbox 585 2674 799 2731; x_wconf 87' lang='lat' dir='ltr'><strong>dehomiuibus</strong></span> <span class='ocrx_word' id='word_1_360' title='bbox 819 2674 889 2731; x_wconf 90' lang='lat' dir='ltr'><strong>alios</strong></span> <span class='ocrx_word' id='word_1_361' title='bbox 903 2691 950 2730; x_wconf 88' lang='lat' dir='ltr'><strong>as-</strong></span> <span class='ocrx_word' id='word_1_362' title='bbox 1006 2680 1085 2734; x_wconf 86' lang='lat' dir='ltr'><strong>Vem&#39;t</strong></span> <span class='ocrx_word' id='word_1_363' title='bbox 1105 2679 1234 2748; x_wconf 85' lang='lat' dir='ltr'><strong>princeps</strong></span> <span class='ocrx_word' id='word_1_364' title='bbox 1248 2674 1345 2731; x_wconf 83' lang='lat' dir='ltr'><strong>mnndi</strong></span> <span class='ocrx_word' id='word_1_365' title='bbox 1358 2675 1450 2745; x_wconf 79' lang='lat' dir='ltr'><strong>injus,</strong></span> <span class='ocrx_word' id='word_1_366' title='bbox 1462 2679 1488 2730; x_wconf 88' lang='lat' dir='ltr'><strong>et</strong></span> <span class='ocrx_word' id='word_1_367' title='bbox 1502 2676 1533 2728; x_wconf 89' lang='lat' dir='ltr'><strong>in</strong></span> <span class='ocrx_word' id='word_1_368' title='bbox 1548 2690 1589 2729; x_wconf 91' lang='lat' dir='ltr'><strong>me</strong></span> <span class='ocrx_word' id='word_1_369' title='bbox 1610 2675 1753 2731; x_wconf 85' lang='lat' dir='ltr'><strong>nonbobet</strong></span> <span class='ocrx_word' id='word_1_370' title='bbox 1767 2676 1849 2746; x_wconf 82' lang='lat' dir='ltr'><strong>qnid·</strong></span> 
     </span>
     <span class='ocr_line' id='line_1_29' title="bbox 96 2762 1271 2837; baseline -0.003 -17"><span class='ocrx_word' id='word_1_371' title='bbox 96 2765 220 2837; x_wconf 88' lang='lat' dir='ltr'><strong>sumpsit</strong></span> <span class='ocrx_word' id='word_1_372' title='bbox 233 2765 283 2836; x_wconf 85' lang='lat' dir='ltr'><strong>qui</strong></span> <span class='ocrx_word' id='word_1_373' title='bbox 299 2768 365 2818; x_wconf 90' lang='lat' dir='ltr'><strong>sunt</strong></span> <span class='ocrx_word' id='word_1_374' title='bbox 378 2764 471 2835; x_wconf 92' lang='lat' dir='ltr'><strong>spolia</strong></span> <span class='ocrx_word' id='word_1_375' title='bbox 485 2762 602 2831; x_wconf 85' lang='lat' dir='ltr'><strong>diaboli,</strong></span> <span class='ocrx_word' id='word_1_376' title='bbox 618 2763 689 2819; x_wconf 87' lang='lat' dir='ltr'><strong>alios</strong></span> <span class='ocrx_word' id='word_1_377' title='bbox 716 2762 857 2834; x_wconf 88' lang='lat' dir='ltr'><strong>reliquisti</strong></span> <span class='ocrx_word' id='word_1_378' title='bbox 875 2778 948 2834; x_wconf 83' lang='lat' dir='ltr'><strong>qnos</strong></span> <span class='ocrx_word' id='word_1_379' title='bbox 1001 2782 1083 2836; x_wconf 84' lang='lat' dir='ltr'><strong>quom</strong></span> <span class='ocrx_word' id='word_1_380' title='bbox 1099 2765 1191 2835; x_wconf 71' lang='lat' dir='ltr'><strong>(loon.</strong></span> <span class='ocrx_word' id='word_1_381' title='bbox 1204 2763 1271 2836; x_wconf 82' lang='lat' dir='ltr'><strong>xiv).</strong></span> 
     </span>
     <span class='ocr_line' id='line_1_30' title="bbox 96 2850 1850 2926; baseline -0.001 -18"><span class='ocrx_word' id='word_1_382' title='bbox 96 2858 248 2926; x_wconf 82' lang='lat' dir='ltr'><strong>postcom</strong></span> <span class='ocrx_word' id='word_1_383' title='bbox 262 2852 341 2908; x_wconf 84' lang='lat' dir='ltr'><strong>abire</strong></span> <span class='ocrx_word' id='word_1_384' title='bbox 358 2850 522 2924; x_wconf 89' lang='lat' dir='ltr'><strong>permisisti.</strong></span> <span class='ocrx_word' id='word_1_385' title='bbox 1036 2855 1127 2910; x_wconf 77' lang='lat' dir='ltr'><strong>Filius</strong></span> <span class='ocrx_word' id='word_1_386' title='bbox 1148 2854 1307 2922; x_wconf 76' lang='lat' dir='ltr'><strong>iniqnitatis</strong></span> <span class='ocrx_word' id='word_1_387' title='bbox 1335 2866 1388 2906; x_wconf 91' lang='lat' dir='ltr'><strong>non</strong></span> <span class='ocrx_word' id='word_1_388' title='bbox 1415 2853 1532 2921; x_wconf 85' lang='lat' dir='ltr'><strong>opponet</strong></span> <span class='ocrx_word' id='word_1_389' title='bbox 1547 2865 1648 2906; x_wconf 86' lang='lat' dir='ltr'><strong>nocere.</strong></span> <span class='ocrx_word' id='word_1_390' title='bbox 1675 2850 1764 2908; x_wconf 85' lang='lat' dir='ltr'><strong>ludas</strong></span> <span class='ocrx_word' id='word_1_391' title='bbox 1792 2867 1850 2906; x_wconf 91' lang='lat' dir='ltr'><strong>non</strong></span> 
     </span>
    </p>

    <p class='ocr_par' dir='ltr' id='par_1_7' title="bbox 132 2938 1623 3016">
     <span class='ocr_line' id='line_1_31' title="bbox 132 2938 1623 3016; baseline 0 -22"><span class='ocrx_word' id='word_1_392' title='bbox 132 2944 217 2998; x_wconf 80' lang='lat' dir='ltr'><strong>vens.</strong></span> <span class='ocrx_word' id='word_1_393' title='bbox 251 2943 293 2997; x_wconf 75' lang='lat' dir='ltr'><strong>ti.</strong></span> <span class='ocrx_word' id='word_1_394' title='bbox 323 2972 356 2981; x_wconf 93' lang='lat'>-</span> <span class='ocrx_word' id='word_1_395' title='bbox 385 2940 438 2995; x_wconf 85' lang='lat' dir='ltr'><strong>Tui</strong></span> <span class='ocrx_word' id='word_1_396' title='bbox 462 2944 526 2996; x_wconf 84' lang='lat' dir='ltr'><strong>runt</strong></span> <span class='ocrx_word' id='word_1_397' title='bbox 551 2942 611 2996; x_wconf 82' lang='lat' dir='ltr'><strong>coli</strong></span> <span class='ocrx_word' id='word_1_398' title='bbox 635 2946 661 2997; x_wconf 87' lang='lat' dir='ltr'><strong>et</strong></span> <span class='ocrx_word' id='word_1_399' title='bbox 684 2945 733 2997; x_wconf 87' lang='lat' dir='ltr'><strong>tno</strong></span> <span class='ocrx_word' id='word_1_400' title='bbox 755 2944 794 2996; x_wconf 86' lang='lat' dir='ltr'><strong>est</strong></span> <span class='ocrx_word' id='word_1_401' title='bbox 815 2944 889 2996; x_wconf 85' lang='lat' dir='ltr'><strong>terro</strong></span> <span class='ocrx_word' id='word_1_402' title='bbox 903 2956 947 2996; x_wconf 86' lang='lat' dir='ltr'><strong>or·</strong></span> <span class='ocrx_word' id='word_1_403' title='bbox 963 2952 985 3009; x_wconf 81' lang='lat' dir='ltr'><strong>c</strong></span> <span class='ocrx_word' id='word_1_404' title='bbox 1004 2948 1141 3016; x_wconf 76' lang='lat' dir='ltr'><strong>apponet,</strong></span> <span class='ocrx_word' id='word_1_405' title='bbox 1156 2957 1215 2997; x_wconf 90' lang='lat' dir='ltr'><strong>non</strong></span> <span class='ocrx_word' id='word_1_406' title='bbox 1229 2941 1314 2996; x_wconf 89' lang='lat' dir='ltr'><strong>addet</strong></span> <span class='ocrx_word' id='word_1_407' title='bbox 1328 2939 1459 2995; x_wconf 83' lang='lat' dir='ltr'><strong>effoetum</strong></span> <span class='ocrx_word' id='word_1_408' title='bbox 1473 2938 1623 2995; x_wconf 81' lang='lat' dir='ltr'><strong>voluntati.</strong></span> 
     </span>
    </p>

    <p class='ocr_par' dir='ltr' id='par_1_8' title="bbox 54 3027 1852 3278">
     <span class='ocr_line' id='line_1_32' title="bbox 54 3027 1852 3102; baseline -0.001 -16"><span class='ocrx_word' id='word_1_409' title='bbox 54 3042 62 3053; x_wconf 89' lang='lat'><strong>·</strong></span> <span class='ocrx_word' id='word_1_410' title='bbox 96 3033 167 3098; x_wconf 85' lang='lat' dir='ltr'><strong>bem,</strong></span> <span class='ocrx_word' id='word_1_411' title='bbox 189 3028 443 3101; x_wconf 83' lang='lat' dir='ltr'><strong>eto.(lo.)ldeoin</strong></span> <span class='ocrx_word' id='word_1_412' title='bbox 471 3030 743 3102; x_wconf 84' lang='lat' dir='ltr'><strong>coelotriumphavit</strong></span> <span class='ocrx_word' id='word_1_413' title='bbox 767 3029 802 3085; x_wconf 89' lang='lat' dir='ltr'><strong>de</strong></span> <span class='ocrx_word' id='word_1_414' title='bbox 822 3029 946 3098; x_wconf 91' lang='lat' dir='ltr'><strong>diabolo,</strong></span> <span class='ocrx_word' id='word_1_415' title='bbox 1037 3033 1178 3088; x_wconf 73' lang='lat' dir='ltr'><strong>Veneti.</strong></span> <span class='ocrx_word' id='word_1_416' title='bbox 1202 3030 1277 3085; x_wconf 77' lang='lat' dir='ltr'><strong>-A</strong></span> <span class='ocrx_word' id='word_1_417' title='bbox 1295 3031 1366 3097; x_wconf 70' lang='lat' dir='ltr'><strong>soem</strong></span> <span class='ocrx_word' id='word_1_418' title='bbox 1388 3030 1477 3099; x_wconf 83' lang='lat' dir='ltr'><strong>ipsius</strong></span> <span class='ocrx_word' id='word_1_419' title='bbox 1503 3027 1750 3099; x_wconf 74' lang='lat' dir='ltr'><strong>inimicoslbuo.)</strong></span> <span class='ocrx_word' id='word_1_420' title='bbox 1780 3029 1852 3084; x_wconf 87' lang='lat' dir='ltr'><strong>Cum</strong></span> 
     </span>
     <span class='ocr_line' id='line_1_33' title="bbox 95 3115 1850 3191; baseline -0.001 -18"><span class='ocrx_word' id='word_1_421' title='bbox 95 3119 238 3190; x_wconf 84' lang='lat' dir='ltr'><strong>quiaejus</strong></span> <span class='ocrx_word' id='word_1_422' title='bbox 253 3121 296 3171; x_wconf 86' lang='lat' dir='ltr'><strong>est</strong></span> <span class='ocrx_word' id='word_1_423' title='bbox 309 3116 429 3184; x_wconf 81' lang='lat' dir='ltr'><strong>coelum3</strong></span> <span class='ocrx_word' id='word_1_424' title='bbox 448 3116 477 3170; x_wconf 90' lang='lat' dir='ltr'><strong>iu</strong></span> <span class='ocrx_word' id='word_1_425' title='bbox 495 3121 571 3172; x_wconf 83' lang='lat' dir='ltr'><strong>terro</strong></span> <span class='ocrx_word' id='word_1_426' title='bbox 585 3117 620 3172; x_wconf 87' lang='lat' dir='ltr'><strong>de</strong></span> <span class='ocrx_word' id='word_1_427' title='bbox 631 3118 739 3186; x_wconf 79' lang='lat' dir='ltr'><strong>iudaea,</strong></span> <span class='ocrx_word' id='word_1_428' title='bbox 755 3118 823 3188; x_wconf 90' lang='lat' dir='ltr'><strong>quia</strong></span> <span class='ocrx_word' id='word_1_429' title='bbox 837 3118 949 3188; x_wconf 86' lang='lat' dir='ltr'><strong>ejuseet</strong></span> <span class='ocrx_word' id='word_1_430' title='bbox 1002 3121 1087 3177; x_wconf 83' lang='lat' dir='ltr'><strong>iacies</strong></span> <span class='ocrx_word' id='word_1_431' title='bbox 1115 3119 1176 3191; x_wconf 86' lang='lat' dir='ltr'><strong>ejus</strong></span> <span class='ocrx_word' id='word_1_432' title='bbox 1201 3121 1363 3190; x_wconf 83' lang='lat' dir='ltr'><strong>peccatores</strong></span> <span class='ocrx_word' id='word_1_433' title='bbox 1391 3116 1518 3186; x_wconf 85' lang='lat' dir='ltr'><strong>respicit,</strong></span> <span class='ocrx_word' id='word_1_434' title='bbox 1540 3132 1557 3171; x_wconf 90' lang='lat' dir='ltr'><strong>a</strong></span> <span class='ocrx_word' id='word_1_435' title='bbox 1578 3115 1748 3170; x_wconf 88' lang='lat' dir='ltr'><strong>criminibus</strong></span> <span class='ocrx_word' id='word_1_436' title='bbox 1766 3131 1850 3187; x_wconf 85' lang='lat' dir='ltr'><strong>sepa·</strong></span> 
     </span>
     <span class='ocr_line' id='line_1_34' title="bbox 96 3203 1779 3278; baseline -0.002 -16"><span class='ocrx_word' id='word_1_437' title='bbox 96 3213 185 3262; x_wconf 86' lang='lat' dir='ltr'><strong>terra.</strong></span> <span class='ocrx_word' id='word_1_438' title='bbox 202 3205 259 3262; x_wconf 90' lang='lat' dir='ltr'><strong>Cur</strong></span> <span class='ocrx_word' id='word_1_439' title='bbox 272 3221 342 3277; x_wconf 78' lang='lat' dir='ltr'><strong>ergo</strong></span> <span class='ocrx_word' id='word_1_440' title='bbox 357 3205 399 3261; x_wconf 92' lang='lat' dir='ltr'><strong>illi</strong></span> <span class='ocrx_word' id='word_1_441' title='bbox 414 3205 445 3260; x_wconf 92' lang='lat' dir='ltr'><strong>in</strong></span> <span class='ocrx_word' id='word_1_442' title='bbox 464 3205 564 3260; x_wconf 89' lang='lat' dir='ltr'><strong>alienis</strong></span> <span class='ocrx_word' id='word_1_443' title='bbox 579 3205 803 3276; x_wconf 76' lang='lat' dir='ltr'><strong>superbierunt?</strong></span> <span class='ocrx_word' id='word_1_444' title='bbox 1003 3213 1113 3275; x_wconf 81' lang='lat' dir='ltr'><strong>rentur,</strong></span> <span class='ocrx_word' id='word_1_445' title='bbox 1127 3206 1232 3278; x_wconf 86' lang='lat' dir='ltr'><strong>quibus</strong></span> <span class='ocrx_word' id='word_1_446' title='bbox 1247 3212 1364 3261; x_wconf 86' lang='lat' dir='ltr'><strong>nonest</strong></span> <span class='ocrx_word' id='word_1_447' title='bbox 1379 3206 1458 3260; x_wconf 87' lang='lat' dir='ltr'><strong>locus</strong></span> <span class='ocrx_word' id='word_1_448' title='bbox 1473 3204 1526 3259; x_wconf 90' lang='lat' dir='ltr'><strong>sub</strong></span> <span class='ocrx_word' id='word_1_449' title='bbox 1539 3203 1693 3274; x_wconf 75' lang='lat' dir='ltr'><strong>praesentia</strong></span> <span class='ocrx_word' id='word_1_450' title='bbox 1708 3205 1779 3274; x_wconf 85' lang='lat' dir='ltr'><strong>ejus.</strong></span> 
     </span>
    </p>

    <p class='ocr_par' dir='ltr' id='par_1_9' title="bbox 97 3292 1854 3546">
     <span class='ocr_line' id='line_1_35' title="bbox 135 3292 1854 3365; baseline -0.002 -14"><span class='ocrx_word' id='word_1_451' title='bbox 135 3297 176 3351; x_wconf 83' lang='lat' dir='ltr'><strong>Tu</strong></span> <span class='ocrx_word' id='word_1_452' title='bbox 189 3294 327 3363; x_wconf 72' lang='lat' dir='ltr'><strong>tiendosti.</strong></span> <span class='ocrx_word' id='word_1_453' title='bbox 341 3293 397 3349; x_wconf 87' lang='lat' dir='ltr'><strong>Cur</strong></span> <span class='ocrx_word' id='word_1_454' title='bbox 409 3308 477 3365; x_wconf 78' lang='lat' dir='ltr'><strong>ergo</strong></span> <span class='ocrx_word' id='word_1_455' title='bbox 493 3293 523 3347; x_wconf 92' lang='lat' dir='ltr'><strong>in</strong></span> <span class='ocrx_word' id='word_1_456' title='bbox 535 3308 601 3348; x_wconf 87' lang='lat' dir='ltr'><strong>eom</strong></span> <span class='ocrx_word' id='word_1_457' title='bbox 615 3309 646 3348; x_wconf 89' lang='lat' dir='ltr'><strong>se</strong></span> <span class='ocrx_word' id='word_1_458' title='bbox 660 3293 785 3365; x_wconf 81' lang='lat' dir='ltr'><strong>erigunt,</strong></span> <span class='ocrx_word' id='word_1_459' title='bbox 812 3293 894 3365; x_wconf 71' lang='lat' dir='ltr'><strong>enjus</strong></span> <span class='ocrx_word' id='word_1_460' title='bbox 906 3297 951 3350; x_wconf 87' lang='lat' dir='ltr'><strong>est</strong></span> <span class='ocrx_word' id='word_1_461' title='bbox 1039 3299 1120 3353; x_wconf 84' lang='lat' dir='ltr'><strong>Vsns.</strong></span> <span class='ocrx_word' id='word_1_462' title='bbox 1136 3300 1181 3351; x_wconf 74' lang='lat'><strong>⁸25.</strong></span> <span class='ocrx_word' id='word_1_463' title='bbox 1195 3325 1230 3337; x_wconf 97' lang='lat'><em>-</em></span> <span class='ocrx_word' id='word_1_464' title='bbox 1241 3295 1282 3350; x_wconf 77' lang='lat' dir='ltr'><strong>Et</strong></span> <span class='ocrx_word' id='word_1_465' title='bbox 1297 3294 1398 3349; x_wconf 82' lang='lat' dir='ltr'><strong>veritos</strong></span> <span class='ocrx_word' id='word_1_466' title='bbox 1412 3308 1472 3348; x_wconf 85' lang='lat' dir='ltr'><strong>meo</strong></span> <span class='ocrx_word' id='word_1_467' title='bbox 1486 3297 1511 3347; x_wconf 89' lang='lat' dir='ltr'><strong>et</strong></span> <span class='ocrx_word' id='word_1_468' title='bbox 1520 3292 1708 3347; x_wconf 84' lang='lat' dir='ltr'><strong>misericordia</strong></span> <span class='ocrx_word' id='word_1_469' title='bbox 1718 3307 1778 3346; x_wconf 86' lang='lat' dir='ltr'><strong>meo</strong></span> <span class='ocrx_word' id='word_1_470' title='bbox 1792 3307 1854 3348; x_wconf 83' lang='lat' dir='ltr'><strong>eum</strong></span> 
     </span>
     <span class='ocr_line' id='line_1_36' title="bbox 97 3379 1851 3459; baseline -0.003 -19"><span class='ocrx_word' id='word_1_471' title='bbox 97 3384 225 3440; x_wconf 85' lang='lat' dir='ltr'><strong>ambitus</strong></span> <span class='ocrx_word' id='word_1_472' title='bbox 248 3382 360 3449; x_wconf 86' lang='lat' dir='ltr'><strong>mundi,</strong></span> <span class='ocrx_word' id='word_1_473' title='bbox 385 3386 415 3437; x_wconf 91' lang='lat' dir='ltr'><strong>et</strong></span> <span class='ocrx_word' id='word_1_474' title='bbox 443 3397 544 3437; x_wconf 86' lang='lat' dir='ltr'><strong>omnes</strong></span> <span class='ocrx_word' id='word_1_475' title='bbox 571 3387 710 3438; x_wconf 74' lang='lat' dir='ltr'><strong>creature</strong></span> <span class='ocrx_word' id='word_1_476' title='bbox 750 3399 816 3455; x_wconf 80' lang='lat' dir='ltr'><strong>qoae</strong></span> <span class='ocrx_word' id='word_1_477' title='bbox 843 3383 873 3439; x_wconf 88' lang='lat' dir='ltr'><strong>in</strong></span> <span class='ocrx_word' id='word_1_478' title='bbox 914 3398 948 3438; x_wconf 90' lang='lat' dir='ltr'><strong>eu</strong></span> <span class='ocrx_word' id='word_1_479' title='bbox 1003 3389 1073 3459; x_wconf 82' lang='lat' dir='ltr'><strong>ipso,</strong></span> <span class='ocrx_word' id='word_1_480' title='bbox 1101 3388 1127 3440; x_wconf 86' lang='lat' dir='ltr'><strong>et</strong></span> <span class='ocrx_word' id='word_1_481' title='bbox 1153 3384 1301 3439; x_wconf 82' lang='lat' dir='ltr'><strong>innomine</strong></span> <span class='ocrx_word' id='word_1_482' title='bbox 1320 3397 1375 3437; x_wconf 88' lang='lat' dir='ltr'><strong>meo</strong></span> <span class='ocrx_word' id='word_1_483' title='bbox 1399 3381 1568 3437; x_wconf 77' lang='lat' dir='ltr'><strong>exaitabitur</strong></span> <span class='ocrx_word' id='word_1_484' title='bbox 1589 3395 1672 3435; x_wconf 83' lang='lat' dir='ltr'><strong>como</strong></span> <span class='ocrx_word' id='word_1_485' title='bbox 1697 3380 1766 3449; x_wconf 71' lang='lat' dir='ltr'><strong>eine.</strong></span> <span class='ocrx_word' id='word_1_486' title='bbox 1788 3379 1851 3452; x_wconf 83' lang='lat' dir='ltr'><strong>(lu.)</strong></span> 
     </span>
     <span class='ocr_line' id='line_1_37' title="bbox 98 3468 1851 3546; baseline -0.004 -16"><span class='ocrx_word' id='word_1_487' title='bbox 98 3475 189 3530; x_wconf 85' lang='lat' dir='ltr'><strong>sunt?</strong></span> <span class='ocrx_word' id='word_1_488' title='bbox 1004 3476 1086 3546; x_wconf 84' lang='lat' dir='ltr'><strong>Saepe</strong></span> <span class='ocrx_word' id='word_1_489' title='bbox 1112 3470 1344 3528; x_wconf 87' lang='lat' dir='ltr'><strong>misericordiaet</strong></span> <span class='ocrx_word' id='word_1_490' title='bbox 1369 3469 1474 3525; x_wconf 84' lang='lat' dir='ltr'><strong>veritas</strong></span> <span class='ocrx_word' id='word_1_491' title='bbox 1495 3468 1734 3524; x_wconf 87' lang='lat' dir='ltr'><strong>commendantur</strong></span> <span class='ocrx_word' id='word_1_492' title='bbox 1757 3468 1851 3537; x_wconf 88' lang='lat' dir='ltr'><strong>nobis,</strong></span> 
     </span>
    </p>

    <p class='ocr_par' dir='ltr' id='par_1_10' title="bbox 134 3557 1651 3635">
     <span class='ocr_line' id='line_1_38' title="bbox 134 3557 1651 3635; baseline 0.001 -24"><span class='ocrx_word' id='word_1_493' title='bbox 134 3561 276 3616; x_wconf 68' lang='lat' dir='ltr'><strong>vassia.</strong></span> <span class='ocrx_word' id='word_1_494' title='bbox 292 3589 327 3600; x_wconf 90' lang='lat'>-</span> <span class='ocrx_word' id='word_1_495' title='bbox 351 3558 524 3629; x_wconf 78' lang='lat' dir='ltr'><strong>Aquilonem.</strong></span> <span class='ocrx_word' id='word_1_496' title='bbox 542 3557 690 3614; x_wconf 84' lang='lat' dir='ltr'><strong>Diabolus.</strong></span> <span class='ocrx_word' id='word_1_497' title='bbox 709 3561 956 3635; x_wconf 49' lang='lat' dir='ltr'><strong>Moretncreosti,</strong></span> <span class='ocrx_word' id='word_1_498' title='bbox 1004 3568 1072 3630; x_wconf 64' lang='lat' dir='ltr'><strong>etc„</strong></span> <span class='ocrx_word' id='word_1_499' title='bbox 1092 3558 1428 3633; x_wconf 79' lang='lat' dir='ltr'><strong>nsqncodubibaecsibi</strong></span> <span class='ocrx_word' id='word_1_500' title='bbox 1444 3563 1610 3614; x_wconf 88' lang='lat' dir='ltr'><strong>occurrunt.</strong></span> <span class='ocrx_word' id='word_1_501' title='bbox 1648 3631 1651 3635; x_wconf 81' lang='lat'><strong>.</strong></span> 
     </span>
    </p>

    <p class='ocr_par' dir='ltr' id='par_1_11' title="bbox 98 3644 1853 3719">
     <span class='ocr_line' id='line_1_39' title="bbox 98 3644 1853 3719; baseline -0.002 -16"><span class='ocrx_word' id='word_1_502' title='bbox 98 3647 256 3703; x_wconf 83' lang='lat' dir='ltr'><strong>Sceeulum.</strong></span> <span class='ocrx_word' id='word_1_503' title='bbox 284 3647 376 3702; x_wconf 87' lang='lat' dir='ltr'><strong>Stulte</strong></span> <span class='ocrx_word' id='word_1_504' title='bbox 402 3661 472 3717; x_wconf 78' lang='lat' dir='ltr'><strong>ergo</strong></span> <span class='ocrx_word' id='word_1_505' title='bbox 494 3645 525 3700; x_wconf 92' lang='lat' dir='ltr'><strong>in</strong></span> <span class='ocrx_word' id='word_1_506' title='bbox 553 3662 620 3701; x_wconf 89' lang='lat' dir='ltr'><strong>eum</strong></span> <span class='ocrx_word' id='word_1_507' title='bbox 648 3661 677 3701; x_wconf 89' lang='lat' dir='ltr'><strong>se</strong></span> <span class='ocrx_word' id='word_1_508' title='bbox 704 3647 866 3717; x_wconf 64' lang='lat' dir='ltr'><strong>erigente</strong></span> <span class='ocrx_word' id='word_1_509' title='bbox 892 3662 950 3719; x_wconf 86' lang='lat' dir='ltr'><strong>qno</strong></span> <span class='ocrx_word' id='word_1_510' title='bbox 1041 3653 1123 3706; x_wconf 79' lang='lat' dir='ltr'><strong>Vsus.</strong></span> <span class='ocrx_word' id='word_1_511' title='bbox 1146 3652 1189 3706; x_wconf 76' lang='grc'><strong>31.</strong></span> <span class='ocrx_word' id='word_1_512' title='bbox 1214 3677 1246 3690; x_wconf 85' lang='grc'>-</span> <span class='ocrx_word' id='word_1_513' title='bbox 1272 3649 1416 3704; x_wconf 82' lang='lat' dir='ltr'><strong>Stantem</strong></span> <span class='ocrx_word' id='word_1_514' title='bbox 1440 3646 1642 3715; x_wconf 64' lang='lat' dir='ltr'><strong>dereliquerint.</strong></span> <span class='ocrx_word' id='word_1_515' title='bbox 1673 3646 1737 3701; x_wconf 88' lang='lat' dir='ltr'><strong>Non</strong></span> <span class='ocrx_word' id='word_1_516' title='bbox 1760 3644 1853 3700; x_wconf 89' lang='lat' dir='ltr'><strong>solum</strong></span> 
     </span>
    </p>

    <p class='ocr_par' dir='ltr' id='par_1_12' title="bbox 98 3733 1852 3810">
     <span class='ocr_line' id='line_1_40' title="bbox 98 3733 1852 3810; baseline -0.003 -18"><span class='ocrx_word' id='word_1_517' title='bbox 98 3739 195 3792; x_wconf 85' lang='lat' dir='ltr'><strong>creata</strong></span> <span class='ocrx_word' id='word_1_518' title='bbox 222 3740 300 3790; x_wconf 89' lang='lat' dir='ltr'><strong>suot.</strong></span> <span class='ocrx_word' id='word_1_519' title='bbox 329 3734 475 3790; x_wconf 83' lang='lat' dir='ltr'><strong>Tbuboret</strong></span> <span class='ocrx_word' id='word_1_520' title='bbox 489 3736 605 3790; x_wconf 85' lang='lat' dir='ltr'><strong>liermon</strong></span> <span class='ocrx_word' id='word_1_521' title='bbox 619 3737 765 3790; x_wconf 82' lang='lat' dir='ltr'><strong>innomine</strong></span> <span class='ocrx_word' id='word_1_522' title='bbox 780 3740 834 3791; x_wconf 84' lang='lat' dir='ltr'><strong>ino.</strong></span> <span class='ocrx_word' id='word_1_523' title='bbox 857 3734 950 3807; x_wconf 76' lang='lat' dir='ltr'><strong>(buo.)</strong></span> <span class='ocrx_word' id='word_1_524' title='bbox 1005 3741 1040 3796; x_wconf 85' lang='lat' dir='ltr'><strong>de</strong></span> <span class='ocrx_word' id='word_1_525' title='bbox 1057 3736 1285 3810; x_wconf 83' lang='lat' dir='ltr'><strong>persistentibus,</strong></span> <span class='ocrx_word' id='word_1_526' title='bbox 1315 3735 1364 3791; x_wconf 89' lang='lat' dir='ltr'><strong>sed</strong></span> <span class='ocrx_word' id='word_1_527' title='bbox 1391 3733 1474 3789; x_wconf 88' lang='lat' dir='ltr'><strong>etde</strong></span> <span class='ocrx_word' id='word_1_528' title='bbox 1498 3733 1665 3789; x_wconf 87' lang='lat' dir='ltr'><strong>cadentibus</strong></span> <span class='ocrx_word' id='word_1_529' title='bbox 1689 3733 1749 3788; x_wconf 81' lang='lat' dir='ltr'><strong>brec</strong></span> <span class='ocrx_word' id='word_1_530' title='bbox 1783 3749 1852 3805; x_wconf 90' lang='lat' dir='ltr'><strong>pro-</strong></span> 
     </span>
    </p>

    <p class='ocr_par' dir='ltr' id='par_1_13' title="bbox 98 3822 1100 3895">
     <span class='ocr_line' id='line_1_41' title="bbox 98 3822 1100 3895; baseline -0.001 -16"><span class='ocrx_word' id='word_1_531' title='bbox 98 3824 207 3880; x_wconf 85' lang='lat' dir='ltr'><strong>llonles</strong></span> <span class='ocrx_word' id='word_1_532' title='bbox 230 3823 330 3895; x_wconf 82' lang='lat' dir='ltr'><strong>Syriae,</strong></span> <span class='ocrx_word' id='word_1_533' title='bbox 342 3829 370 3879; x_wconf 87' lang='lat' dir='ltr'><strong>et</strong></span> <span class='ocrx_word' id='word_1_534' title='bbox 384 3839 436 3894; x_wconf 92' lang='lat' dir='ltr'><strong>per</strong></span> <span class='ocrx_word' id='word_1_535' title='bbox 446 3838 495 3877; x_wconf 92' lang='lat' dir='ltr'><strong>eos</strong></span> <span class='ocrx_word' id='word_1_536' title='bbox 510 3829 611 3895; x_wconf 76' lang='lat' dir='ltr'><strong>gentes</strong></span> <span class='ocrx_word' id='word_1_537' title='bbox 625 3822 806 3894; x_wconf 88' lang='lat' dir='ltr'><strong>accipiuntur</strong></span> <span class='ocrx_word' id='word_1_538' title='bbox 834 3839 850 3879; x_wconf 88' lang='lat' dir='ltr'><strong>a</strong></span> <span class='ocrx_word' id='word_1_539' title='bbox 869 3827 951 3894; x_wconf 89' lang='lat' dir='ltr'><strong>parte</strong></span> <span class='ocrx_word' id='word_1_540' title='bbox 1005 3828 1100 3885; x_wconf 82' lang='lat' dir='ltr'><strong>mitto.</strong></span> 
     </span>
    </p>

    <p class='ocr_par' dir='ltr' id='par_1_14' title="bbox 97 3907 1852 4074">
     <span class='ocr_line' id='line_1_42' title="bbox 97 3907 1852 3984; baseline -0.002 -16"><span class='ocrx_word' id='word_1_541' title='bbox 97 3917 193 3968; x_wconf 90' lang='lat' dir='ltr'><strong>totum</strong></span> <span class='ocrx_word' id='word_1_542' title='bbox 208 3928 259 3984; x_wconf 84' lang='lat' dir='ltr'><strong>per</strong></span> <span class='ocrx_word' id='word_1_543' title='bbox 268 3911 475 3983; x_wconf 82' lang='lat' dir='ltr'><strong>synecdochen.</strong></span> <span class='ocrx_word' id='word_1_544' title='bbox 1042 3917 1123 3971; x_wconf 73' lang='lat' dir='ltr'><strong>Vens.</strong></span> <span class='ocrx_word' id='word_1_545' title='bbox 1139 3916 1186 3970; x_wconf 87' lang='grc'><strong>33.</strong></span> <span class='ocrx_word' id='word_1_546' title='bbox 1213 3913 1295 3968; x_wconf 90' lang='lat' dir='ltr'><strong>-ln</strong></span> <span class='ocrx_word' id='word_1_547' title='bbox 1307 3914 1396 3979; x_wconf 80' lang='lat' dir='ltr'><strong>oirpo.</strong></span> <span class='ocrx_word' id='word_1_548' title='bbox 1418 3908 1486 3974; x_wconf 86' lang='lat' dir='ltr'><strong>Quis</strong></span> <span class='ocrx_word' id='word_1_549' title='bbox 1505 3908 1581 3963; x_wconf 87' lang='lat' dir='ltr'><strong>enim</strong></span> <span class='ocrx_word' id='word_1_550' title='bbox 1608 3911 1650 3963; x_wconf 86' lang='lat' dir='ltr'><strong>est</strong></span> <span class='ocrx_word' id='word_1_551' title='bbox 1663 3907 1761 3964; x_wconf 81' lang='lat' dir='ltr'><strong>iilius?</strong></span> <span class='ocrx_word' id='word_1_552' title='bbox 1786 3912 1852 3976; x_wconf 66' lang='lat' dir='ltr'><strong>etc,</strong></span> 
     </span>
     <span class='ocr_line' id='line_1_43' title="bbox 135 3998 1499 4074; baseline -0.005 -17"><span class='ocrx_word' id='word_1_553' title='bbox 135 4002 332 4057; x_wconf 81' lang='lat' dir='ltr'><strong>iiosultobont.</strong></span> <span class='ocrx_word' id='word_1_554' title='bbox 350 4000 461 4056; x_wconf 88' lang='lat' dir='ltr'><strong>Christo</strong></span> <span class='ocrx_word' id='word_1_555' title='bbox 482 4000 615 4056; x_wconf 82' lang='lat' dir='ltr'><strong>veniente</strong></span> <span class='ocrx_word' id='word_1_556' title='bbox 643 3999 806 4071; x_wconf 75' lang='lat' dir='ltr'><strong>allegorice.</strong></span> <span class='ocrx_word' id='word_1_557' title='bbox 832 4000 951 4069; x_wconf 75' lang='lat' dir='ltr'><strong>rnatu,</strong></span> <span class='ocrx_word' id='word_1_558' title='bbox 1005 4018 1091 4074; x_wconf 81' lang='lat' dir='ltr'><strong>usqne</strong></span> <span class='ocrx_word' id='word_1_559' title='bbox 1104 4001 1142 4057; x_wconf 88' lang='lat' dir='ltr'><strong>ud</strong></span> <span class='ocrx_word' id='word_1_560' title='bbox 1152 4017 1160 4055; x_wconf 73' lang='grc' dir='ltr'><strong><em>ε</em></strong></span> <span class='ocrx_word' id='word_1_561' title='bbox 1171 4003 1207 4056; x_wconf 85' lang='lat' dir='ltr'><strong>lit</strong></span> <span class='ocrx_word' id='word_1_562' title='bbox 1220 4003 1251 4055; x_wconf 90' lang='lat' dir='ltr'><strong>in</strong></span> <span class='ocrx_word' id='word_1_563' title='bbox 1264 3998 1428 4062; x_wconf 71' lang='lat' dir='ltr'><strong>verimbrea,</strong></span> <span class='ocrx_word' id='word_1_564' title='bbox 1445 4002 1499 4051; x_wconf 91' lang='lat' dir='ltr'><strong>etc.</strong></span> 
     </span>
    </p>

    <p class='ocr_par' dir='ltr' id='par_1_15' title="bbox 99 4082 1854 4160">
     <span class='ocr_line' id='line_1_44' title="bbox 99 4082 1854 4160; baseline -0.004 -15"><span class='ocrx_word' id='word_1_565' title='bbox 99 4089 204 4156; x_wconf 72' lang='lat' dir='ltr'><strong>ludaei,</strong></span> <span class='ocrx_word' id='word_1_566' title='bbox 220 4090 256 4145; x_wconf 92' lang='lat' dir='ltr'><strong>ad</strong></span> <span class='ocrx_word' id='word_1_567' title='bbox 271 4106 344 4160; x_wconf 90' lang='lat' dir='ltr'><strong>quos</strong></span> <span class='ocrx_word' id='word_1_568' title='bbox 363 4088 491 4160; x_wconf 88' lang='lat' dir='ltr'><strong>primum</strong></span> <span class='ocrx_word' id='word_1_569' title='bbox 507 4089 605 4144; x_wconf 89' lang='lat' dir='ltr'><strong>lumen</strong></span> <span class='ocrx_word' id='word_1_570' title='bbox 621 4088 709 4143; x_wconf 83' lang='lat' dir='ltr'><strong>venit.</strong></span> <span class='ocrx_word' id='word_1_571' title='bbox 737 4091 861 4156; x_wconf 82' lang='lat' dir='ltr'><strong>liermm,</strong></span> <span class='ocrx_word' id='word_1_572' title='bbox 878 4089 952 4144; x_wconf 89' lang='lat' dir='ltr'><strong>Gen·</strong></span> <span class='ocrx_word' id='word_1_573' title='bbox 1041 4094 1100 4148; x_wconf 86' lang='lat' dir='ltr'><strong>Non</strong></span> <span class='ocrx_word' id='word_1_574' title='bbox 1114 4090 1280 4159; x_wconf 71' lang='lat' dir='ltr'><strong>dispeream.</strong></span> <span class='ocrx_word' id='word_1_575' title='bbox 1296 4086 1393 4157; x_wconf 75' lang='lat' dir='ltr'><strong>(buo.)</strong></span> <span class='ocrx_word' id='word_1_576' title='bbox 1421 4086 1484 4156; x_wconf 90' lang='lat' dir='ltr'><strong>lpse</strong></span> <span class='ocrx_word' id='word_1_577' title='bbox 1507 4099 1567 4139; x_wconf 89' lang='lat' dir='ltr'><strong>non</strong></span> <span class='ocrx_word' id='word_1_578' title='bbox 1594 4083 1671 4140; x_wconf 91' lang='lat' dir='ltr'><strong>toltit</strong></span> <span class='ocrx_word' id='word_1_579' title='bbox 1692 4082 1854 4139; x_wconf 86' lang='lat' dir='ltr'><strong>misericor·</strong></span> 
     </span>
    </p>

    <p class='ocr_par' dir='ltr' id='par_1_16' title="bbox 100 4169 1855 4250">
     <span class='ocr_line' id='line_1_45' title="bbox 100 4169 1855 4250; baseline -0.006 -17"><span class='ocrx_word' id='word_1_580' title='bbox 100 4183 154 4247; x_wconf 89' lang='lat' dir='ltr'><strong>tes,</strong></span> <span class='ocrx_word' id='word_1_581' title='bbox 172 4193 238 4250; x_wconf 74' lang='lat' dir='ltr'><strong>qne</strong></span> <span class='ocrx_word' id='word_1_582' title='bbox 262 4177 342 4248; x_wconf 91' lang='lat' dir='ltr'><strong>prius</strong></span> <span class='ocrx_word' id='word_1_583' title='bbox 367 4177 484 4232; x_wconf 83' lang='lat' dir='ltr'><strong>fuerunt</strong></span> <span class='ocrx_word' id='word_1_584' title='bbox 510 4175 768 4231; x_wconf 77' lang='lat' dir='ltr'><strong>anathematizatas.</strong></span> <span class='ocrx_word' id='word_1_585' title='bbox 796 4178 828 4232; x_wconf 88' lang='lat' dir='ltr'><strong>in</strong></span> <span class='ocrx_word' id='word_1_586' title='bbox 846 4178 953 4232; x_wconf 86' lang='lat' dir='ltr'><strong>nomine</strong></span> <span class='ocrx_word' id='word_1_587' title='bbox 1006 4179 1084 4235; x_wconf 86' lang='lat' dir='ltr'><strong>diam</strong></span> <span class='ocrx_word' id='word_1_588' title='bbox 1103 4177 1140 4246; x_wconf 90' lang='lat' dir='ltr'><strong>ei,</strong></span> <span class='ocrx_word' id='word_1_589' title='bbox 1158 4176 1210 4248; x_wconf 85' lang='lat' dir='ltr'><strong>qui</strong></span> <span class='ocrx_word' id='word_1_590' title='bbox 1224 4172 1402 4231; x_wconf 89' lang='lat' dir='ltr'><strong>Christianus</strong></span> <span class='ocrx_word' id='word_1_591' title='bbox 1416 4171 1534 4243; x_wconf 88' lang='lat' dir='ltr'><strong>quidem</strong></span> <span class='ocrx_word' id='word_1_592' title='bbox 1550 4176 1611 4227; x_wconf 87' lang='lat' dir='ltr'><strong>est:</strong></span> <span class='ocrx_word' id='word_1_593' title='bbox 1627 4171 1706 4242; x_wconf 91' lang='lat' dir='ltr'><strong>qood</strong></span> <span class='ocrx_word' id='word_1_594' title='bbox 1720 4169 1745 4225; x_wconf 89' lang='lat' dir='ltr'><strong>si</strong></span> <span class='ocrx_word' id='word_1_595' title='bbox 1766 4170 1855 4224; x_wconf 89' lang='lat' dir='ltr'><strong>bomo</strong></span> 
     </span>
    </p>

    <p class='ocr_par' dir='ltr' id='par_1_17' title="bbox 101 4233 1855 4339">
     <span class='ocr_line' id='line_1_46' title="bbox 101 4233 1855 4339; baseline -0.006 -16"><span class='ocrx_word' id='word_1_596' title='bbox 101 4272 147 4323; x_wconf 86' lang='lat' dir='ltr'><strong>ino</strong></span> <span class='ocrx_word' id='word_1_597' title='bbox 162 4266 349 4332; x_wconf 69' lang='lat' dir='ltr'><strong>exsultabunt,</strong></span> <span class='ocrx_word' id='word_1_598' title='bbox 364 4263 525 4336; x_wconf 86' lang='lat' dir='ltr'><strong>conjunctis</strong></span> <span class='ocrx_word' id='word_1_599' title='bbox 535 4264 565 4320; x_wconf 93' lang='lat' dir='ltr'><strong>in</strong></span> <span class='ocrx_word' id='word_1_600' title='bbox 580 4263 713 4335; x_wconf 72' lang='lat' dir='ltr'><strong>angulari</strong></span> <span class='ocrx_word' id='word_1_601' title='bbox 728 4264 824 4336; x_wconf 89' lang='lat' dir='ltr'><strong>lapide</strong></span> <span class='ocrx_word' id='word_1_602' title='bbox 839 4233 987 4321; x_wconf 81' lang='lat' dir='ltr'><strong>duobos⁰</strong></span> <span class='ocrx_word' id='word_1_603' title='bbox 1008 4269 1048 4324; x_wconf 90' lang='lat' dir='ltr'><strong>lta</strong></span> <span class='ocrx_word' id='word_1_604' title='bbox 1062 4267 1181 4339; x_wconf 90' lang='lat' dir='ltr'><strong>iniquus</strong></span> <span class='ocrx_word' id='word_1_605' title='bbox 1205 4268 1258 4332; x_wconf 89' lang='lat' dir='ltr'><strong>est,</strong></span> <span class='ocrx_word' id='word_1_606' title='bbox 1274 4267 1307 4318; x_wconf 89' lang='lat' dir='ltr'><strong>ut</strong></span> <span class='ocrx_word' id='word_1_607' title='bbox 1320 4261 1421 4334; x_wconf 73' lang='lat' dir='ltr'><strong>¹fugiat</strong></span> <span class='ocrx_word' id='word_1_608' title='bbox 1437 4262 1587 4317; x_wconf 84' lang='lat' dir='ltr'><strong>accedente</strong></span> <span class='ocrx_word' id='word_1_609' title='bbox 1613 4265 1707 4333; x_wconf 88' lang='lat' dir='ltr'><strong>patre,</strong></span> <span class='ocrx_word' id='word_1_610' title='bbox 1736 4259 1798 4331; x_wconf 89' lang='lat' dir='ltr'><strong>ipse</strong></span> <span class='ocrx_word' id='word_1_611' title='bbox 1825 4273 1855 4313; x_wconf 89' lang='lat' dir='ltr'><strong>ae</strong></span> 
     </span>
    </p>

    <p class='ocr_par' dir='ltr' id='par_1_18' title="bbox 102 4351 1488 4428">
     <span class='ocr_line' id='line_1_47' title="bbox 102 4351 1488 4428; baseline -0.006 -15"><span class='ocrx_word' id='word_1_612' title='bbox 102 4354 271 4428; x_wconf 74' lang='lat' dir='ltr'><strong>parietibus·</strong></span> <span class='ocrx_word' id='word_1_613' title='bbox 1006 4357 1124 4423; x_wconf 87' lang='lat' dir='ltr'><strong>alienat,</strong></span> <span class='ocrx_word' id='word_1_614' title='bbox 1135 4370 1194 4411; x_wconf 89' lang='lat' dir='ltr'><strong>uon</strong></span> <span class='ocrx_word' id='word_1_615' title='bbox 1208 4357 1290 4425; x_wconf 92' lang='lat' dir='ltr'><strong>pater</strong></span> <span class='ocrx_word' id='word_1_616' title='bbox 1304 4351 1401 4423; x_wconf 82' lang='lat' dir='ltr'><strong>abjicit</strong></span> <span class='ocrx_word' id='word_1_617' title='bbox 1410 4366 1488 4406; x_wconf 89' lang='lat' dir='ltr'><strong>eum.</strong></span> 
     </span>
    </p>

    <p class='ocr_par' dir='ltr' id='par_1_19' title="bbox 100 4437 1855 4866">
     <span class='ocr_line' id='line_1_48' title="bbox 137 4437 1852 4515; baseline -0.005 -16"><span class='ocrx_word' id='word_1_618' title='bbox 137 4443 235 4515; x_wconf 77' lang='lat' dir='ltr'><strong>(Auo.)</strong></span> <span class='ocrx_word' id='word_1_619' title='bbox 254 4441 371 4503; x_wconf 77' lang='lat' dir='ltr'><strong>Tbobor.</strong></span> <span class='ocrx_word' id='word_1_620' title='bbox 388 4441 511 4497; x_wconf 87' lang='lat' dir='ltr'><strong>Veniens</strong></span> <span class='ocrx_word' id='word_1_621' title='bbox 539 4442 638 4497; x_wconf 91' lang='lat' dir='ltr'><strong>lumen</strong></span> <span class='ocrx_word' id='word_1_622' title='bbox 666 4458 683 4497; x_wconf 98' lang='lat' dir='ltr'><strong>a</strong></span> <span class='ocrx_word' id='word_1_623' title='bbox 705 4458 819 4497; x_wconf 89' lang='lat' dir='ltr'><strong>summo</strong></span> <span class='ocrx_word' id='word_1_624' title='bbox 844 4441 954 4498; x_wconf 86' lang='lat' dir='ltr'><strong>scilicet</strong></span> <span class='ocrx_word' id='word_1_625' title='bbox 1042 4446 1127 4500; x_wconf 83' lang='lat' dir='ltr'><strong>Vens.</strong></span> <span class='ocrx_word' id='word_1_626' title='bbox 1143 4445 1186 4499; x_wconf 86' lang='grc'><strong>35.</strong></span> <span class='ocrx_word' id='word_1_627' title='bbox 1201 4472 1236 4484; x_wconf 92' lang='grc'><strong>-</strong></span> <span class='ocrx_word' id='word_1_628' title='bbox 1249 4443 1342 4510; x_wconf 80' lang='lat' dir='ltr'><strong>Neque</strong></span> <span class='ocrx_word' id='word_1_629' title='bbox 1362 4438 1526 4510; x_wconf 70' lang='lat' dir='ltr'><strong>profanabo.</strong></span> <span class='ocrx_word' id='word_1_630' title='bbox 1541 4437 1663 4494; x_wconf 85' lang='lat' dir='ltr'><strong>Proiana</strong></span> <span class='ocrx_word' id='word_1_631' title='bbox 1689 4440 1763 4493; x_wconf 89' lang='lat' dir='ltr'><strong>esset</strong></span> <span class='ocrx_word' id='word_1_632' title='bbox 1788 4451 1852 4508; x_wconf 92' lang='lat' dir='ltr'><strong>pro·</strong></span> 
     </span>
     <span class='ocr_line' id='line_1_49' title="bbox 100 4525 1855 4604; baseline -0.006 -14"><span class='ocrx_word' id='word_1_633' title='bbox 100 4533 225 4598; x_wconf 88' lang='lat' dir='ltr'><strong>lumine,</strong></span> <span class='ocrx_word' id='word_1_634' title='bbox 241 4547 299 4604; x_wconf 87' lang='lat' dir='ltr'><strong>quo</strong></span> <span class='ocrx_word' id='word_1_635' title='bbox 311 4529 444 4586; x_wconf 84' lang='lat' dir='ltr'><strong>veniente</strong></span> <span class='ocrx_word' id='word_1_636' title='bbox 456 4529 490 4586; x_wconf 86' lang='lat' dir='ltr'><strong>fit</strong></span> <span class='ocrx_word' id='word_1_637' title='bbox 511 4531 666 4585; x_wconf 86' lang='lat' dir='ltr'><strong>anathema</strong></span> <span class='ocrx_word' id='word_1_638' title='bbox 687 4529 759 4601; x_wconf 81' lang='lat' dir='ltr'><strong>ejus,</strong></span> <span class='ocrx_word' id='word_1_639' title='bbox 782 4529 811 4585; x_wconf 91' lang='lat' dir='ltr'><strong>id</strong></span> <span class='ocrx_word' id='word_1_640' title='bbox 828 4534 872 4586; x_wconf 89' lang='lat' dir='ltr'><strong>est</strong></span> <span class='ocrx_word' id='word_1_641' title='bbox 889 4530 954 4586; x_wconf 89' lang='lat' dir='ltr'><strong>dia·</strong></span> <span class='ocrx_word' id='word_1_642' title='bbox 1007 4533 1116 4599; x_wconf 88' lang='lat' dir='ltr'><strong>missio,</strong></span> <span class='ocrx_word' id='word_1_643' title='bbox 1145 4531 1169 4587; x_wconf 88' lang='lat' dir='ltr'><strong>si</strong></span> <span class='ocrx_word' id='word_1_644' title='bbox 1184 4534 1258 4586; x_wconf 87' lang='lat' dir='ltr'><strong>esset</strong></span> <span class='ocrx_word' id='word_1_645' title='bbox 1279 4529 1431 4601; x_wconf 82' lang='lat' dir='ltr'><strong>inexpleta.</strong></span> <span class='ocrx_word' id='word_1_646' title='bbox 1459 4526 1594 4599; x_wconf 87' lang='lat' dir='ltr'><strong>Nonqoid</strong></span> <span class='ocrx_word' id='word_1_647' title='bbox 1622 4531 1742 4599; x_wconf 90' lang='lat' dir='ltr'><strong>propter</strong></span> <span class='ocrx_word' id='word_1_648' title='bbox 1764 4525 1855 4581; x_wconf 85' lang='lat' dir='ltr'><strong>malos</strong></span> 
     </span>
     <span class='ocr_line' id='line_1_50' title="bbox 100 4613 1854 4694; baseline -0.007 -15"><span class='ocrx_word' id='word_1_649' title='bbox 100 4622 171 4687; x_wconf 85' lang='lat' dir='ltr'><strong>boli,</strong></span> <span class='ocrx_word' id='word_1_650' title='bbox 188 4619 239 4691; x_wconf 90' lang='lat' dir='ltr'><strong>qui</strong></span> <span class='ocrx_word' id='word_1_651' title='bbox 251 4636 304 4674; x_wconf 87' lang='lat' dir='ltr'><strong>nos</strong></span> <span class='ocrx_word' id='word_1_652' title='bbox 323 4619 440 4674; x_wconf 81' lang='lat' dir='ltr'><strong>tenebat</strong></span> <span class='ocrx_word' id='word_1_653' title='bbox 450 4619 481 4674; x_wconf 89' lang='lat' dir='ltr'><strong>iu</strong></span> <span class='ocrx_word' id='word_1_654' title='bbox 507 4634 603 4674; x_wconf 88' lang='lat' dir='ltr'><strong>errore</strong></span> <span class='ocrx_word' id='word_1_655' title='bbox 618 4634 680 4674; x_wconf 90' lang='lat' dir='ltr'><strong>suo.</strong></span> <span class='ocrx_word' id='word_1_656' title='bbox 695 4617 777 4684; x_wconf 78' lang='lat' dir='ltr'><strong>Quod</strong></span> <span class='ocrx_word' id='word_1_657' title='bbox 790 4623 855 4674; x_wconf 90' lang='lat' dir='ltr'><strong>est:</strong></span> <span class='ocrx_word' id='word_1_658' title='bbox 885 4634 904 4674; x_wconf 91' lang='lat' dir='ltr'><strong>a</strong></span> <span class='ocrx_word' id='word_1_659' title='bbox 925 4622 954 4674; x_wconf 86' lang='lat' dir='ltr'><strong>te</strong></span> <span class='ocrx_word' id='word_1_660' title='bbox 1006 4621 1099 4694; x_wconf 89' lang='lat' dir='ltr'><strong>pisces</strong></span> <span class='ocrx_word' id='word_1_661' title='bbox 1114 4619 1186 4675; x_wconf 91' lang='lat' dir='ltr'><strong>nibil</strong></span> <span class='ocrx_word' id='word_1_662' title='bbox 1199 4635 1235 4674; x_wconf 87' lang='lat' dir='ltr'><strong>ux</strong></span> <span class='ocrx_word' id='word_1_663' title='bbox 1262 4617 1311 4673; x_wconf 89' lang='lat' dir='ltr'><strong>ilta</strong></span> <span class='ocrx_word' id='word_1_664' title='bbox 1325 4632 1430 4688; x_wconf 82' lang='lat' dir='ltr'><strong>sagena</strong></span> <span class='ocrx_word' id='word_1_665' title='bbox 1449 4615 1576 4671; x_wconf 87' lang='lat' dir='ltr'><strong>mittitur</strong></span> <span class='ocrx_word' id='word_1_666' title='bbox 1597 4613 1628 4670; x_wconf 91' lang='lat' dir='ltr'><strong>in</strong></span> <span class='ocrx_word' id='word_1_667' title='bbox 1642 4614 1778 4669; x_wconf 81' lang='lat' dir='ltr'><strong>vascula?</strong></span> <span class='ocrx_word' id='word_1_668' title='bbox 1791 4613 1854 4670; x_wconf 84' lang='lat' dir='ltr'><strong>blit-</strong></span> 
     </span>
     <span class='ocr_line' id='line_1_51' title="bbox 103 4702 1853 4782; baseline -0.006 -15"><span class='ocrx_word' id='word_1_669' title='bbox 103 4711 205 4767; x_wconf 87' lang='lat' dir='ltr'><strong>datum</strong></span> <span class='ocrx_word' id='word_1_670' title='bbox 225 4712 267 4763; x_wconf 88' lang='lat' dir='ltr'><strong>est</strong></span> <span class='ocrx_word' id='word_1_671' title='bbox 283 4712 313 4764; x_wconf 91' lang='lat' dir='ltr'><strong>ot</strong></span> <span class='ocrx_word' id='word_1_672' title='bbox 331 4707 541 4775; x_wconf 89' lang='lat' dir='ltr'><strong>illuminemur,</strong></span> <span class='ocrx_word' id='word_1_673' title='bbox 556 4711 587 4762; x_wconf 92' lang='lat' dir='ltr'><strong>ut</strong></span> <span class='ocrx_word' id='word_1_674' title='bbox 603 4707 755 4763; x_wconf 89' lang='lat' dir='ltr'><strong>anathema</strong></span> <span class='ocrx_word' id='word_1_675' title='bbox 767 4706 870 4762; x_wconf 89' lang='lat' dir='ltr'><strong>demus</strong></span> <span class='ocrx_word' id='word_1_676' title='bbox 892 4706 954 4763; x_wconf 92' lang='lat' dir='ltr'><strong>dia·</strong></span> <span class='ocrx_word' id='word_1_677' title='bbox 1006 4714 1105 4767; x_wconf 83' lang='lat' dir='ltr'><strong>teritur</strong></span> <span class='ocrx_word' id='word_1_678' title='bbox 1113 4709 1213 4782; x_wconf 91' lang='lat' dir='ltr'><strong>utique</strong></span> <span class='ocrx_word' id='word_1_679' title='bbox 1225 4708 1293 4763; x_wconf 90' lang='lat' dir='ltr'><strong>bom</strong></span> <span class='ocrx_word' id='word_1_680' title='bbox 1310 4707 1411 4778; x_wconf 86' lang='lat' dir='ltr'><strong>pisces,</strong></span> <span class='ocrx_word' id='word_1_681' title='bbox 1426 4705 1521 4773; x_wconf 86' lang='lat' dir='ltr'><strong>idest,</strong></span> <span class='ocrx_word' id='word_1_682' title='bbox 1538 4721 1610 4778; x_wconf 90' lang='lat' dir='ltr'><strong>quos</strong></span> <span class='ocrx_word' id='word_1_683' title='bbox 1630 4702 1853 4776; x_wconf 75' lang='lat' dir='ltr'><strong>predestinavit.</strong></span> 
     </span>
     <span class='ocr_line' id='line_1_52' title="bbox 103 4792 1855 4866; baseline -0.004 -12"><span class='ocrx_word' id='word_1_684' title='bbox 103 4798 182 4854; x_wconf 92' lang='lat' dir='ltr'><strong>bolo.</strong></span> <span class='ocrx_word' id='word_1_685' title='bbox 1043 4801 1125 4855; x_wconf 84' lang='lat' dir='ltr'><strong>Vens.</strong></span> <span class='ocrx_word' id='word_1_686' title='bbox 1141 4799 1184 4855; x_wconf 86' lang='grc'><strong>36.</strong></span> <span class='ocrx_word' id='word_1_687' title='bbox 1197 4828 1232 4838; x_wconf 97' lang='grc'>-</span> <span class='ocrx_word' id='word_1_688' title='bbox 1250 4797 1335 4866; x_wconf 74' lang='lat' dir='ltr'><strong>Semel</strong></span> <span class='ocrx_word' id='word_1_689' title='bbox 1352 4796 1458 4865; x_wconf 72' lang='lat' dir='ltr'><strong>iuraui.</strong></span> <span class='ocrx_word' id='word_1_690' title='bbox 1482 4793 1579 4865; x_wconf 80' lang='lat' dir='ltr'><strong>(Cass.)</strong></span> <span class='ocrx_word' id='word_1_691' title='bbox 1609 4794 1699 4849; x_wconf 88' lang='lat' dir='ltr'><strong>liomu</strong></span> <span class='ocrx_word' id='word_1_692' title='bbox 1719 4792 1855 4864; x_wconf 84' lang='lat' dir='ltr'><strong>frequen·</strong></span> 
     </span>
    </p>

    <p class='ocr_par' dir='ltr' id='par_1_20' title="bbox 139 4882 1545 4957">
     <span class='ocr_line' id='line_1_53' title="bbox 139 4882 1545 4957; baseline -0.001 -17"><span class='ocrx_word' id='word_1_693' title='bbox 139 4887 222 4941; x_wconf 81' lang='lat' dir='ltr'><strong>Vens.</strong></span> <span class='ocrx_word' id='word_1_694' title='bbox 254 4888 297 4941; x_wconf 81' lang='lat' dir='ltr'><strong>tii.</strong></span> <span class='ocrx_word' id='word_1_695' title='bbox 323 4915 359 4926; x_wconf 91' lang='lat'>—</span> <span class='ocrx_word' id='word_1_696' title='bbox 379 4886 546 4955; x_wconf 76' lang='lat' dir='ltr'><strong>Praeporotio</strong></span> <span class='ocrx_word' id='word_1_697' title='bbox 560 4884 629 4940; x_wconf 81' lang='lat' dir='ltr'><strong>sedis</strong></span> <span class='ocrx_word' id='word_1_698' title='bbox 651 4888 713 4941; x_wconf 74' lang='lat' dir='ltr'><strong>tuo.</strong></span> <span class='ocrx_word' id='word_1_699' title='bbox 739 4883 843 4957; x_wconf 78' lang='lat' dir='ltr'><strong>(Cass.)</strong></span> <span class='ocrx_word' id='word_1_700' title='bbox 871 4883 954 4941; x_wconf 81' lang='lat' dir='ltr'><strong>Sedes</strong></span> <span class='ocrx_word' id='word_1_701' title='bbox 1007 4892 1061 4956; x_wconf 89' lang='lat' dir='ltr'><strong>ter,</strong></span> <span class='ocrx_word' id='word_1_702' title='bbox 1078 4889 1152 4944; x_wconf 82' lang='lat' dir='ltr'><strong>Deus</strong></span> <span class='ocrx_word' id='word_1_703' title='bbox 1166 4886 1255 4953; x_wconf 82' lang='lat' dir='ltr'><strong>semel,</strong></span> <span class='ocrx_word' id='word_1_704' title='bbox 1272 4883 1322 4956; x_wconf 89' lang='lat' dir='ltr'><strong>qui</strong></span> <span class='ocrx_word' id='word_1_705' title='bbox 1336 4899 1395 4938; x_wconf 89' lang='lat' dir='ltr'><strong>non</strong></span> <span class='ocrx_word' id='word_1_706' title='bbox 1408 4882 1545 4939; x_wconf 81' lang='lat' dir='ltr'><strong>variatur.</strong></span> 
     </span>
    </p>

    <p class='ocr_par' dir='ltr' id='par_1_21' title="bbox 103 4968 1857 5222">
     <span class='ocr_line' id='line_1_54' title="bbox 104 4968 1853 5045; baseline -0.004 -15"><span class='ocrx_word' id='word_1_707' title='bbox 104 4974 157 5030; x_wconf 89' lang='lat' dir='ltr'><strong>Dei</strong></span> <span class='ocrx_word' id='word_1_708' title='bbox 187 4979 305 5041; x_wconf 82' lang='lat' dir='ltr'><strong>aeterna,</strong></span> <span class='ocrx_word' id='word_1_709' title='bbox 321 4973 415 5039; x_wconf 86' lang='lat' dir='ltr'><strong>sedin</strong></span> <span class='ocrx_word' id='word_1_710' title='bbox 438 4972 547 5045; x_wconf 84' lang='lat' dir='ltr'><strong>judicio</strong></span> <span class='ocrx_word' id='word_1_711' title='bbox 575 4973 724 5045; x_wconf 89' lang='lat' dir='ltr'><strong>apparebit</strong></span> <span class='ocrx_word' id='word_1_712' title='bbox 742 4978 854 5044; x_wconf 80' lang='lat' dir='ltr'><strong>porcio,</strong></span> <span class='ocrx_word' id='word_1_713' title='bbox 887 4990 954 5029; x_wconf 87' lang='lat' dir='ltr'><strong>cum</strong></span> <span class='ocrx_word' id='word_1_714' title='bbox 1042 4979 1075 5033; x_wconf 88' lang='lat' dir='ltr'><strong>in</strong></span> <span class='ocrx_word' id='word_1_715' title='bbox 1089 4981 1192 5033; x_wconf 81' lang='lat' dir='ltr'><strong>coneto.</strong></span> <span class='ocrx_word' id='word_1_716' title='bbox 1212 4976 1245 5030; x_wconf 89' lang='lat' dir='ltr'><strong>lu</strong></span> <span class='ocrx_word' id='word_1_717' title='bbox 1258 4973 1376 5029; x_wconf 88' lang='lat' dir='ltr'><strong>homine</strong></span> <span class='ocrx_word' id='word_1_718' title='bbox 1387 4971 1509 5040; x_wconf 86' lang='lat' dir='ltr'><strong>Christo,</strong></span> <span class='ocrx_word' id='word_1_719' title='bbox 1529 4970 1560 5027; x_wconf 90' lang='lat' dir='ltr'><strong>in</strong></span> <span class='ocrx_word' id='word_1_720' title='bbox 1575 4986 1633 5042; x_wconf 89' lang='lat' dir='ltr'><strong>quo</strong></span> <span class='ocrx_word' id='word_1_721' title='bbox 1651 4968 1853 5042; x_wconf 90' lang='lat' dir='ltr'><strong>complendum</strong></span> 
     </span>
     <span class='ocr_line' id='line_1_55' title="bbox 104 5058 1857 5138; baseline -0.003 -20"><span class='ocrx_word' id='word_1_722' title='bbox 104 5063 167 5136; x_wconf 88' lang='lat' dir='ltr'><strong>ipso</strong></span> <span class='ocrx_word' id='word_1_723' title='bbox 190 5061 334 5118; x_wconf 88' lang='lat' dir='ltr'><strong>ridebitur</strong></span> <span class='ocrx_word' id='word_1_724' title='bbox 358 5062 434 5134; x_wconf 87' lang='lat' dir='ltr'><strong>juste</strong></span> <span class='ocrx_word' id='word_1_725' title='bbox 462 5062 601 5133; x_wconf 78' lang='lat' dir='ltr'><strong>judicare.</strong></span> <span class='ocrx_word' id='word_1_726' title='bbox 631 5061 680 5117; x_wconf 84' lang='lat' dir='ltr'><strong>Vel</strong></span> <span class='ocrx_word' id='word_1_727' title='bbox 707 5063 794 5118; x_wconf 89' lang='lat' dir='ltr'><strong>modo</strong></span> <span class='ocrx_word' id='word_1_728' title='bbox 824 5061 954 5117; x_wconf 87' lang='lat' dir='ltr'><strong>homines</strong></span> <span class='ocrx_word' id='word_1_729' title='bbox 1007 5070 1071 5122; x_wconf 87' lang='lat' dir='ltr'><strong>erat</strong></span> <span class='ocrx_word' id='word_1_730' title='bbox 1093 5065 1171 5138; x_wconf 86' lang='lat' dir='ltr'><strong>qood</strong></span> <span class='ocrx_word' id='word_1_731' title='bbox 1199 5062 1309 5137; x_wconf 86' lang='lat' dir='ltr'><strong>jurari;</strong></span> <span class='ocrx_word' id='word_1_732' title='bbox 1337 5061 1381 5116; x_wconf 87' lang='lat' dir='ltr'><strong>rel</strong></span> <span class='ocrx_word' id='word_1_733' title='bbox 1408 5060 1508 5129; x_wconf 79' lang='lat' dir='ltr'><strong>David,</strong></span> <span class='ocrx_word' id='word_1_734' title='bbox 1526 5059 1555 5115; x_wconf 92' lang='lat' dir='ltr'><strong>id</strong></span> <span class='ocrx_word' id='word_1_735' title='bbox 1583 5063 1628 5116; x_wconf 87' lang='lat' dir='ltr'><strong>est</strong></span> <span class='ocrx_word' id='word_1_736' title='bbox 1652 5058 1774 5115; x_wconf 85' lang='lat' dir='ltr'><strong>Christo.</strong></span> <span class='ocrx_word' id='word_1_737' title='bbox 1803 5073 1857 5129; x_wconf 90' lang='lat' dir='ltr'><strong>per</strong></span> 
     </span>
     <span class='ocr_line' id='line_1_56' title="bbox 103 5147 1494 5222; baseline -0.004 -14"><span class='ocrx_word' id='word_1_738' title='bbox 103 5151 293 5208; x_wconf 89' lang='lat' dir='ltr'><strong>discernendo</strong></span> <span class='ocrx_word' id='word_1_739' title='bbox 309 5155 338 5206; x_wconf 90' lang='lat' dir='ltr'><strong>et</strong></span> <span class='ocrx_word' id='word_1_740' title='bbox 348 5150 425 5222; x_wconf 84' lang='lat' dir='ltr'><strong>justa</strong></span> <span class='ocrx_word' id='word_1_741' title='bbox 437 5150 573 5218; x_wconf 89' lang='lat' dir='ltr'><strong>tenendo,</strong></span> <span class='ocrx_word' id='word_1_742' title='bbox 599 5152 704 5222; x_wconf 89' lang='lat' dir='ltr'><strong>parant</strong></span> <span class='ocrx_word' id='word_1_743' title='bbox 725 5166 755 5206; x_wconf 88' lang='lat' dir='ltr'><strong>se</strong></span> <span class='ocrx_word' id='word_1_744' title='bbox 779 5150 877 5206; x_wconf 87' lang='lat' dir='ltr'><strong>sedem</strong></span> <span class='ocrx_word' id='word_1_745' title='bbox 902 5151 956 5206; x_wconf 87' lang='lat' dir='ltr'><strong>Do·</strong></span> <span class='ocrx_word' id='word_1_746' title='bbox 1008 5153 1198 5209; x_wconf 87' lang='lat' dir='ltr'><strong>sanctitatem.</strong></span> <span class='ocrx_word' id='word_1_747' title='bbox 1210 5152 1314 5217; x_wconf 82' lang='lat' dir='ltr'><strong>Semen,</strong></span> <span class='ocrx_word' id='word_1_748' title='bbox 1329 5147 1494 5205; x_wconf 86' lang='lat' dir='ltr'><strong>Christiani.</strong></span> 
     </span>
    </p>

    <p class='ocr_par' dir='ltr' id='par_1_22' title="bbox 105 5233 1856 5306">
     <span class='ocr_line' id='line_1_57' title="bbox 105 5233 1856 5306; baseline -0.005 -10"><span class='ocrx_word' id='word_1_749' title='bbox 105 5240 198 5297; x_wconf 89' lang='lat' dir='ltr'><strong>mino.</strong></span> <span class='ocrx_word' id='word_1_750' title='bbox 1045 5243 1129 5297; x_wconf 82' lang='lat' dir='ltr'><strong>Vens.</strong></span> <span class='ocrx_word' id='word_1_751' title='bbox 1145 5241 1190 5295; x_wconf 84' lang='grc'><strong>38.</strong></span> <span class='ocrx_word' id='word_1_752' title='bbox 1205 5268 1240 5280; x_wconf 95' lang='grc'><strong>-</strong></span> <span class='ocrx_word' id='word_1_753' title='bbox 1268 5239 1344 5295; x_wconf 84' lang='lat' dir='ltr'><strong>Sient</strong></span> <span class='ocrx_word' id='word_1_754' title='bbox 1357 5237 1398 5291; x_wconf 85' lang='lat' dir='ltr'><strong>sol</strong></span> <span class='ocrx_word' id='word_1_755' title='bbox 1422 5238 1454 5292; x_wconf 89' lang='lat' dir='ltr'><strong>in</strong></span> <span class='ocrx_word' id='word_1_756' title='bbox 1467 5238 1618 5306; x_wconf 83' lang='lat' dir='ltr'><strong>compertu.</strong></span> <span class='ocrx_word' id='word_1_757' title='bbox 1634 5233 1734 5306; x_wconf 76' lang='lat' dir='ltr'><strong>(Auo.)</strong></span> <span class='ocrx_word' id='word_1_758' title='bbox 1749 5233 1856 5289; x_wconf 67' lang='lat' dir='ltr'><strong>Secum</strong></span> 
     </span>
    </p>

    <p class='ocr_par' dir='ltr' id='par_1_23' title="bbox 104 5321 1857 5574">
     <span class='ocr_line' id='line_1_58' title="bbox 141 5321 1857 5400; baseline -0.004 -14"><span class='ocrx_word' id='word_1_759' title='bbox 141 5329 333 5386; x_wconf 73' lang='lat' dir='ltr'><strong>Misericordia</strong></span> <span class='ocrx_word' id='word_1_760' title='bbox 354 5333 381 5386; x_wconf 86' lang='lat' dir='ltr'><strong>et</strong></span> <span class='ocrx_word' id='word_1_761' title='bbox 405 5331 507 5386; x_wconf 83' lang='lat' dir='ltr'><strong>veritos</strong></span> <span class='ocrx_word' id='word_1_762' title='bbox 530 5329 683 5400; x_wconf 74' lang='lat' dir='ltr'><strong>precedent</strong></span> <span class='ocrx_word' id='word_1_763' title='bbox 709 5329 809 5397; x_wconf 73' lang='lat' dir='ltr'><strong>facien</strong></span> <span class='ocrx_word' id='word_1_764' title='bbox 825 5328 956 5384; x_wconf 74' lang='lat' dir='ltr'><strong>mame</strong></span> <span class='ocrx_word' id='word_1_765' title='bbox 1009 5330 1078 5386; x_wconf 87' lang='lat' dir='ltr'><strong>dum</strong></span> <span class='ocrx_word' id='word_1_766' title='bbox 1103 5328 1240 5392; x_wconf 82' lang='lat' dir='ltr'><strong>enimam,</strong></span> <span class='ocrx_word' id='word_1_767' title='bbox 1262 5331 1329 5395; x_wconf 75' lang='lat' dir='ltr'><strong>eto,</strong></span> <span class='ocrx_word' id='word_1_768' title='bbox 1352 5340 1437 5396; x_wconf 76' lang='lat' dir='ltr'><strong>nsque</strong></span> <span class='ocrx_word' id='word_1_769' title='bbox 1450 5324 1488 5380; x_wconf 86' lang='lat' dir='ltr'><strong>od</strong></span> <span class='ocrx_word' id='word_1_770' title='bbox 1515 5324 1546 5379; x_wconf 88' lang='lat' dir='ltr'><strong>in</strong></span> <span class='ocrx_word' id='word_1_771' title='bbox 1560 5323 1643 5392; x_wconf 86' lang='lat' dir='ltr'><strong>coelu,</strong></span> <span class='ocrx_word' id='word_1_772' title='bbox 1654 5323 1683 5379; x_wconf 92' lang='lat' dir='ltr'><strong>id</strong></span> <span class='ocrx_word' id='word_1_773' title='bbox 1708 5326 1752 5379; x_wconf 89' lang='lat' dir='ltr'><strong>est</strong></span> <span class='ocrx_word' id='word_1_774' title='bbox 1775 5321 1857 5380; x_wconf 85' lang='lat' dir='ltr'><strong>Chri·</strong></span> 
     </span>
     <span class='ocr_line' id='line_1_59' title="bbox 105 5416 1374 5495; baseline -0.001 -21"><span class='ocrx_word' id='word_1_775' title='bbox 105 5417 296 5475; x_wconf 88' lang='lat' dir='ltr'><strong>similitudine</strong></span> <span class='ocrx_word' id='word_1_776' title='bbox 306 5417 491 5489; x_wconf 72' lang='lat' dir='ltr'><strong>precursoris</strong></span> <span class='ocrx_word' id='word_1_777' title='bbox 506 5417 661 5474; x_wconf 83' lang='lat' dir='ltr'><strong>Dominum</strong></span> <span class='ocrx_word' id='word_1_778' title='bbox 669 5416 828 5488; x_wconf 84' lang='lat' dir='ltr'><strong>hospitium</strong></span> <span class='ocrx_word' id='word_1_779' title='bbox 841 5432 955 5490; x_wconf 87' lang='lat' dir='ltr'><strong>praepa·</strong></span> <span class='ocrx_word' id='word_1_780' title='bbox 1010 5423 1082 5476; x_wconf 89' lang='lat' dir='ltr'><strong>stus.</strong></span> <span class='ocrx_word' id='word_1_781' title='bbox 1371 5490 1374 5495; x_wconf 23' lang='grc' dir='ltr'>Ι</span> 
     </span>
     <span class='ocr_line' id='line_1_60' title="bbox 104 5499 1857 5574; baseline -0.005 -11"><span class='ocrx_word' id='word_1_782' title='bbox 104 5507 208 5563; x_wconf 85' lang='lat' dir='ltr'><strong>rantis.</strong></span> <span class='ocrx_word' id='word_1_783' title='bbox 1048 5507 1087 5562; x_wconf 82' lang='lat' dir='ltr'><strong>Tu</strong></span> <span class='ocrx_word' id='word_1_784' title='bbox 1128 5519 1191 5561; x_wconf 84' lang='lat' dir='ltr'><strong>uero</strong></span> <span class='ocrx_word' id='word_1_785' title='bbox 1226 5503 1363 5574; x_wconf 69' lang='lat' dir='ltr'><strong>rmulirti.</strong></span> <span class='ocrx_word' id='word_1_786' title='bbox 1402 5501 1504 5574; x_wconf 71' lang='lat' dir='ltr'><strong>(Cim.)</strong></span> <span class='ocrx_word' id='word_1_787' title='bbox 1540 5499 1713 5572; x_wconf 77' lang='lat' dir='ltr'><strong>Diapselma.</strong></span> <span class='ocrx_word' id='word_1_788' title='bbox 1748 5500 1857 5568; x_wconf 85' lang='lat' dir='ltr'><strong>Quarto</strong></span> 
     </span>
    </p>
   </div>
   <div class='ocr_carea' id='block_1_3' title="bbox 0 0 1961 6100">
    <p class='ocr_par' dir='ltr' id='par_1_24' title="bbox 0 0 1961 6100">
     <span class='ocr_line' id='line_1_61' title="bbox 0 0 1961 6100; baseline 0 0"><span class='ocrx_word' id='word_1_789' title='bbox 0 0 1961 6100; x_wconf 95' lang='lat' dir='ltr'><strong> </strong></span> 
     </span>
    </p>
   </div>
  </div>
 </body>
</html>
