3892 6106
94 271 164 325 arco
238 248 248 261 “
554 267 680 325 caussa
698 271 900 328 onninann.
921 301 954 311 -
974 273 1146 330 cinnami
1167 269 1399 329 caurrcoaou.
1778 272 1847 329 vrso

92 394 175 466 quasi
190 393 226 448 de
240 393 357 448 leonum
371 391 513 448 cubilibus
527 399 710 461 coronantur,
726 394 760 449 de
776 395 879 467 quibus
892 395 937 451 leo
952 395 975 450 Α
995 394 1158 450 cedentium
1173 395 1343 450 delictorum
1364 393 1503 465 operitur,
1533 399 1576 449 est
1589 394 1663 450 sicut
1677 395 1753 465 thus,
1778 395 1846 468 quia

92 483 225 552 pellitur.
253 483 308 538 Per
331 486 441 538 Amana
464 482 604 537 babemus
627 482 703 552 illos,
728 484 889 554 quosipse,
916 488 944 539 et
997 483 1025 538 in
1036 484 1170 539 omnibus
1185 483 1319 555 operibus
1347 483 1406 538 suis
1431 487 1505 548 orat,
1523 499 1588 538 cum
1614 483 1844 554 beneoperatur.

92 571 529 643 perquosaliosdiaboluspcr
548 571 744 642 magnistadii
765 572 943 644 vigilantiam
998 573 1227 628 cuminlentione
1256 572 1442 643 perveniendi
1472 571 1507 626 ad
1537 572 1639 640 Deum,
1657 572 1732 627 unda
1756 587 1763 626 ε
1784 572 1847 628 Sine

94 658 201 729 decipit
215 662 244 712 et
261 658 390 713 conterit.
412 659 465 713 Per
478 658 571 726 Sanir,
585 676 634 713 eos
658 660 693 714 ad
710 676 789 732 quos
808 661 943 730 ignomn-
998 662 1198 716 intermissione
1222 665 1300 716 orote
1312 662 1334 729 tl
1359 661 1454 715 Tlrcss.
1472 660 1510 730 v).
1540 658 1633 730 Supra
1655 659 1774 714 nomine
1800 674 1848 714 mr·

95 747 135 802 tia
148 747 213 802 talis
241 747 418 818 deceptionis
445 749 530 802 volat.
561 748 615 802 Per
644 748 779 817 ilermon,
806 750 875 803 tales
894 749 944 821 qui
997 748 1286 819 praetermisimus
1299 747 1390 802 sancti
1406 746 1528 818 Spiritus
1542 746 1714 815 ostenditur,
1740 747 1846 818 quibua

96 835 178 906 quasi
194 835 217 888 si
231 841 334 888 natura
344 833 470 906 prompti
481 840 547 889 sunt
561 837 597 890 ad
612 837 781 907 nequitiam,
793 852 851 892 non
867 837 944 909 quod
999 836 1086 891 corda
1113 837 1244 892 lidelium
1267 839 1448 892 illustrantur
1477 842 1505 889 et
1531 835 1566 890 ad
1582 834 1734 907 spirituale
1754 840 1845 890 certa·

96 924 229 979 diabolus
246 923 385 993 designat.
412 925 464 977 Per
496 924 582 977 cubile
608 925 722 990 leonum,
751 925 816 979 illos
839 926 944 998 quibus
998 939 1066 978 men
1094 930 1315 995 praeparantur:
1344 924 1486 978 vocabulo
1518 925 1745 991 vestimentorum,
1771 923 1846 978 lacta

96 1018 125 1066 et
156 1028 210 1084 per
237 1027 308 1083 quos
334 1011 397 1066 aliis
428 1013 623 1082 persecutoria
647 1013 942 1070 dominatursaeritia.
995 1009 1382 1083 justorumnotantur,quae
1401 1012 1559 1066 iorissunt.
1578 1011 1657 1067 Unde
1685 1011 1847 1082 etpulcbra

95 1103 149 1156 Per
160 1100 264 1171 pardos
280 1100 430 1154 haereticos
458 1116 583 1171 quorum
598 1101 738 1156 distinctis
766 1102 839 1156 dolis
864 1102 942 1157 deci·
1000 1099 1193 1167 distinctione,
1223 1118 1288 1172 quur
1315 1117 1365 1171 per
1388 1100 1519 1156 homines
1548 1099 1622 1154 lium
1648 1115 1746 1170 opera,
1773 1099 1850 1154 thuri

97 1189 148 1259 pil,
176 1189 211 1243 de
227 1203 352 1260 quorum
367 1189 547 1259 singulorum
562 1189 766 1261 principalibus
782 1191 871 1245 Deum
886 1191 945 1245 suis
999 1194 1218 1259 comparantur;
1231 1207 1296 1262 quae
1316 1206 1383 1244 vero
1396 1190 1491 1244 divina
1507 1189 1656 1259 largitione
1667 1188 1741 1244 liunt
1761 1187 1848 1257 dona,

95 1277 222 1332 victoriae
250 1277 361 1332 conlerl
397 1293 542 1333 coronam.
588 1279 628 1332 De
653 1279 786 1334 cubilibus
827 1280 940 1334 bereum.
999 1278 1670 1349 modumcomparationisexcedunt.consulte
1696 1282 1848 1348 postquam

97 1369 203 1432 mones,
233 1372 350 1437 propter
374 1366 549 1438 superbiam,
587 1367 630 1422 vel
658 1367 834 1422 violentiam.
860 1369 947 1424 Perdi
1000 1366 1113 1438 singula
1129 1367 1251 1421 Ecclesia
1265 1368 1394 1423 membra
1424 1367 1562 1421 llominus
1591 1365 1740 1437 sigillatim
1773 1380 1848 1435 prm·

95 1461 214 1526 propter
239 1454 436 1509 crudelitatem
467 1455 509 1510 vel
540 1455 726 1510 variationem
754 1456 945 1528 malignarum
1001 1455 1112 1520 dicavit,
1131 1456 1217 1511 ctiam
1241 1463 1380 1523 annuento
1397 1455 1503 1526 quibus
1525 1459 1586 1509 tota
1608 1459 1684 1508 esset
1709 1453 1846 1519 delibuta,

97 1543 214 1597 articam.
231 1545 362 1608 Montium
387 1543 502 1598 nomine
532 1544 654 1615 superba
678 1545 839 1600 inlidelium
862 1545 946 1600 corda
1001 1544 1182 1615 dignalaude
1200 1543 1691 1614 commendat.Nullasuntquippc
1706 1542 1847 1608 membre,

97 1630 296 1702 designantur.
961 1633 1043 1728 Bvel
1065 1649 1168 1705 magna
1179 1635 1220 1688 vel
1238 1649 1325 1704 parva
1339 1649 1404 1704 quas
1432 1648 1490 1687 nou
1518 1632 1604 1703 hoJus
1627 1629 1770 1685 unctionis
1794 1629 1850 1701 spi-

134 1721 216 1774 Vras.
236 1721 263 1775 9.
288 1749 321 1761 -
346 1720 503 1775 Vulnercsti
523 1737 577 1776 cor.
600 1720 665 1777 ldeo
681 1721 767 1778 debes
780 1723 888 1790 venire,
918 1729 947 1778 et
1001 1721 1111 1776 ritualia
1122 1721 1180 1776 sint
1205 1722 1348 1776 inlusione
1371 1726 1546 1776 consecrata.
1570 1719 1706 1774 Laudavit
1727 1720 1849 1773 etoesti·

97 1808 133 1863 de
148 1808 335 1880 acquisitione
347 1808 471 1863 aliorum
489 1809 629 1876 laborare,
651 1811 815 1883 quiadiligo
830 1817 867 1867 tc.
886 1813 944 1879 Vel,
1000 1815 1099 1877 mente,
1114 1810 1143 1865 id
1158 1815 1200 1864 est
1214 1826 1300 1882 opera
1327 1809 1457 1881 justitiae,
1475 1808 1543 1881 quia
1562 1814 1591 1862 et
1612 1807 1658 1862 bic
1683 1821 1769 1861 omne
1784 1821 1847 1860 cor·

98 1897 163 1952 idco
179 1897 253 1952 dabo
267 1897 317 1951 tibi
328 1913 464 1952 coronam
480 1898 515 1952 de
527 1898 693 1953 bominibus
707 1899 774 1967 illis,
790 1901 857 1973 qnia
871 1917 946 1972 praa·
1000 1899 1273 1970 pusejnsornatur.
1302 1900 1391 1954 Nemo
1416 1897 1524 1969 quippe
1547 1897 1577 1951 in
1598 1911 1631 1950 ea
1659 1895 1744 1950 vitam
1760 1910 1850 1949 mere·

99 1986 205 2056 parasti
221 1986 292 2041 mibi
308 1986 337 2040 in
352 1990 380 2040 te
397 1986 492 2040 locum
507 1985 677 2041 dilectionis.
704 1986 803 2043 Omnis
819 1994 868 2042 tua
883 1988 946 2058 pul·
1000 1991 1057 2053 tur,
1075 1986 1129 2040 nisi
1154 1986 1289 2056 operibus
1309 1986 1395 2058 justis
1404 1986 1533 2053 indutus,
1550 2000 1615 2057 quae
1630 1984 1674 2039 vel
1697 1983 1757 2055 ipse
1772 1982 1849 2049 iecit,

99 2074 234 2129 chritudo
251 2075 323 2129 mihi
340 2077 442 2145 placet,
472 2075 522 2130 sed
538 2076 661 2130 maxime
676 2077 770 2146 placet
786 2076 881 2130 onitas
899 2093 946 2132 ca-
1000 2074 1044 2129 vel
1055 2075 1180 2129 siinfans
1194 2080 1264 2143 erat,
1277 2075 1326 2129 alii
1341 2091 1393 2144 pro
1409 2090 1443 2129 eo
1457 2074 1596 2138 iecerunt,
1609 2078 1639 2129 ct
1652 2072 1683 2128 in
1699 2072 1760 2126 illo.

99 2162 216 2230 tholica,
232 2178 318 2234 quam
341 2167 370 2217 et
383 2164 413 2216 in
430 2162 556 2233 praelatis
570 2168 599 2217 ct
613 2162 642 2217 in
663 2162 783 2218 subditis
798 2164 891 2220 video.
1037 2165 1115 2218 Vens.
1145 2166 1187 2218 li.
1210 2192 1246 2206 -
1272 2165 1382 2219 Hortus.
1408 2162 1621 2218 assimilaverat
1650 2176 1713 2216 eam
1737 2159 1853 2215 mulieri

136 2251 215 2305 Vens.
243 2253 285 2306 10.
311 2281 346 2293 -
376 2252 463 2316 Quom
485 2250 617 2320 pulcbrae,
640 2255 693 2306 etc.
723 2252 815 2324 Supra
844 2268 948 2324 sponsa
1002 2267 1053 2323 pro
1076 2250 1262 2323 paelestinae,
1292 2267 1344 2323 pro
1368 2251 1560 2322 speciositate,
1592 2265 1643 2320 pro
1670 2250 1851 2320 singulorum

100 2338 131 2393 in
147 2339 251 2393 dilecto
276 2338 367 2394 ubera
387 2339 531 2406 laudabat,
556 2339 601 2395 bic
620 2339 740 2394 dilectus
764 2340 853 2395 ubera
870 2356 947 2395 com·
1002 2340 1197 2411 dispositione,
1210 2340 1353 2413 graduum
1368 2355 1420 2411 pro
1435 2338 1562 2393 decentis
1576 2337 1695 2392 unitatis
1709 2336 1851 2407 composi·

101 2427 219 2482 mendat
233 2443 240 2481 τ
255 2427 284 2481 iu
308 2443 365 2500 quo
391 2432 506 2481 notatur
528 2428 622 2482 unitas
639 2427 742 2483 Christi
765 2433 793 2482 et
806 2429 947 2498 Ecclesiae,
1002 2429 1090 2483 tione.
1107 2428 1160 2484 Sed
1176 2429 1244 2501 quia
1257 2444 1359 2500 parum
1372 2428 1482 2482 videtur
1494 2426 1602 2482 amanti
1616 2424 1744 2496 singulas
1756 2429 1852 2494 partes

100 2517 170 2587 quia
184 2520 252 2570 sunl
266 2515 335 2582 duo,
351 2520 384 2570 ut
397 2517 438 2571 ait
456 2516 617 2586 Apostolus,
637 2515 765 2571 incarne
780 2532 860 2572 una:
884 2517 948 2573 ideo
1003 2532 1115 2587 sponsae
1142 2517 1272 2588 singulis·
1291 2517 1376 2572 rebus
1412 2515 1546 2587 pretiosis
1575 2529 1734 2586 coaequare,
1759 2517 1852 2567 totum
1932 2518 1942 2532 ”

99 2604 189 2660 simili
204 2603 288 2659 laude
299 2605 370 2658 alter
383 2603 504 2659 alterum
517 2605 622 2659 laudat.
635 2604 819 2660 Doctrinaest
833 2605 946 2674 Christi,
1002 2605 1111 2675 pariter
1140 2605 1272 2676 plurimis
1296 2609 1326 2660 et
1362 2604 1495 2659 maximis
1516 2603 1664 2675 speciebus
1692 2603 1850 2671 comparat.

100 2693 171 2765 quia
198 2693 262 2748 data
291 2698 333 2747 est
350 2692 489 2759 aeclesia,
516 2693 585 2765 quia
613 2692 764 2748 ministrat.
793 2694 826 2748 Et
844 2693 948 2749 merito
1003 2693 1157 2765 Comparat
1176 2693 1370 2765 igiturborto,
1386 2687 1853 2766 procopiosisoperumfructibus

101 2798 168 2837 amo
197 2788 234 2847 te,
264 2782 395 2837 doctrina
422 2787 481 2847 tua,
519 2798 584 2853 quae
614 2781 776 2837 continetur
806 2783 836 2837 in
863 2799 948 2855 supe·
1004 2782 1035 2836 in
1050 2782 1180 2853 quoderi
1193 2787 1318 2854 quatuor
1329 2780 1537 2850 contingitzin
1552 2779 1653 2852 primis
1666 2778 1730 2833 lons
1746 2775 1853 2847 baptis-

102 2872 229 2925 rioribus
246 2871 391 2939 uberibus,
407 2876 450 2925 est
468 2870 586 2942 pulchra
602 2870 636 2925 ad
661 2870 882 2926 consolationem
908 2871 950 2926 in·
1004 2870 1054 2937 mi,
1066 2869 1127 2925 sine
1138 2887 1195 2941 quo
1207 2869 1568 2940 nullussequiturlructus;
1580 2867 1853 2937 deindeungucnta,

102 2961 253 3014 lirmorum
272 2963 300 3013 et
326 2959 562 3013 sustentationem
594 2959 788 3030 parvulorum.
817 2961 950 3027 llomme,
967 2951 987 3007 C
1006 2957 1034 3013 id
1050 2963 1094 3012 est
1105 2958 1180 3013 dona
1195 2958 1317 3030 Spiritus
1345 2957 1444 3023 sancti,
1462 2957 1512 3029 qni
1527 2961 1594 3010 sunt
1608 2955 1702 3027 prima
1716 2954 1851 3016 fomenta,

103 3047 219 3103 dilectio
235 3048 286 3102 liei
299 3051 328 3102 et
352 3048 496 3118 proximi:
522 3063 575 3118 per
589 3064 660 3118 quas
674 3064 755 3102 mens
771 3053 866 3103 sancta
891 3064 952 3104 sen·
1006 3051 1040 3101 ut
1053 3047 1140 3101 etiam
1155 3047 1272 3101 arbores
1287 3052 1414 3100 crescant
1429 3052 1458 3100 et
1484 3045 1594 3099 fructus
1617 3044 1721 3109 ierant,
1747 3041 1854 3097 scilicet

103 3151 152 3190 sus
167 3151 232 3189 suos
254 3135 356 3202 nutrit,
384 3135 453 3191 dum
483 3136 540 3191 lieo
565 3137 702 3191 charitate
727 3137 950 3208 conglutinatur,
1005 3133 1097 3188 illain
1112 3134 1245 3189 cordibus
1258 3128 1852 3202 rodiumedbucetteuerorumproposita,

103 3228 133 3278 et
147 3223 296 3295 proximis,
320 3224 397 3295 quod
427 3229 528 3294 potest,
557 3224 708 3296 impendit.
724 3225 799 3291 Quas
812 3242 952 3282 mammas
1006 3222 1122 3294 quando
1145 3222 1307 3277 deliberant
1346 3236 1398 3291 per
1434 3219 1573 3292 Spiritum
1608 3223 1750 3287 sanctum,
1785 3215 1864 3288 quia¹

103 3317 245 3384 quantum
264 3326 383 3383 sponsus
399 3311 510 3384 diliget,
534 3313 565 3368 in
589 3313 761 3386 repetitione
785 3315 952 3371 laudisma·
1006 3311 1115 3366 mundo
1149 3310 1357 3366 reurrntiabont
1394 3315 1423 3364 et
1461 3310 1580 3364 adversa
1605 3306 1797 3371 sustinebunt,
1826 3307 1855 3359 ct

103 3398 352 3453 niiestatdicens:
382 3400 621 3455 Pakbriorosnnt
642 3399 735 3467 admo,
752 3404 805 3456 elc.
821 3401 903 3457 Odor.
920 3402 952 3457 ld
1006 3399 1128 3468 similia;
1154 3403 1253 3471 postea
1284 3398 1409 3466 arbores,
1434 3397 1475 3452 illi
1500 3397 1617 3463 eisdem,
1652 3396 1696 3450 vel
1724 3393 1773 3449 alii
1792 3393 1854 3465 jam

104 3493 148 3543 est
174 3486 344 3542 suavissima
367 3487 444 3542 fama
472 3487 540 3543 fidei
569 3488 704 3559 disperare
725 3495 881 3560 pertotum
905 3507 951 3546 or·
1005 3494 1172 3554 crescentes,
1186 3489 1246 3560 jam
1273 3488 1425 3553 llorentes;
1452 3485 1571 3540 tandem
1600 3484 1709 3539 fructus
1736 3479 1853 3547 maturi,

102 3576 181 3646 bem,
198 3577 336 3631 latiorest
348 3592 436 3647 quam
453 3579 494 3630 lex
510 3580 634 3647 patrum,
659 3592 725 3647 quae
736 3577 766 3632 in
779 3578 841 3633 sola
853 3578 952 3633 ludaea
1007 3594 1130 3650 quorum
1153 3592 1273 3649 operum
1296 3575 1470 3647 perfectione
1488 3564 1549 3645 jam
1575 3572 1703 3628 rcllcitur
1716 3570 1854 3626 Christus.

103 3669 350 3735 coangustaretur.
376 3665 464 3734 Super
482 3666 573 3719 omnio
598 3671 732 3721 oromoto.
754 3665 784 3720 ld
799 3670 853 3733 cst,
866 3681 954 3737 super
1006 3667 1060 3724 Sed
1076 3666 1186 3720 hicnon
1201 3664 1324 3731 ordinat,
1340 3663 1498 3717 secuudum
1513 3660 1592 3734 quod
1620 3660 1744 3714 alterum
1758 3656 1857 3729 sequi·

105 3754 205 3808 omnia
218 3753 294 3808 bona
307 3769 481 3825 opera,quae
496 3753 604 3807 iaciunt
615 3754 750 3824 improbi,
763 3769 827 3824 quae
839 3755 892 3809 etsi
903 3755 953 3809 ali·
1006 3761 1130 3827 turpost
1155 3755 1288 3817 alterum,
1318 3751 1368 3806 sed
1393 3767 1408 3804 a
1431 3748 1555 3820 digniori
1579 3748 1692 3819 incipit,
1722 3751 1753 3801 ui
1772 3745 1856 3800 istius

106 3843 223 3916 quando
255 3841 420 3897 bominibus
447 3843 569 3914 placent,
594 3848 691 3898 tamen
722 3844 779 3898 lieo
803 3859 953 3914 uunquam
1008 3857 1120 3913 sponsae
1135 3839 1343 3895 commendatio
1358 3838 1394 3891 sit
1406 3836 1575 3906 captabilior
1592 3835 1634 3889 illi
1661 3833 1710 3889 alii
1732 3847 1854 3905 sponsae,

108 3932 178 4004 quia
203 3948 236 3986 cx
244 3931 382 3986 charitate
406 3946 464 3985 non
482 3931 651 4003 procedunt.
669 3932 727 3994 Vel,
744 3947 831 4003 super
841 3926 954 3985 iustitu-
1008 3930 1053 3985 cui
1068 3929 1151 3983 istam
1162 3925 1287 3981 intendit
1306 3924 1516 3979 commendare.
1543 3924 1620 3978 Duos
1644 3922 1742 3976 hortos
1761 3919 1854 3992 ponit,

109 4020 318 4075 tionechteris
332 4019 516 4097 Testpmenti,
532 4019 826 4092 quaeiueruntllgara
840 4019 953 4075 borum.
1008 4021 1039 4075 in
1058 4033 1116 4089 quo
1145 4020 1234 4070 status
1262 4013 1319 4068 duo
1344 4010 1631 4083 contemplativorum
1655 4015 1684 4064 ct
1698 4008 1854 4064 activorum

145 4111 226 4164 Vane.
243 4113 289 4165 ll.
309 4110 444 4164 —Fuous
463 4108 610 4163 distillans.
633 4108 770 4179 Superius
795 4123 847 4179 per
868 4108 953 4174 lobio,
1009 4105 1170 4175 signantur,
1186 4106 1446 4174 quorumuterque
1466 4100 1631 4165 conclusus;
1647 4097 1716 4170 quia
1739 4096 1773 4152 ab
1801 4096 1856 4152 ad·

108 4200 249 4263 doctores,
266 4197 312 4252 hic
329 4197 604 4268 perlabiaipsavax
627 4197 787 4252 doctorum.
819 4197 897 4252 Unde
926 4202 990 4290 etD
1009 4192 1135 4248 versario
1164 4191 1260 4261 colligi
1285 4206 1341 4244 non
1383 4193 1513 4261 possunt,
1549 4188 1593 4243 vel
1620 4187 1712 4242 fructu
1737 4184 1854 4259 privari.

107 4287 187 4342 melli
210 4301 337 4356 congrue
374 4289 587 4355 comparantur.
619 4287 718 4352 Foous,
737 4285 793 4340 mel
825 4284 855 4341 in
878 4300 952 4339 cera.
1007 4282 1088 4338 llnlti
1112 4282 1186 4336 inter
1215 4279 1314 4335 fideles
1345 4283 1552 4333 conversantur
1579 4276 1609 4330 in
1636 4275 1741 4347 quibus
1765 4272 1855 4329 bostis

107 4375 158 4430 blel
181 4375 210 4429 in
245 4390 309 4428 cera
327 4379 369 4428 est
393 4373 550 4444 spiritualis
577 4374 757 4445 eloquiorum
785 4389 884 4428 sensus
908 4373 953 4428 di·
1009 4371 1095 4427 babet
1118 4371 1225 4432 locum,
1245 4368 1293 4423 scd
1317 4367 1348 4423 bi
1375 4367 1404 4422 in
1428 4367 1511 4421 horto
1536 4364 1682 4420 fructifero
1706 4379 1765 4418 uon
1790 4364 1856 4415 sunt

107 4466 240 4519 vinorum
268 4462 298 4517 in
326 4463 422 4517 littera
457 4462 610 4531 distillans,
639 4463 707 4534 quia
735 4478 808 4533 pene
833 4461 954 4533 singulae
1009 4457 1203 4530 computandi,
1229 4457 1277 4512 scd
1302 4461 1333 4511 ut
1352 4457 1435 4527 pelea
1462 4453 1695 4525 sperandarum
1718 4453 1854 4519 &mutue

105 4553 256 4608 sentcntiae
281 4552 386 4605 multos
414 4550 520 4606 habent
548 4566 657 4605 sensrrs.
694 4552 743 4605 Vel
776 4550 860 4605 aliter
888 4566 895 4605 ι
921 4551 953 4605 ln
1008 4548 1079 4613 Quia
1097 4546 1230 4611 Ecclesia,
1258 4544 1425 4616 quaerentis
1450 4542 1567 4598 nomine
1593 4540 1770 4612 designator,
1801 4536 1857 4609 pri·

106 4643 170 4697 favo
191 4641 247 4696 mel
274 4641 354 4707 latet,
383 4655 447 4694 cera
475 4639 604 4695 videtur:
627 4639 703 4695 labia
725 4639 886 4710 ergoiaeus
905 4654 953 4692 ro·
1009 4653 1088 4691 mum
1103 4652 1192 4707 parva
1211 4634 1361 4703 inJudaee,
1379 4637 1477 4705 postca
1490 4631 1609 4686 dilatata
1635 4626 1855 4700 estperorbem

106 4735 216 4795 cantur,
242 4728 311 4800 quia
351 4729 407 4783 mel
438 4728 466 4782 in
503 4728 596 4783 caruis
622 4728 775 4799 fragilitate
813 4727 955 4799 sapientia
1007 4732 1159 4792 terrarum,
1177 4729 1253 4778 recte
1268 4722 1410 4776 subditur.
1428 4721 1595 4776 Emissiones
1610 4724 1685 4775 tue:
1714 4717 1782 4790 quia
1806 4715 1856 4770 illa

107 4834 211 4890 magua
228 4818 360 4882 babetur,
378 4816 459 4888 quasi
474 4818 529 4872 mel
551 4817 581 4871 in
602 4832 667 4871 cera
695 4815 887 4872 absconditur.
904 4817 956 4873 Mel
1009 4829 1097 4886 parva
1117 4813 1241 4868 Ecclesia
1264 4812 1299 4867 de
1324 4810 1429 4866 Judoeis
1457 4809 1555 4879 adjuta
1579 4808 1659 4863 tonte
1688 4805 1853 4879 paradisum

105 4906 246 4963 etloosub
267 4908 372 4975 linquo.
402 4903 510 4975 (Gaea.)
534 4905 624 4960 Tanta
648 4909 690 4959 est
717 4904 955 4976 spiritualisdul·
1009 4903 1105 4958 emisit
1131 4918 1166 4957 cx
1191 4918 1230 4958 se.
1257 4900 1376 4956 Ecclesia
1400 4901 1471 4967 sons,
1489 4897 1557 4970 quia
1579 4896 1710 4952 doctrina
1737 4891 1856 4950 salutari

105 4996 174 5052 cedo
197 4996 228 5050 in
250 4995 354 5056 verbis,
380 4999 487 5066 quanta
502 4993 657 5064 corporalis
682 4998 725 5048 est
753 4992 784 5047 in
825 4994 901 5049 melle
929 4999 955 5049 et
1009 4991 1159 5056 redundat,
1183 4990 1259 5045 unde
1288 4987 1434 5060 proximos
1463 4986 1575 5058 irrigat.
1599 4987 1746 5054 Signatus,
1786 4980 1856 5054 quia

104 5087 173 5140 locte
189 5101 195 5139 :
215 5090 244 5138 ct
259 5084 315 5139 hoe
329 5083 379 5138 sub
399 5083 505 5151 linquo,
521 5081 616 5149 idest,
632 5097 688 5136 non
711 5080 828 5136 cuilibet
842 5085 953 5153 patens,
1008 5079 1165 5151 spiritualis
1190 5093 1288 5133 sensus
1314 5075 1440 5147 indignis
1454 5074 1650 5141 absconditur,
1666 5073 1745 5127 nulla
1758 5070 1855 5126 incur·

103 5171 152 5227 sed
168 5177 280 5226 tantum
302 5171 395 5226 bonis.
414 5171 469 5237 Qui
492 5174 658 5241 peccantem
685 5185 784 5240 aspere
797 5169 915 5240 corripit
925 5173 954 5224 et
1008 5169 1118 5222 satione
1136 5167 1278 5221 turbatur.

104 5261 181 5315 inter
202 5276 305 5331 aspera
339 5259 499 5314 dulcedinis
524 5258 661 5330 quiddam
690 5257 840 5327 admiscet,
868 5257 954 5313 babet
1044 5259 1124 5311 Vens.
1157 5258 1198 5311 li.
1227 5284 1263 5295 -
1292 5255 1462 5310 Emissiones.
1492 5252 1521 5307 ld
1561 5255 1606 5306 est
1628 5249 1738 5304 fructus
1766 5246 1854 5315 horti,

102 5349 170 5416 mel,
185 5349 285 5402 nonin
300 5349 409 5419 lingua,
426 5346 476 5401 sed
503 5346 557 5401 sub
579 5346 687 5419 lingua.
714 5347 787 5404 Odor
805 5348 949 5401 uestimen-
1008 5345 1116 5401 scilicet
1130 5360 1216 5416 opera
1227 5359 1291 5414 quac
1306 5347 1370 5414 post
1383 5341 1589 5414 plantationem
1605 5345 1633 5394 ct
1656 5337 1856 5409 irrigationem

101 5443 200 5493 torum.
219 5437 248 5493 ld
263 5442 305 5492 esi
317 5437 394 5492 lama
409 5435 550 5491 bonorum
566 5450 696 5506 operum,
709 5434 814 5506 quibus
829 5435 953 5489 sestiun·
1007 5433 1144 5505 baptismi
1158 5431 1313 5503 prodeunt,
1340 5437 1407 5485 eunt
1434 5429 1506 5485 milri
1531 5430 1606 5485 molo
1629 5430 1742 5498 punico,
1767 5426 1796 5482 id
1812 5430 1856 5482 est

102 5533 158 5594 tur,
175 5542 212 5580 ue
226 5525 296 5581 nudi
310 5524 503 5590 inveniantur,
528 5527 557 5579 et
585 5523 692 5595 quibus
713 5520 863 5596 turpitudo
877 5539 952 5594 prae·
1008 5529 1121 5578 matura
1135 5520 1258 5584 relectio,
1277 5520 1316 5575 ita
1331 5535 1377 5575 me
1388 5520 1533 5575 delcetans
1548 5520 1580 5572 ut
1589 5515 1749 5588 paradisus.
1759 5517 1854 5586 cypri.
