3892 6106
138 299 190 355 495

451 294 651 351 statuarum
670 292 911 350 subterrata.
932 291 1014 347 DON.
1035 287 1116 345 OPP.
1132 288 1221 345 PARS
1239 289 1261 344 1.
1275 315 1310 328 -
1329 286 1560 344 theotonici.

1837 287 1892 343 tae

140 416 345 489 professionem
374 416 548 470 rectissimus
576 415 735 486 appelatur.
764 413 866 468 Unde:
898 409 1023 476 Audiet
1042 411 1190 465 aimundo
1214 410 1421 474 renuntiantes,
1447 411 1562 465 culmen
1585 410 1769 467 ecclesiatica
1784 412 1892 467 dactri-

140 507 233 572 Jumt,
263 519 337 559 suec
374 519 447 559 meas
481 509 505 558 et
527 505 684 567 rectissime,
719 517 797 571 quun
827 501 904 568 clegi,
932 502 986 553 etc.

202 635 207 647 .
276 610 300 648 V.

143 594 352 736 mirga)-
376 683 442 735 Rea.
467 678 602 734 Christus.
628 677 686 747 Ego
702 680 797 731 autem
816 674 989 731 constitutus

142 787 205 824 sum
222 786 269 824 rex
295 769 331 822 ab
351 783 395 834 eo,
421 772 453 821 ut
465 766 572 820 scilicet
587 766 672 821 iaciat
685 781 807 837 regnum
823 769 852 818 et
863 766 988 836 potesta·

142 865 210 923 tem‚
227 857 277 928 qui
292 861 334 911 est
347 872 397 910 rer
414 859 442 909 et
455 859 581 925 potestas
601 853 703 924 prima.

179 948 247 1000 Cum
273 945 396 999 tribubus
411 945 504 998 lsrael.
522 945 560 999 De
579 942 684 1014 quibus
697 940 843 1013 primitiva
857 938 987 995 Ecclesia.

144 1038 217 1090 Dcne
228 1033 307 1104 prius
322 1031 475 1104 principes,
493 1031 596 1086 deinde
616 1031 709 1085 tribas
726 1029 934 1101 congregandae
950 1027 992 1083 di·

143 1129 256 1185 cuntur,
282 1121 350 1193 quia
368 1120 454 1190 primi
468 1119 599 1191 apostoli,
615 1124 645 1174 et
665 1135 717 1191 por
738 1134 786 1173 eos
809 1117 991 1173 crediderunt

1043 516 1087 554 nae
1103 499 1224 554 assecuti
1240 504 1316 566 sunt,
1331 503 1469 571 tanquam
1484 499 1545 554 veri
1560 499 1664 555 Levitae
1684 498 1714 554 in
1733 504 1812 554 terra
1825 517 1894 572 par-

1041 593 1102 644 tem
1117 605 1175 644 non
1190 589 1336 656 habentes,
1363 589 1413 644 sed
1438 605 1501 643 aum
1519 589 1660 659 Propheta
1678 589 1822 644 dicentes:
1842 591 1893 644 Do·

1041 679 1131 733 mtnus
1144 693 1210 748 pars
1238 677 1406 733 hereditatis
1429 693 1502 745 mea,
1527 683 1570 732 etc
1596 678 1685 748 (Psat.
1702 688 1766 747 ως
1792 693 1894 733 secun-

1042 768 1111 822 dum
1141 767 1212 821 illud
1242 781 1249 820 ι
1276 766 1307 822 Si
1332 767 1469 835 quisuutt
1502 768 1594 822 uenire
1615 770 1680 836 post
1710 781 1754 821 mc
1780 767 1894 833 abnepct

1042 871 1079 924 sc,
1096 860 1148 911 etc.
1179 857 1253 926 (buc.
1283 857 1403 926 1x.)()ui
1419 855 1573 924 perdiderit
1597 857 1718 910 animam
1733 870 1813 911 suam
1825 871 1894 926 pro-

1042 950 1104 1015 pter
1121 960 1172 1011 me,
1199 948 1251 999 etc.
1270 946 1375 1014 (blattb.
1398 943 1437 1016 x.)
1459 943 1587 1001 Christus
1603 949 1698 1000 autem
1715 960 1800 999 rarus
1815 944 1891 1012 Leti,

1044 1033 1094 1105 qui
1108 1032 1169 1087 hac
1182 1033 1279 1088 omnia
1293 1031 1360 1087 lecit
1375 1036 1405 1087 ct
1418 1032 1524 1088 docuit.
1545 1032 1603 1104 lpsi
1626 1033 1730 1088 Levita
1744 1031 1893 1088 adhaerent

1044 1121 1189 1176 imitantes
1213 1122 1295 1177 illum
1311 1120 1451 1192 usquead
1466 1121 1646 1193 sanguinem,
1667 1121 1703 1176 de
1731 1121 1815 1192 cujus
1826 1136 1889 1193 pas·

143 1211 201 1266 alii.
1044 1211 1124 1266 sione
1139 1210 1270 1265 subditur
1285 1227 1292 1263 ε
1308 1209 1523 1280 Quamprobasti
1536 1211 1566 1264 in
1581 1212 1739 1277 tentatione,
1755 1215 1807 1264 etc.

180 1301 262 1354 Vens.
287 1301 313 1353 6.
338 1328 372 1338 -
390 1301 471 1355 Vivat
495 1299 597 1354 buben.
620 1297 757 1353 Praedicta
780 1296 871 1352 salute
885 1295 991 1367 primi·
1079 1300 1127 1355 Act
1141 1314 1238 1369 aquas
1269 1299 1358 1353 Locus
1373 1303 1415 1353 est
1440 1297 1490 1353 ubi
1516 1298 1604 1370 bloysi
1626 1303 1655 1354 ct
1669 1303 1766 1354 Aaron
1780 1298 1887 1372 ingres·

143 1389 364 1457 lisuncensis,
393 1389 511 1461 singulis
531 1389 663 1445 tribubus
677 1388 808 1461 proprias
821 1387 991 1443 benedictio·
1045 1394 1203 1443 sumterrae
1219 1386 1418 1459 promissionis
1433 1387 1615 1442 contradixit.

143 1497 194 1535 nes
209 1479 323 1545 tribuit;
340 1494 421 1533 raros
435 1478 577 1533 israelitas
600 1479 636 1533 de
652 1484 775 1549 utroque
792 1478 903 1548 popolo
918 1493 990 1548 prae·
1080 1477 1127 1533 Aa
1148 1492 1235 1549 aquas
1265 1477 1370 1548 Legem
1395 1476 1627 1548 significatque
1642 1474 1892 1532 maioriventihns

81 1620 86 1625 .
145 1568 291 1634 nuntians,
308 1583 385 1621 nunc
410 1568 446 1621 de
468 1567 590 1637 Christo,
611 1567 992 1636 nuucdeapastolis,nunc
1045 1566 1194 1621 introitum
1219 1565 1300 1637 regni
1315 1565 1436 1621 coelestis
1450 1566 1634 1622 contradixit.
1663 1563 1893 1638 Aquoe‚populi,

144 1658 179 1711 de
193 1656 347 1726 primitiva,
366 1671 440 1710 nunc
454 1657 489 1711 de
505 1660 563 1710 tota
578 1655 890 1710 Ecclesiavaticinatur.
1045 1656 1096 1727 qui
1133 1655 1360 1710 contradicentes
1387 1654 1583 1710 clamaverunt
1612 1673 1619 1710 :
1662 1655 1796 1724 crucifige
1822 1669 1892 1708 cum.

183 1744 382 1799 l'iratitubcn.
413 1742 522 1808 Quasi:
549 1744 624 1799 Licet
648 1744 750 1799 Roben
778 1743 872 1798 cubile
902 1742 991 1815 patris
1046 1745 1165 1812 sanquis
1192 1746 1418 1814 ejussapernos,
1434 1744 1638 1816 ctsrcpertttios
1653 1749 1759 1799 nostras
1775 1743 1892 1811 (Marcu.

144 1833 301 1901 violaverit,
316 1837 345 1886 et
361 1833 545 1903 primogeniti
561 1832 730 1904 dignitatem
750 1832 889 1898 amiserit,
917 1832 992 1887 vivat
1046 1833 1139 1903 xxvii).
1155 1833 1195 1887 Ad
1216 1834 1364 1888 cumulum
1384 1832 1566 1904 perfectionis
1586 1834 1650 1889 Levi
1665 1832 1822 1904 adjungit:

144 1927 250 1981 tamen,
278 1925 307 1976 et
330 1936 417 1992 agens
440 1921 638 1992 poenitentiam
667 1937 725 1975 non
753 1920 900 1974 moriatur.
929 1918 992 1973 Filii
1082 1923 1163 1976 Vnus.
1179 1925 1209 1978 9.
1225 1951 1263 1965 -
1284 1923 1339 1987 Qui
1352 1921 1428 1976 dimit
1454 1926 1604 1992 patrisuo.
1628 1920 1748 1987 Quando
1765 1920 1896 1975 lecerunt

145 2010 258 2076 huben,
275 2010 372 2079 idest,
392 2010 548 2081 Judaeipor
575 2010 676 2065 ituben
702 2007 864 2079 significati,
885 2007 991 2060 lectum
1046 2011 1167 2066 situlum
1193 2026 1324 2079 aureum,
1351 2009 1468 2080 jubente
1497 2012 1599 2081 Moyse,
1626 2009 1739 2074 Levitae,
1774 2007 1894 2064 accincti

145 2099 235 2153 Patris
252 2100 439 2166 violaverunt,
462 2098 491 2153 id
513 2103 555 2154 est
569 2099 711 2154 Christum
729 2097 831 2151 Filium
849 2096 910 2165 eJus
927 2111 992 2165 spu·
1047 2098 1158 2171 gladiis,
1175 2116 1191 2153 a
1209 2103 1292 2170 porta
1309 2098 1450 2170 usquead
1466 2104 1577 2169 portam
1593 2097 1757 2153 idololatras
1772 2096 1894 2151 interle-

145 2188 182 2241 tis
208 2188 366 2253 immundis
394 2189 583 2258 polluerunt:
611 2192 706 2241 tamen
731 2185 767 2241 ad
792 2184 991 2256 paenitentiam
1046 2187 1331 2243 cerunt.1nultione
1348 2185 1613 2258 idolotatriaquasi
1632 2201 1697 2239 snos
1711 2199 1770 2239 non
1786 2200 1894 2255 cogno-

145 2282 337 2343 reservantur,
361 2277 410 2331 sed
440 2275 523 2347 pauci
538 2291 660 2330 numero
688 2275 722 2330 ad
748 2272 992 2346 comparationem
1047 2274 1172 2341 scebant,
1184 2274 1253 2345 qciia
1267 2273 1328 2327 sine
1343 2271 1504 2327 differentia
1517 2271 1694 2328 occidebant.
1711 2271 1815 2326 Unde:
1832 2272 1895 2328 Nisi

146 2364 276 2418 Ecclesia
292 2364 431 2435 gentium.
1046 2366 1108 2435 puis
1122 2364 1262 2433 reliquerit
1277 2367 1386 2433 patrem
1411 2365 1436 2416 ct
1450 2365 1563 2416 matrem
1585 2365 1611 2415 ct
1630 2375 1742 2415 acorem
1769 2363 1796 2414 ct
1823 2361 1894 2429 titios

180 2453 289 2507 Robur.
313 2453 431 2506 t'isiouis
458 2452 535 2507 lilius
552 2450 966 2523 quiamaterait(tlcn.xx1x.)
983 2467 990 2504 ε
1045 2457 1157 2522 propter
1167 2467 1218 2521 mc,
1233 2467 1286 2506 non
1300 2455 1339 2506 est
1365 2465 1438 2506 meus
1458 2450 1610 2520 discipulus
1624 2450 1700 2521 (buc.
1716 2448 1803 2516 rvris).

147 2542 223 2597 Vidit
237 2544 310 2595 Daus
329 2541 521 2596 humilitatam
536 2556 640 2596 meam.
668 2540 721 2595 Hic
746 2545 788 2594 est
811 2539 991 2611 primogeni·
1082 2541 1134 2606 Qui
1146 2541 1219 2595 discit
1230 2542 1309 2610 patri
1331 2554 1379 2594 suo
1392 2543 1419 2593 ct
1431 2541 1526 2604 matri,
1543 2543 1597 2593 etc.
1618 2537 1759 2591 Debemus
1774 2540 1803 2591 et
1823 2539 1895 2590 tem·

143 2635 200 2696 tus,
216 2630 379 2700 signiticaus
395 2631 500 2685 clectos
515 2646 548 2684 ex
571 2629 687 2700 ludaeis,
714 2629 763 2701 qui
779 2629 923 2684 Christum
938 2645 991 2684 ne·
1045 2629 1184 2699 paraliter
1198 2629 1321 2683 hiscum
1336 2627 1440 2699 quibus
1454 2626 1575 2682 vicinius
1589 2623 1804 2697 conjungimur,
1828 2624 1894 2693 plus

144 2720 238 2791 gando
255 2725 283 2773 ct
306 2719 498 2790 cruciligenclo
524 2719 638 2781 mortui,
656 2717 990 2791 pradicationeaposto·
1045 2718 1194 2790 prodesse.
1227 2717 1368 2772 Debemus
1396 2717 1528 2786 copulam
1557 2720 1679 2770 terrenas
1711 2713 1895 2785 cognationis

141 2812 235 2863 lorum
250 2808 387 2875 conversi,
403 2824 437 2863 er
452 2809 507 2863 lide
523 2808 625 2863 Christi
640 2813 707 2862 sunt
723 2805 857 2862 vivificati
875 2823 881 2862 :
898 2806 929 2861 hi
953 2806 992 2861 vi·
1046 2822 1215 2878 agnoscere;
1239 2807 1288 2862 sed
1312 2805 1335 2861 si
1364 2821 1478 2861 cursum
1505 2804 1609 2859 mentis
1633 2802 1783 2875 praepedit,
1808 2802 1894 2873 iguo·

143 2897 231 2951 sionis
247 2896 309 2963 filii,
326 2895 393 2966 quia
410 2901 541 2967 respectu
556 2895 659 2950 divinae
684 2893 888 2950 misericordiae
911 2894 989 2949 salvi.
1045 2911 1119 2962 rare,
1144 2899 1177 2948 ut
1199 2894 1317 2949 allectus
1336 2894 1440 2949 montis
1459 2893 1565 2947 viscera
1580 2894 1699 2963 repleat,
1718 2891 1796 2946 seda
1810 2891 1895 2962 spiri·

181 2987 264 3041 Vnus.
286 2991 311 3039 7.
329 3016 363 3025 -
386 2987 446 3040 Dec
465 2992 504 3040 cst
527 2985 613 3039 tuda.
639 2985 736 3052 iudas,
754 2984 804 3056 qui
819 2983 992 3054 interpreta·
1008 3012 1029 3070 C
1047 2982 1099 3038 tali
1113 2982 1261 3054 proposito
1281 2998 1340 3036 uon
1355 2985 1471 3037 avertat.
1490 2981 1554 3036 llaec
1568 2978 1742 3036 baneiacam
1757 2979 1895 3046 innuunt,

143 3078 192 3129 tur
219 3075 360 3140 corasessio,
387 3072 577 3126 uuirersalem
603 3072 744 3143 significat
771 3071 935 3139 Ecclesiam,
960 3071 991 3125 in
1048 3070 1175 3142 quaesub
1191 3085 1256 3124 arca
1272 3069 1384 3124 Domini
1398 3068 1433 3123 ad
1450 3073 1587 3123 montana
1610 3067 1770 3134 tendentes,
1792 3066 1897 3122 affectu

145 3159 427 3235 qualaudisdivinm
447 3159 584 3213 consessio
601 3165 630 3214 et
654 3159 921 3231 gratiarumactio.
952 3160 991 3213 De
1046 3163 1075 3213 et
1100 3157 1191 3229 rigido
1214 3174 1297 3212 sensu
1325 3158 1516 3229 gradiuntur:
1543 3173 1597 3228 pro
1623 3155 1720 3211 vitulis
1742 3160 1896 3228 pergentes

146 3266 203 3321 quo
219 3248 383 3303 maturuit:
404 3247 482 3302 blodo
497 3248 768 3313 confiteborDcmino
791 3247 873 3318 (Gen.
902 3247 990 3317 xxix).
1045 3247 1213 3318 mugiebant
1236 3246 1285 3302 sed
1307 3251 1432 3318 accepto,
1454 3245 1557 3301 itinere
1587 3260 1701 3316 gressus
1723 3260 1782 3299 non
1807 3244 1896 3300 daile·

147 3340 345 3393 ilaecestvera
365 3351 469 3404 sponsa
496 3335 598 3390 Christi
627 3351 692 3407 quse
716 3336 853 3390 uirtutum
873 3335 992 3390 monili·
1046 3337 1172 3392 ciebant.

145 3426 199 3480 hus
213 3424 361 3489 adornata,
377 3440 436 3477 non
451 3423 590 3493 superbit,
604 3425 652 3478 sed
668 3424 774 3495 gratias
788 3424 857 3496 agit,
872 3440 925 3496 pro
940 3423 994 3479 hac

145 3519 209 3569 orat
224 3518 256 3569 ut
271 3512 412 3568 audiatur.
463 3554 469 3569 .
1046 3516 1123 3571 inter
1136 3519 1264 3569 mortuos
1278 3517 1308 3568 et
1319 3512 1445 3568 viventes
1468 3529 1520 3585 pro
1534 3513 1640 3585 populo
1659 3512 1828 3585 deprecatus
1843 3517 1895 3568 est.

179 3601 265 3669 dudi,
294 3602 418 3661 Domine.
445 3616 532 3656 uocem
560 3600 646 3655 iuda.
676 3601 788 3671 Regum
810 3600 918 3657 scilicet
942 3601 994 3673 qui
1046 3606 1147 3659 Ponent
1179 3603 1338 3671 tbymiama.
1368 3602 1535 3657 Sanctorum
1565 3601 1658 3656 oratio
1693 3601 1895 3656 suarhsimum

147 3692 182 3747 de
198 3690 280 3757 tuda,
297 3689 347 3761 qui
362 3689 505 3744 Christum
518 3689 730 3756 desiderabant;
752 3695 780 3745 et
811 3691 994 3762 ipsiusChri-
1046 3691 1196 3746 incensum
1216 3696 1259 3746 est
1282 3689 1500 3762 Domino:quo
1521 3690 1666 3762 (peccante
1689 3690 1809 3762 populo)
1838 3692 1896 3746 Do-

145 3780 190 3847 sti,
207 3781 257 3851 qui
276 3779 337 3833 ait:
369 3779 522 3848 confitebor
547 3780 608 3845 tibi,
636 3781 725 3845 Pater,
740 3778 802 3835 'reu
817 3781 876 3835 coeli
897 3785 922 3836 et
938 3785 992 3834 ter·
1048 3782 1120 3837 mini
1143 3782 1225 3836 luror
1249 3781 1406 3852 mitigatur,
1429 3781 1496 3851 quia
1518 3781 1553 3836 ab
1577 3780 1657 3835 omni
1673 3783 1788 3836 terrena
1811 3781 1895 3836 sorde

145 3885 192 3937 rae,
210 3875 262 3923 etc.
281 3871 353 3939 (brac.
368 3871 408 3933 x.)
1047 3871 1193 3937 defaecata,
1209 3870 1315 3925 coelesti
1340 3869 1482 3924 desiderio
1507 3869 1608 3942 ignita,
1636 3869 1719 3940 quasi
1738 3867 1898 3940 thymiama

181 3958 288 4011 Mantus.
307 3955 403 4011 Oravit
430 3954 583 4010 Dominum
598 3971 651 4027 pro
666 3956 750 4026 tuda,
775 3956 821 4011 cui
844 3972 921 4011 urina
936 3957 992 4012 Do·
1047 3961 1077 4016 in
1100 3962 1253 4030 conspectu
1278 3957 1329 4013 Dei
1350 3958 1463 4028 tlagrat,
1487 3961 1516 4011 et
1538 3958 1619 4029 quasi
1641 3957 1842 4013 holocaustum
1859 3958 1896 4012 ab

146 4044 218 4098 mini
233 4044 364 4114 promitit
388 4045 501 4111 auxilia,
531 4044 612 4115 quasi
634 4060 691 4098 non
706 4049 863 4115 praesumat
877 4045 911 4101 de
928 4045 994 4100 viri·
1047 4065 1097 4105 ara
1110 4048 1152 4120 pii
1167 4048 1257 4104 cardis
1271 4047 1389 4101 llamma
1403 4047 1564 4102 devotionis
1579 4047 1609 4101 in
1631 4046 1736 4102 coelum
1755 4047 1895 4102 subvolat.

147 4133 381 4197 bussuistudas,
412 4132 459 4187 sed
488 4133 518 4187 in
541 4134 590 4188 illo
610 4133 736 4187 confidat
758 4133 994 4204 quiaittomfi-
1048 4137 1263 4209 Docpraecipue
1289 4135 1425 4206 apostolis
1440 4139 1469 4190 et
1489 4135 1662 4207 martyribus
1690 4136 1836 4207 congruit.
1863 4135 1897 4191 de

146 4223 213 4291 dite,
226 4236 273 4289 epo
298 4223 352 4274 uici
374 4221 504 4275 mumdum
527 4221 614 4292 (toan.
642 4224 717 4289 xv1);
748 4222 830 4292 cujus
846 4238 947 4277 manns
962 4223 992 4278 iu
1048 4226 1152 4299 quibus
1169 4226 1295 4280 dicitur:
1314 4227 1454 4295 Tanquam
1475 4240 1573 4278 aarum
1591 4227 1622 4278 in
1644 4225 1756 4290 fornace
1768 4225 1898 4295 probauit

147 4326 229 4365 cruce
257 4314 356 4364 contra
384 4309 525 4380 spiritales
552 4309 694 4380 nequitias
722 4315 932 4381 pugnaverunt,
959 4315 1029 4384 utp
1047 4317 1119 4381 illos,
1134 4321 1159 4370 ct
1173 4315 1253 4383 quasi
1264 4315 1412 4368 holocausti
1420 4315 1536 4368 bostiam
1555 4315 1657 4384 accepit
1671 4313 1748 4384 (Sap.
1766 4315 1817 4383 ur).

147 4414 199 4469 per
221 4403 343 4452 mortem
359 4397 518 4452 destrueret
541 4413 607 4452 eum
622 4398 672 4470 qui
686 4398 811 4454 habebat
824 4400 924 4455 mortis
938 4398 993 4455 im·
1083 4405 1165 4458 Vsus.
1192 4406 1234 4457 ll.
1258 4431 1292 4443 -
1314 4402 1435 4471 suscipe.
1451 4401 1536 4467 Quasi
1552 4405 1644 4473 grata,
1670 4405 1703 4456 ut
1718 4417 1896 4458 remuneres.

147 4486 269 4559 perium.
1049 4493 1158 4547 Dantur
1170 4506 1247 4546 nunc
1262 4490 1383 4561 singulis
1397 4490 1470 4545 alhae
1494 4490 1585 4558 stola,
1613 4489 1721 4545 scilicet
1733 4491 1897 4546 animarum

181 4577 311 4647 Adjncor.
342 4577 377 4631 Ut
403 4575 498 4630 vincat
522 4581 550 4631 et
569 4576 667 4631 dicat:
697 4577 786 4647 Super
809 4577 913 4632 cncelsa
934 4591 994 4632 mea
1048 4581 1168 4647 laetitie3
1192 4585 1220 4634 et
1235 4579 1265 4634 in
1282 4578 1390 4650 judicio
1405 4579 1562 4634 secundum
1577 4595 1691 4651 corpus,
1709 4585 1826 4652 recepta
1844 4581 1897 4635 im·

146 4666 261 4721 deducat
272 4681 312 4720 me
325 4667 412 4719 uictor
425 4665 539 4734 (Hubac.
554 4663 612 4738 iul:
630 4665 690 4737 ipse
706 4666 784 4720 enirn
798 4666 919 4720 innobis
934 4665 994 4720 rin·
1047 4669 1233 4736 mortalitate,
1260 4668 1403 4735 minabunt
1417 4671 1487 4723 sicut
1507 4670 1547 4724 sot
1570 4673 1597 4725 et
1624 4673 1756 4741 tanprram
1773 4670 1899 4725 scintille

146 4758 195 4823 cit,
209 4759 237 4809 at
251 4770 303 4825 pro
318 4752 434 4808 victoria
459 4770 509 4808 sua
537 4760 655 4810 coronat
677 4770 729 4809 nos
752 4754 783 4809 in
797 4754 994 4811 misericordia
1047 4761 1077 4815 in
1100 4757 1261 4813 arundineto
1282 4757 1444 4826 discurrent,
1468 4758 1614 4813 exurendo
1632 4758 1740 4814 seilicet
1752 4774 1858 4814 vacuos
1872 4762 1900 4814 et

147 4848 174 4898 et
189 4842 431 4897 miserationibus.
1048 4848 1238 4903 infructuosos
1268 4847 1474 4914 aduersarios3
1504 4847 1539 4903 de
1566 4863 1692 4920 quarum
1721 4862 1809 4919 pana
1831 4847 1897 4903 sub·

182 4934 263 4986 Vsus.
282 4934 307 4986 8.
332 4963 366 4972 -
383 4932 524 4998 Persectio.
548 4931 635 4996 Quasi
661 4948 749 5005 quam
779 4932 817 4987 sis
838 4932 993 5005 perfectus,
1049 4939 1145 4995 ditur:

146 5023 174 5073 et
189 5035 275 5090 quam
292 5025 388 5074 sancta
414 5020 542 5075 doctrina
563 5027 612 5076 tua
626 5037 679 5094 per
696 5022 810 5095 Moysen
833 5023 992 5078 declarasti.
1085 5028 1195 5082 Pcrcutc
1225 5025 1317 5082 dorsa.
1350 5024 1437 5091 Quasi
1463 5039 1469 5080 :
1502 5023 1672 5080 ridebantur
1697 5022 1752 5078 sibi
1779 5023 1899 5095 impune

146 5108 196 5162 Vel
213 5125 226 5162 a
244 5113 339 5162 sancto
357 5109 419 5164 viro
439 5113 500 5177 tuo,
525 5109 554 5165 id
580 5117 623 5166 est
648 5110 760 5181 Levitis,
790 5114 832 5166 est
856 5111 994 5183 perfectio
1049 5119 1207 5186 martyrum
1245 5113 1416 5185 sauguinem
1442 5112 1573 5180 tundere,
1590 5112 1638 5168 sed
1654 5111 1738 5184 quasi
1751 5117 1819 5184 post
1834 5110 1898 5167 dor·

145 5198 238 5251 tuaet
261 5196 390 5251 doctrina
413 5201 472 5253 tua.
502 5199 547 5254 illi
575 5199 653 5255 enim
669 5200 776 5256 debent
789 5199 884 5272 legem
899 5205 994 5256 custo·
1049 5220 1114 5260 sum
1140 5220 1226 5272 poena
1253 5202 1411 5275 improuisa
1451 5202 1617 5274 parabatur,
1657 5201 1686 5256 id
1721 5205 1763 5256 est
1795 5204 1900 5255 aeterna

146 5284 216 5352 dire,
233 5285 325 5341 lacere
339 5290 367 5339 et
379 5286 507 5342 docerer.
1048 5293 1205 5358 damnatio,
1231 5292 1262 5347 in
1289 5308 1375 5365 quiam
1390 5295 1508 5348 ruentes
1528 5306 1643 5363 surgere
1667 5305 1726 5345 non
1746 5289 1890 5345 valebant.

182 5375 312 5442 Perfectio
338 5380 394 5430 tua.
426 5375 517 5431 Chora
544 5377 713 5448 angelorum
738 5382 767 5434 et
793 5382 951 5451 martyram
967 5381 996 5434 et
1050 5381 1151 5436 Unde:
1171 5376 1838 5449 Virpaindorsoimpructentium(Prou.xxv1).

146 5461 277 5517 omnium
299 5463 489 5532 perlectorum
526 5465 579 5520 ista
603 5467 750 5535 dicuntur,
779 5467 831 5540 qui
852 5467 995 5540 perfectio
1084 5470 1167 5523 Vnus.
1196 5471 1239 5524 lt.
1267 5500 1302 5509 -
1327 5471 1362 5525 Et
1377 5468 1530 5539 benjamin.
1555 5467 1676 5522 Videtur
1696 5465 1826 5521 historiae
1862 5463 1900 5520 al·

145 5567 213 5608 nem
227 5551 372 5608 charitatis
391 5553 540 5609 moriendo
560 5569 612 5625 pro
637 5556 759 5611 Domino
785 5558 993 5629 impleverunt3
1049 5555 1158 5625 ludere,
1185 5556 1254 5629 quia
1278 5557 1426 5629 Danjamin
1450 5556 1613 5629 patriarcha
1631 5559 1660 5612 ct
1682 5553 1825 5628 propheta
1849 5555 1898 5609 ta·

1082 3427 1162 3481 Vsas.
1181 3427 1223 3481 to.
1244 3455 1277 3465 -
1292 3426 1392 3480 Ponmt
1414 3424 1573 3494 tbymiama.
1600 3422 1679 3480 Sicut
1697 3425 1795 3480 Aaron
1818 3427 1897 3479 stans
