3892 6106
93 245 164 297 liii
657 243 784 299 stessi
804 242 1002 300 obluctante.
1024 273 1059 283 -
1083 244 1146 298 tin.
1169 243 1278 299 ECCLl.
1559 253 1565 263 '
1771 244 1843 301 sits

128 367 210 420 Vans.
225 365 271 420 23.
288 395 318 407 -
341 368 375 421 Et
392 368 523 434 tauquam
542 365 673 420 scintilla.
689 367 838 436 Tanquam
867 366 982 421 scin·A
1001 371 1108 435 tatem;
1125 366 1173 420 tibi
1189 366 1266 420 enim
1284 365 1326 420 sal
1356 366 1510 437 spargitur,
1531 367 1667 422 sterilitas
1693 368 1845 440 sequitur:

93 455 188 509 tiliam
204 455 233 508 in
248 470 340 525 opera
357 454 407 509 [lei
421 454 648 522 consideramus,
663 454 733 526 quia
757 455 802 510 vix
828 471 946 526 parram
1004 454 1134 509 diabolus
1151 469 1218 509 vero
1231 469 1283 525 per
1306 454 1397 525 frigus
1422 454 1599 511 intldclitatis
1621 461 1736 511 terrena
1761 457 1847 512 corda

92 544 228 597 notitiam
239 543 307 597 inde
326 541 511 612 percipimus.
1001 544 1036 595 ad
1053 542 1226 612 bonaopera
1241 541 1348 595 sterilia
1360 541 1438 596 iacit.

132 632 268 687 111195.
285 630 425 686 -Omnia
437 630 569 700 duplicia,
585 629 790 702 etc.(llsn.)lta
805 629 948 685 ordinavit
1037 630 1231 684 iassib·
1250 629 1395 696 Medicina,
1425 634 1478 683 etc.
1501 629 1603 685 Omnia
1618 630 1784 701 eloquentia
1797 630 1847 685 de·

95 720 173 773 Deus
197 719 304 777 omnia.
331 723 362 772 ut
381 734 447 789 qum
473 717 527 772 sibi
552 718 685 773 videntur
716 734 777 773 esse
805 718 948 773 contraria
1001 717 1060 772 licit
1075 717 1104 771 in
1118 717 1333 788 comparatione
1349 718 1419 788 ejus,
1436 733 1489 772 nec
1504 717 1611 772 suitleit
1628 718 1764 773 virtutem
1784 718 1848 789 ejus

95 806 279 871 corrueniant,
294 810 327 859 ut
345 805 486 859 elementa
497 805 539 858 rel
554 808 679 875 quatuor
698 811 838 877 tempora.
1001 821 1145 861 enarrare.

627 915 631 922 ¹
1035 894 1296 961 iassib-Qui
1316 896 1552 962 novigentum,
1579 897 1634 948 etc.
1667 894 1754 950 ltulta
1781 897 1848 948 sunt

408 946 522 1002 CAPUT
539 948 634 1003 mn‘
1000 982 1035 1037 ad
1047 983 1173 1038 litteram
1185 983 1311 1054 pericula
1326 982 1422 1043 maris,
1434 987 1461 1037 et
1477 982 1518 1037 ibi
1533 981 1677 1036 mirabilia
1693 982 1744 1036 Dei
1759 997 1848 1052 opera

133 1070 501 1138 varab-Atmanisti,
524 1074 577 1125 etc.
606 1071 669 1142 (lu.)
687 1071 871 1126 pulchritudo
895 1071 945 1126 ilr-
999 1071 1253 1139 inrariisbestiis,
1283 1072 1357 1127 sicut
1379 1071 1557 1126 naturalium
1571 1087 1669 1125 rerum
1694 1070 1846 1141 scriptores

93 1158 248 1226 momenti,
263 1163 329 1226 etc.,
342 1172 428 1228 usqne
437 1158 579 1213 aduullus
588 1159 945 1231 corporeisoculisdivini·
998 1161 1189 1215 tradiderunt.
1200 1160 1232 1215 ln
1243 1160 1316 1215 mari
1330 1176 1446 1231 quoque
1456 1160 1544 1229 hujus
1555 1159 1657 1213 mundi
1676 1162 1743 1214 sunt
1755 1159 1846 1213 multa

94 1246 162 1302 tatis
175 1246 359 1318 splendorem
374 1251 468 1317 potest
483 1246 612 1302 sufferre.
998 1253 1128 1303 monstra
1150 1248 1359 1304 daemoniorum
1373 1254 1401 1302 ct
1416 1249 1514 1303 mtrltae
1530 1263 1630 1302 eartrm
1646 1246 1768 1303 insidiae.

133 1335 215 1388 Vana.
235 1335 261 1389 3.
278 1363 313 1374 -
335 1336 477 1389 Fornacem
504 1334 666 1390 custodiens.
694 1335 766 1400 Ouia
795 1335 944 1406 superbos,
1033 1336 1115 1390 Vsus.
1142 1337 1185 1391 st.
1214 1338 1309 1392 -Ne
1335 1336 1473 1399 laboretis,
1499 1340 1551 1390 etc.
1581 1335 1680 1407 11111.)
1708 1335 1847 1406 Compre-

94 1439 151 1495 pro
166 1422 352 1494 cogitatione,
368 1422 521 1490 locutione,
537 1429 567 1478 et
590 1425 756 1494 operatione
783 1423 868 1488 mala,
895 1439 943 1477 ex·
999 1425 1125 1479 bendere
1137 1425 1214 1497 qnod
1229 1429 1271 1478 est
1284 1424 1572 1495 incomprehensible.
1593 1424 1673 1479 Unde
1689 1439 1749 1478 nan
1768 1438 1845 1495 quae-

96 1512 207 1567 cruciat
221 1515 328 1566 aeterna
343 1512 472 1568 llamma.
999 1528 1044 1566 ras
1059 1529 1127 1583 opes
1137 1514 1172 1566 ad
1188 1528 1260 1584 quas
1274 1512 1438 1583 pertingere
1450 1527 1509 1567 non
1523 1511 1626 1583 possis.

133 1600 214 1654 Vens.
247 1602 276 1655 ὃ.
307 1629 343 1641 -
374 1603 409 1656 Et
433 1603 464 1654 iu
496 1601 663 1655 sermonibus
692 1602 761 1670 ejus,
791 1604 845 1655 etc.
882 1601 981 1692 (lo.)B
1317 1653 1428 1708 CAPUT
1449 1653 1527 1708 mv

94 1687 219 1759 Mysticis
238 1687 332 1741 uerbis
353 1688 542 1758 superborum
568 1688 642 1743 ludit
666 1687 853 1743 intellectum.
877 1689 945 1742 Fes-
1485 1690 1493 1706 ¹
1532 1693 1538 1706 '

96 1779 209 1843 tirraeit,
220 1781 273 1829 etc.
290 1776 359 1830 Com
370 1775 399 1828 in
410 1775 614 1845 praedicatione
628 1776 773 1846 Evangelii
785 1782 946 1847 preparata
1036 1781 1117 1834 Vens.
1144 1783 1216 1833 1.-
1234 1778 1391 1834 Laudamus
1419 1780 1502 1842 uiros,
1520 1782 1572 1830 etc.
1591 1775 1848 1846 lloraliterdispu-

97 1868 141 1918 est
155 1862 200 1916 ria
215 1862 314 1916 salutis
329 1868 358 1916 et
372 1862 465 1917 aditus
479 1862 563 1932 regni
573 1863 705 1917 coelestis.
999 1867 1096 1935 tando,
1123 1866 1349 1938 allegoriamque
1379 1869 1407 1920 et
1451 1879 1611 1935 anagogem
1640 1863 1672 1917 in
1703 1862 1847 1934 plerisque

133 1950 214 2004 Vnus.
229 1951 254 2003 a
271 1951 362 2004 -Et
377 1951 452 2017 luna,
469 1954 525 2004 eta.
551 1949 614 2021 (lo.)
644 1951 799 2021 Postquam
825 1950 861 2005 de
885 1951 945 2005 sole
999 1955 1156 2026 tangendo,
1174 1955 1308 2025 mysteria
1328 1953 1418 2009 divini
1446 1952 1616 2007 sacramenti
1639 1951 1741 2018 edidit;
1771 1965 1848 2004 nunc

97 2038 267 2109 disputarit,
281 2042 345 2106 etc,
373 2053 457 2107 usqne
481 2038 518 2093 ad
537 2039 587 2095 sed
610 2039 716 2095 rectius
731 2040 947 2112 aprilideputa·
999 2044 1035 2098 de
1052 2042 1157 2097 sanctis
1171 2042 1302 2113 patribus
1319 2057 1436 2096 narrare
1452 2040 1562 2111 incipit.
1588 2042 1718 2095 Parentes
1730 2042 1845 2093 nastros.

96 2131 155 2194 tur,
171 2125 239 2196 quia
254 2125 358 2196 inipso
373 2127 415 2181 vel
432 2126 544 2197 incipit,
562 2128 604 2182 rel
620 2128 734 2194 desinit,
749 2128 794 2184 vel
807 2133 884 2184 totns
906 2128 947 2182 in·
1001 2131 1190 2197 Patriarchas,
1203 2130 1253 2203 qni
1264 2130 1360 2184 divina
1374 2129 1518 2184 locutione
1533 2132 1560 2183 et
1575 2128 1686 2182 risione
1714 2127 1849 2182 frueban-

96 2213 233 2269 cluditnr·
1000 2223 1061 2287 tur;
1078 2223 1107 2273 et
1121 2217 1289 2289 Prophetas,
1306 2217 1357 2288 qni
1370 2215 1479 2287 Spiritu
1489 2220 1587 2269 sancto
1613 2215 1728 2284 repleti,
1757 2216 1850 2269 multe

135 2304 220 2357 Vsus.
238 2307 263 2357 T.
291 2331 324 2344 -
340 2304 497 2358 ⁸luminare
518 2303 591 2373 quod
615 2305 758 2369 minuitur,
782 2307 836 2358 etc.
869 2304 947 2359 Luna
1002 2304 1106 2362 Christi
1119 2310 1148 2359 et
1163 2305 1295 2360 Ecclesiae
1314 2304 1450 2374 mysteria
1460 2304 1685 2376 praecinuerunt.

102 2406 162 2445 non
179 2390 265 2445 babet
278 2391 405 2445 nativum
425 2391 620 2462 splendorem,
636 2391 685 2445 sed
705 2393 796 2445 asaia
821 2391 945 2462 accipit:
1036 2392 1117 2448 Vens.
1132 2396 1174 2447 11.
1192 2424 1226 2433 -
1239 2394 1269 2448 la
1295 2395 1471 2448 Testammtis
1489 2392 1573 2458 stetit,
1590 2395 1643 2445 etc.
1660 2389 1755 2460 (ilua)
1783 2390 1848 2444 llaec

98 2479 140 2532 sic
156 2484 184 2532 et
200 2478 352 2533 Ecclesiae
367 2479 490 2542 Christo,
506 2495 569 2550 quae
598 2480 628 2533 in
645 2480 844 2551 persecutione
870 2479 946 2535 ride·
1000 2482 1081 2553 juxta
1096 2481 1243 2535 historiam
1256 2481 1291 2536 de
1307 2480 1487 2551 patriarchis,
1500 2485 1565 2546 etc.,
1582 2494 1666 2547 usque
1680 2477 1718 2532 ad
1732 2476 1848 2549 quando

96 2572 147 2620 tur
162 2566 263 2630 miani,
282 2567 330 2620 sed
345 2566 375 2620 in
390 2572 471 2637 parte
482 2567 626 2635 clarescit;
640 2568 740 2623 crescit
753 2568 831 2623 enim
859 2568 946 2624 mira·
1003 2586 1101 2625 semen
1124 2570 1267 2624 bonorum
1283 2586 1403 2642 operum
1414 2569 1520 2623 emirati
1534 2567 1664 2622 mercede
1684 2582 1849 2637 compensa-

95 2653 233 2708 biliterin
248 2655 505 2711 consummatione.
1002 2658 1089 2714 bitur.

136 2743 308 2797 11119.-
327 2744 380 2798 Vas
400 2743 761 2811 1111111111,111.0111111
789 2744 853 2815 ipsa
875 2759 947 2799 con·
1039 2748 1119 2800 Vsus.
1137 2747 1180 2800 16.
1205 2774 1239 2785 -
1264 2745 1369 2800 Heracli
1393 2744 1501 2813 placuit
1524 2743 1592 2798 Dea.
1620 2742 1681 2797 Non
1696 2741 1846 2808 abidam,

96 2829 175 2883 sistit
188 2829 341 2884 multitudo
354 2829 495 2897 tidelium,
512 2847 577 2901 quoe
591 2831 621 2885 in
638 2832 820 2887 firmamento
848 2832 950 2888 uerita·
1002 2828 1847 2904 eta,usqueadutdetbominibusconsitiumpoenitendi.

95 2919 133 2972 tis
149 2924 179 2972 et
193 2918 518 2990 dirinoeproedicationis
532 2936 585 2992 per
598 2925 691 2975 totum
708 2921 807 2977 orbem
822 2919 983 2992 gloriosse
1037 2924 1119 2978 Vsus.
1138 2925 1170 2976 11
1189 2952 1223 2962 -
1251 2923 1306 2978 Noc
1333 2923 1458 2975 iuvencus
1486 2924 1535 2986 est,
1560 2925 1614 2974 etc.
1641 2918 1758 2984 Quando
1779 2932 1849 2989 per-

95 3007 272 3077 resplendet.
1001 3016 1087 3067 eunte
1103 3009 1211 3065 mundo
1221 3009 1328 3064 diluvio
1344 3015 1503 3063 reservatus
1518 3013 1572 3070 est,
1592 3013 1625 3062 ut
1648 3005 1847 3079 poenitentiam

133 3097 271 3151 1111110.
295 3125 330 3136 -
357 3097 464 3168 Species
485 3097 553 3161 call,
583 3100 637 3152 etc.
664 3096 788 3152 Ornatus
803 3096 944 3166 Ecclesia,
1001 3099 1134 3171 gentibus
1150 3096 1326 3169 predicaret,
1341 3100 1371 3151 et
1391 3096 1522 3166 exemplo
1537 3096 1749 3150 demonstraret
1770 3093 1848 3163 qnod

96 3186 262 3238 sanctorum
277 3182 438 3253 plenitudo,
455 3198 528 3255 qnos
541 3184 617 3239 Deus
636 3185 764 3239 excelsus
791 3183 946 3251 ordinarit,
1001 3188 1050 3258 qui
1067 3188 1126 3242 Deo
1141 3187 1242 3241 devote
1254 3186 1391 3248 serviunt,
1407 3183 1443 3239 ab
1459 3187 1568 3238 aetemo
1582 3182 1700 3237 interitu
1722 3181 1848 3235 liberan-

95 3278 130 3326 ut
151 3271 352 3342 praedicatione
374 3271 519 3343 Evangelii
545 3273 731 3327 illustrarent.
750 3272 784 3328 lli
811 3276 841 3329 iu
856 3274 948 3329 uerbis
1002 3280 1057 3331 tur.
1074 3275 1144 3329 Cum
1160 3290 1193 3328 eo
1210 3275 1284 3329 Deris
1299 3277 1414 3345 pactum
1430 3271 1541 3339 statuit,
1564 3270 1692 3324 neultra
1715 3268 1849 3340 perderet

94 3362 242 3415 sanctitat
269 3359 299 3414 in
329 3359 460 3414 doctrina
483 3375 558 3415 ruroe
574 3359 642 3416 tidei
660 3366 873 3432 permanentes,
901 3377 948 3415 ex·
1000 3361 1322 3434 aquisdiluviiomnem
1346 3375 1462 3415 carnem
1491 3363 1565 3426 (Gen.
1592 3361 1670 3425 xvn).
1700 3356 1849 3428 Significat

96 3452 228 3518 spectant
239 3446 380 3517 judicium
394 3446 456 3501 [lei.
1001 3456 1245 3518 autemrectores,
1261 3450 1402 3522 quiinter
1430 3447 1534 3503 linctus
1557 3447 1655 3502 saeculi
1682 3462 1789 3512 arcem,
1818 3445 1847 3499 id

133 3535 216 3589 Vens.
230 3537 272 3589 11.
288 3564 322 3576 -
340 3536 373 3589 la
385 3535 485 3591 111111.
506 3535 578 3600 Ouia
593 3536 621 3591 in
638 3537 775 3607 patientis
791 3553 841 3592 sua
854 3539 948 3609 possi·
1001 3545 1046 3595 est
1059 3540 1224 3607 Ecclesiam,
1237 3545 1352 3608 regunt,
1368 3542 1397 3592 et
1411 3536 1569 3608 pradicant
1584 3535 1760 3606 baptismum
1789 3549 1849 3604 poe·

95 3625 169 3680 dent
185 3623 305 3690 animas,
316 3623 464 3694 precincti
479 3623 608 3692 lumbos3
623 3631 652 3679 et
676 3626 807 3680 lncemas
819 3632 948 3681 tenentes
1002 3628 1141 3695 nitentia,
1156 3633 1184 3682 et
1195 3627 1375 3682 orationibus
1386 3629 1416 3681 et
1430 3624 1575 3680 sacriticiis
1590 3625 1679 3679 ileum
1704 3623 1848 3694 placantes

95 3713 128 3768 in
145 3711 354 3780 manibussnis,
370 3717 536 3782 exspectant
550 3713 702 3768 Dominum
724 3729 818 3782 suum,
830 3714 948 3786 qnando
1001 3715 1129 3771 humano
1144 3713 1251 3786 generi.
1516 3786 1523 3793 ο

97 3804 285 3854 revertatura
301 3799 421 3870 nuptiis.
1037 3804 1117 3857 Vens.
1134 3806 1227 3856 21-
1244 3803 1279 3855 Ia
1301 3817 1381 3856 carue
1398 3801 1456 3870 ejas
1470 3801 1540 3866 {acii
1554 3803 1627 3852 stare
1649 3801 1846 3860 testamcutum,

135 3889 329 3942 111111.-
359 3887 428 3942 Vide
454 3904 558 3955 arcam,
583 3895 637 3944 etc.
665 3889 809 3960 Scriptum
839 3890 948 3945 Veteris
1002 3897 1056 3947 etc.
1074 3892 1163 3959 (Rau.)
1177 3891 1212 3945 Ut
1227 3888 1438 3960 significaretur
1460 3891 1596 3941 renovata
1619 3890 1721 3940 natura
1749 3890 1849 3938 nostra

97 3977 144 4030 rel
160 3976 231 4030 Novi
241 3976 423 4030 Testamenti.
439 3978 488 4031 llic
498 3976 631 4032 fidelibus
642 3994 726 4033 snare
738 3979 843 4050 jugum
853 3985 948 4034 osten·
1002 3996 1055 4051 per
1069 3979 1243 4050 baptismum
1260 3977 1374 4046 Christi,
1399 3981 1465 4049 post
1477 3973 1717 4047 exspoliationem
1744 3973 1848 4027 ueteris

98 4067 192 4133 ditur,
207 4064 424 4119 contumacibus
435 4080 514 4119 arma
530 4065 680 4121 terribilia.
1003 4068 1138 4125 hominis.

137 4154 218 4207 Vsus.
234 4154 276 4207 13.
300 4179 336 4191 -
358 4153 594 4222 Gyrauitcialnm,
614 4159 668 4208 etc.
683 4153 869 4226 Quandoper
895 4154 949 4210 rir·
1040 4159 1121 4210 Varis.
1152 4157 1196 4209 il.
1221 4183 1256 4194 -
1283 4154 1345 4209 ideo
1364 4151 1558 4223 jurejurando,
1592 4155 1645 4205 stc.
1671 4147 1779 4220 Duplex
1807 4151 1850 4200 est

98 4239 492 4310 tutemetsapientiamllei,
510 4241 607 4308 idest,
633 4242 789 4312 Christum,
806 4243 891 4298 Vetus
919 4249 948 4298 et
1002 4244 1153 4319 promissio
1169 4241 1300 4298 Abrahae.
1315 4243 1346 4296 ln
1362 4258 1448 4296 arena
1464 4240 1550 4296 maris
1565 4238 1767 4309 exprimuntur
1792 4241 1848 4291 ste·
1895 4235 1900 4241 ”

99 4330 212 4385 Notum
221 4327 434 4382 Testamentum
448 4328 596 4382 condilum
613 4331 667 4383 etl·
1002 4336 1070 4390 riles
1084 4333 1189 4399 ludaei3
1207 4332 1237 4386 iu
1264 4330 1451 4386 similitudine
1475 4329 1633 4391 stellarum,
1654 4325 1752 4381 lideles
1766 4324 1848 4380 Chri·

135 4418 217 4472 vers.
241 4418 281 4469 16.
299 4444 330 4456 -
360 4418 394 4471 Et
414 4418 549 4483 contracti
569 4421 633 4472 suat
658 4418 765 4487 lapides
790 4418 946 4488 prandiuis.
1003 4421 1162 4492 stiani,qui
1178 4417 1398 4475 resurrectionis
1421 4417 1531 4472 lumine
1558 4415 1751 4471 coruscabunt
1775 4413 1850 4467 sicut
1916 4433 1920 4437 ·

100 4507 247 4568 Doctores,
275 4503 327 4574 qni
352 4507 459 4558 terram
487 4505 607 4559 humaui
635 4506 728 4560 cordis
756 4507 886 4578 irrigant,
921 4513 950 4562 et
1003 4509 1163 4566 astracaeli.

97 4596 300 4662 tempestatem
326 4592 530 4663 increpationis
556 4595 586 4648 in
615 4611 645 4648 se
673 4599 788 4664 gerunt,
816 4597 846 4649 in
871 4601 949 4650 tem·
1038 4601 1118 4652 l'rus.
1135 4599 1227 4651 nu-
1250 4599 1286 4653 Et
1318 4594 1458 4650 dedititii
1485 4591 1678 4658 hereditatem,
1706 4595 1759 4645 etc.
1776 4589 1849 4644 Geu-

98 4695 173 4752 pore
187 4677 347 4746 effundunt,
363 4683 393 4733 ct
406 4680 707 4752 confringuntlapides
723 4682 887 4752 grandinis;
904 4683 949 4736 in·
1001 4687 1058 4742 tilis
1074 4686 1184 4757 populi,
1195 4685 1244 4756 qui
1256 4683 1398 4756 posterior
1409 4682 1445 4737 ad
1456 4679 1579 4752 gratiam
1591 4679 1660 4734 iidei
1670 4684 1699 4732 et
1715 4676 1850 4748 baptismi

99 4766 254 4838 crepando,
269 4766 377 4822 scilicet
391 4767 528 4823 duritiam
551 4768 632 4840 pravi
648 4768 742 4824 cordis
761 4769 891 4843 lapident
906 4770 949 4825 ri·
1002 4773 1236 4845 regnerationem
1261 4770 1388 4840 accessit,
1416 4769 1463 4824 cni
1483 4766 1635 4839 plenitudo
1650 4770 1777 4838 pateruae
1801 4764 1850 4820 be·

99 4857 159 4911 tals
173 4871 302 4926 gramen.
1004 4862 1175 4917 nedictionis
1186 4859 1329 4933 provenit.

138 4944 219 4998 Vsus.
236 4947 282 4998 tl.
300 4972 335 4983 -
348 4942 494 5014 Aspirabit
507 4945 603 5000 Natus.
619 4943 709 5016 (Rau.)
724 4943 778 5009 Oui
792 4949 821 4999 et
836 4948 948 5013 Auster,

99 5037 167 5099 etc,
181 5046 266 5102 mune
281 5031 319 5086 ad
333 5036 465 5103 potentes
484 5032 518 5086 ad
545 5031 699 5087 Christiani
728 5032 855 5089 nominis
883 5049 949 5106 per·
1322 5000 1435 5056 CAPUT
1453 4999 1531 5054 XLV·

100 5120 292 5187 secutionem,
305 5123 334 5174 et
346 5119 500 5192 aliquando
516 5121 549 5176 ad
565 5122 774 5192 poeuitentiam.
1040 5127 1121 5182 llcas.
1134 5129 1159 5182 d.
1182 5128 1376 5194 -Praeceptn
1391 5124 1423 5179 ln
1451 5126 1548 5179 monte
1560 5120 1649 5188 Sinai,
1677 5120 1785 5176 scilicet
1813 5121 1853 5175 ts·

139 5207 223 5264 Vsus.
254 5210 296 5264 18.
325 5237 360 5250 -
386 5211 549 5278 Tempestas.
574 5208 656 5263 Varia
689 5212 861 5264 testamenta
897 5224 949 5280 per
1005 5229 1070 5285 gem
1087 5212 1167 5269 dedit
1182 5213 1209 5267 ai
1224 5218 1407 5284 etproecepta
1420 5211 1496 5278 vitre,
1523 5225 1588 5265 cum
1611 5224 1646 5265 eo
1674 5208 1796 5280 loquens
1823 5207 1854 5263 ia

102 5296 246 5366 malignos
263 5296 379 5367 spiritus
393 5297 469 5352 Deus
480 5295 601 5367 irrogat,
615 5296 800 5352 ulteriorem
831 5296 900 5353 ildoi
924 5302 952 5354 et
1007 5302 1093 5358 nube.

101 5385 286 5440 dilectionem
300 5384 453 5456 frigescere
468 5384 584 5441 iaciant.
1042 5393 1124 5447 Vens.
1152 5393 1178 5445 s.
1208 5420 1243 5433 -
1265 5392 1300 5446 Et
1322 5391 1512 5445 circumclusit
1539 5403 1610 5455 cum,
1637 5391 1689 5440 etc.
1717 5385 1856 5441 Describit

142 5473 690 5546 Vaas.tt.-Gelusicutsalcm,etc.
713 5475 820 5544 idest,
849 5475 951 5533 sterili·
1006 5476 1096 5534 ritum
1125 5476 1228 5533 1111111
1243 5476 1396 5534 sacerdotii
1409 5481 1437 5533 et
1460 5481 1594 5533 ornatum
1608 5473 1764 5545 pontilicis,
1791 5489 1856 5548 qaae

260 5583 398 5650 Parnoi..
425 5582 529 5650 Clllll.
1594 5593 1635 5651 311
