3892 6106
75 273 148 329 tots
644 273 772 331 cwssa
789 275 992 335 DRDllidllld.
1011 305 1046 318 -
1064 277 1131 335 tle.
1151 277 1274 335 PSALU.
1760 279 1831 337 toti

69 393 177 450 rationi
201 393 308 450 Veteris
334 394 529 463 Testamenti3
556 400 680 468 prosunt
707 398 802 466 alteri,
825 399 856 456 id
879 400 962 457 esth
980 398 1104 456 rioribus
1118 415 1176 455 nun
1191 404 1366 469 estcertum,
1381 400 1430 456 sed
1454 399 1478 455 ei
1492 404 1619 470 manent,
1647 415 1706 458 non
1732 401 1764 457 in
1787 417 1827 472 se,

73 500 169 540 noroe.
608 552 612 565 .
981 489 1029 557 sed
1043 489 1073 544 in
1087 489 1146 545 Deo
1166 492 1293 544 manent.

107 575 192 629 Vens.
209 576 255 628 20.
284 602 319 614 -
333 574 405 640 onio
416 575 570 644 prospexit,
586 577 640 629 etc.
670 572 769 646 (Anu.)
793 577 863 632 Post
871 592 925 647 ge-
1015 579 1097 633 Vens.
1116 580 1160 633 28.
1174 607 1209 619 -
1232 581 1267 634 Et
1280 580 1349 632 sicut
1363 579 1526 647 opertorium
1550 578 1668 633 mutabis
1681 594 1734 637 eos.
1761 579 1829 637 θῶ·

71 663 162 720 mitns
176 661 309 731 dolentis,
327 663 389 734 jam
406 666 474 717 sunt
495 663 583 718 rerba
596 664 835 734 consolationum,
863 666 925 736 jam
979 664 1023 720 los
1046 666 1152 738 accipe,
1178 666 1228 738 qui
1250 666 1349 720 omnia
1370 664 1514 736 operiunt,
1542 665 1593 736 qui
1622 665 1709 721 etium
1731 670 1827 722 mute·

69 751 179 823 gaudet
190 766 310 822 pauper.
335 750 449 822 utquiu
464 751 659 821 supradixit:
684 753 852 822 AEdifieouit
867 757 926 811 Do-
979 754 1097 810 buntur.
1118 758 1155 812 Et
1168 757 1237 810 unni
1255 757 1297 810 tei
1321 770 1374 809 non
1388 753 1520 822 Dictat.
1542 753 1641 824 (Aue.)
1662 754 1718 819 Qui
1744 758 1830 811 erunt

70 840 259 908 mirtusSion3
275 839 388 895 etitem
405 855 412 894 :
435 840 597 897 Scribuntur
615 842 686 908 tam
701 842 790 898 modo
812 848 924 898 utrum·
978 843 1009 898 iu
1033 844 1215 915 generatione
1240 841 1469 914 generationum.
1490 841 1543 896 Sed
1560 857 1597 895 an
1611 841 1651 895 ihi
1664 858 1725 897 esse
1746 847 1827 913 pute-

71 945 132 1001 que
148 929 288 994 dectarut3
304 927 387 999 quasi
401 927 455 983 hoc
469 932 514 983 est
534 927 611 999 quod
635 928 706 983 dixit
729 929 924 1001 scribendum,
978 933 1089 989 rimus?
1114 933 1226 1005 Utique,
1251 931 1319 1003 quia
1336 931 1396 1000 sitii
1424 945 1563 986 seruorum
1583 936 1690 988 tuorum
1716 931 1825 987 habite·

71 1018 307 1087 quiaprosperit.
979 1020 1054 1075 hunt.

105 1109 261 1176 Prospeait.
284 1105 319 1160 Dt
345 1104 492 1175 preterita
519 1103 598 1172 dicit,
619 1110 786 1177 quaerant
810 1107 919 1166 lutura.
1013 1109 1095 1164 Vens.
1119 1112 1163 1163 29.
1181 1140 1215 1148 -
1241 1108 1306 1163 Filii
1319 1122 1466 1163 seruorum.
1492 1107 1585 1178 (Aac.)
1601 1108 1636 1162 Ut
1657 1107 1711 1163 lilii
1734 1108 1825 1165 iutra·

105 1197 190 1249 Vens.
216 1197 260 1249 21.
287 1223 321 1235 -
349 1194 575 1264 compeditorum.
607 1193 706 1265 (huc.)
734 1195 832 1250 Timor
862 1197 921 1265 Dei,
978 1201 1081 1252 verunt
1093 1201 1199 1252 terram
1213 1195 1422 1268 promissionis,
1435 1200 1502 1266 etc,
1516 1197 1732 1267 usoueodcum
1744 1196 1825 1253 omni

70 1282 224 1355 compedes
238 1286 315 1349 sunt,
336 1286 402 1350 etc,
418 1297 503 1352 usque
517 1282 554 1337 od
564 1285 592 1336 et
602 1282 701 1337 solutis
713 1288 865 1339 vertuntur
891 1285 923 1340 in
977 1284 1102 1340 novitate
1121 1284 1259 1349 liliorum,
1768 1285 1773 1294 '

66 1371 202 1443 gloriam.
234 1369 337 1441 (Cass.)
366 1370 537 1441 compediti.
563 1371 750 1439 sanctiate,
777 1387 862 1443 usque
885 1374 923 1429 od
1011 1372 1091 1427 Filii.
1109 1372 1209 1427 Hilaris
1224 1371 1379 1426 conclusio.
1396 1369 1461 1426 Filii
1475 1371 1680 1443 prophetarum
1696 1378 1726 1429 et
1752 1389 1825 1444 spo·

70 1458 149 1513 unde
171 1457 201 1512 in
224 1457 390 1529 generalem
412 1456 569 1512 Ecclesiam
596 1457 740 1512 concurrit
758 1473 851 1513 sermo
873 1473 922 1512 eo·
977 1459 1127 1526 stolorum,
1141 1461 1247 1515 nedum
1263 1460 1328 1533 ipsi.

65 1562 145 1602 rum.
163 1548 197 1602 Ut
220 1547 333 1601 solueret
349 1547 429 1615 lilios.
448 1544 546 1616 (Auo.)
561 1546 616 1600 Nos
630 1550 727 1602 eutem
746 1561 846 1601 sumus
868 1545 923 1601 filii
1011 1549 1116 1604 Semen.
1129 1549 1231 1621 Opera,
1248 1549 1324 1604 unde
1338 1549 1594 1604 tructusaeternus.

66 1635 188 1690 illorum
201 1634 447 1704 mortificatorum,
463 1634 514 1706 qui
537 1633 676 1691 solvimur
698 1650 716 1690 a
742 1635 827 1691 nudis
850 1650 958 1735 pec·B
1011 1638 1163 1705 Diripetur.
1181 1636 1333 1702 Quianihil
1348 1636 1562 1692 turtumintrat.

72 1726 217 1792 catorum,
232 1727 261 1777 et
276 1722 398 1778 vinculis
412 1722 613 1794 cupiditatum.

110 1813 193 1867 vna.
222 1814 268 1868 m.
298 1841 332 1852 -
350 1811 505 1882 meones
529 1814 555 1867 ee
582 1815 613 1867 m
640 1814 688 1868 oea
713 1811 827 1869 errrore
855 1827 920 1868 sea.
1281 1778 1438 1835 PSALMUS
1457 1779 1513 1835 ⁰¹¹·

66 1900 173 1972 (Cass.)
188 1900 295 1966 Quarta
314 1916 391 1971 pars,
414 1900 472 1969 uhi,
495 1904 562 1972 post
588 1901 792 1956 certitudinem
816 1901 920 1969 venire,
1010 1902 1093 1957 Vens.
1110 1904 1137 1957 2.
1167 1931 1201 1943 -
1227 1903 1352 1967 Benedie,
1379 1904 1481 1957 animo.
1512 1902 1604 1975 (Auo.)
1631 1904 1699 1958 Post
1725 1918 1824 1975 preces

66 1989 228 2061 dicitquod
244 1988 346 2045 desua
367 1990 505 2044 brevitate
520 1989 556 2045 ad
571 1990 761 2046 eternitatem
785 1994 920 2045 transeat.
974 1989 1111 2061 pauperis
1124 1989 1269 2061 praecunia
1282 1990 1446 2062 gaudentis.
1472 1990 1578 2047 Omnes
1593 1989 1689 2063 quiin
1713 1991 1824 2049 Christo
1840 2060 1845 2065 Ι

68 2078 172 2149 (Aue.)
186 2078 345 2148 Respondit.
359 2077 431 2143 Quia
447 2096 454 2131 ι
482 2078 560 2147 Dico,
581 2083 614 2133 ut
628 2078 798 2134 annuntiem
814 2093 921 2134 nomen
974 2078 1143 2150 questurus
1157 2079 1244 2134 homo
1270 2083 1346 2148 eunt,
1361 2079 1413 2152 qui
1429 2079 1532 2134 excitat
1559 2082 1588 2134 et
1612 2079 1742 2135 hortatur
1760 2079 1823 2137 ani·

68 2165 186 2222 Domini
195 2172 224 2221 et
238 2165 352 2221 laudem
367 2166 429 2237 ejus
442 2166 474 2220 iu
492 2166 660 2234 Jerusalem,
687 2171 752 2234 ete,
776 2181 861 2236 usque
884 2165 921 2222 od
973 2183 1051 2223 mam
1067 2183 1158 2236 suam,
1176 2172 1207 2223 ut
1220 2167 1370 2223 benedicat
1384 2167 1549 2234 Dominum,
1578 2169 1678 2223 volens
1697 2168 1824 2225 diffinire

66 2272 130 2311 nun
146 2254 314 2321 coutemnit,
330 2254 380 2309 sed
394 2254 634 2310 fructumreddit.
650 2255 800 2324 Respondit
826 2257 861 2310 ei.
888 2254 921 2311 ld
973 2272 1025 2310 eur
1056 2255 1278 2324 benedicendus,
1307 2271 1344 2310 ne
1379 2255 1443 2327 quis
1478 2255 1514 2310 ad
1539 2257 1594 2311 huc
1624 2256 1707 2327 piger
1742 2257 1823 2313 inve·

64 2350 120 2414 est,
137 2344 226 2400 credit
245 2342 434 2398 resurrexisse
449 2342 603 2398 Christum.
620 2343 674 2399 Sed
699 2342 922 2414 quiaprrevislet
974 2345 1080 2400 niatur.
1097 2345 1195 2400 Clausa
1222 2360 1299 2413 voce,
1324 2345 1349 2399 si
1376 2348 1419 2399 eet
1441 2345 1528 2399 homo
1542 2349 1594 2416 qut
1617 2345 1732 2413 eudiat;
1760 2345 1823 2400 sine

62 2434 208 2506 quosdam
226 2431 360 2501 dicturus,
388 2431 444 2487 tuit
465 2430 585 2503 quidem
613 2431 761 2503 quondam
796 2431 921 2487 Ecclesia
972 2448 1051 2500 roes,
1065 2434 1212 2488 sinoneet
1233 2433 1283 2504 qui
1297 2433 1395 2488 audiat
1419 2432 1515 2498 homo,
1544 2433 1613 2505 quia
1629 2432 1711 2489 audit
1734 2435 1820 2489 Deus.

64 2537 248 2593 congregans
258 2535 357 2575 omues
371 2519 402 2573 in
417 2535 517 2588 unum,
532 2520 582 2575 sed
591 2519 777 2590 jamdesinit.
973 2521 1077 2592 (Cass.)
1095 2522 1148 2576 Per
1162 2536 1214 2575 sua
1227 2520 1365 2576 beneficia
1379 2522 1511 2576 hortatur
1527 2521 1694 2576 benedicere
1719 2521 1819 2578 Deum.

103 2612 282 2687 Paucitotem,
304 2607 410 2680 inquit,
425 2608 531 2664 dierum
553 2624 694 2664 meorum:
715 2624 775 2663 non
803 2609 919 2665 aeterni·
975 2608 1069 2679 (Auo.)
1084 2610 1228 2680 Propheta
1250 2609 1280 2663 in
1293 2624 1418 2679 persona
1433 2609 1575 2681 generalis
1590 2609 1663 2680 justi
1690 2609 1820 2681 loquens,

68 2704 159 2756 tutem
173 2698 300 2766 illorum,
333 2696 382 2751 ubi
396 2712 455 2763 eru,
475 2697 524 2752 ssd
546 2698 720 2767 temporales
732 2697 802 2766 dies,
824 2714 921 2770 quan·
973 2697 1131 2753 secundum
1145 2697 1322 2768 superiorem
1337 2697 1395 2752 rim
1422 2697 1536 2764 animae,
1554 2697 1583 2753 id
1610 2701 1653 2752 est
1667 2697 1820 2766 rationem,

70 2789 121 2845 diu
137 2804 187 2843 cru
202 2787 232 2842 iu
243 2786 298 2842 huc
312 2786 425 2841 saeculu.
437 2788 542 2844 Nuntio
555 2788 633 2841 mihi.
656 2787 777 2857 Propter
790 2786 854 2842 illos
869 2786 920 2859 qni
973 2786 1140 2840 exhortatur
1153 2785 1328 2840 animemed
1347 2785 1586 2853 benedicendum,
1615 2785 1732 2841 dicens:
1757 2787 1823 2844 Noli

68 2877 180 2940 dicunt,
189 2874 251 2945 jam
261 2888 321 2928 non
334 2888 396 2928 esse
411 2873 576 2928 Ecclesiam.
593 2874 656 2928 Non
671 2878 752 2929 vacat
775 2890 829 2928 vox
854 2873 918 2938 ista,
972 2874 1107 2931 obliuisci.
1122 2875 1184 2929 Nun
1195 2874 1232 2930 sit
1255 2879 1322 2929 ante
1349 2874 1448 2929 oculus
1462 2873 1612 2931 delectatio
1637 2875 1754 2945 peccati,
1771 2875 1821 2932 sed

67 2981 129 3020 nun
143 2962 291 3020 estinanis
304 2961 417 3033 petitio.
437 2962 501 3033 lpsa
516 2961 594 3017 enim
608 2961 665 3032 ria,
680 2961 710 3017 id
725 2967 768 3017 est
778 2960 916 3029 Christus,
937 2957 1119 3017 Gdamnatio
1134 2967 1164 3018 et
1183 2962 1314 3018 remissio
1341 2962 1392 3019 Dei
1406 2963 1521 3034 :cogita
1536 2964 1634 3018 omnia
1656 2964 1732 3019 mala
1758 2968 1819 3035 tua,

66 3054 110 3108 sic
128 3050 332 3107 annuntiavit:
364 3050 506 3108 Vobiscum
528 3065 589 3106 snm
613 3065 698 3120 moue
725 3050 763 3105 od
791 3065 918 3106 eonsum-
973 3050 1042 3120 quia
1069 3054 1140 3121 quot
1171 3066 1214 3119 ea,
1238 3054 1280 3105 tot
1317 3051 1399 3106 hona
1429 3051 1634 3107 retributiones
1671 3052 1732 3108 Dei.
1767 3055 1820 3111 De·

65 3143 214 3197 mationem
249 3139 342 3194 wenti
379 3139 487 3206 (lintsh.
529 3137 635 3209 ιιιιιι).
668 3139 771 3192 'lotum
804 3142 918 3209 tenipus
973 3139 1140 3195 tributiones.
1167 3140 1231 3194 Non
1262 3138 1442 3194 tributiones.
1471 3139 1583 3195 Tribuit
1617 3141 1705 3195 humo
1744 3139 1821 3195 mala

66 3245 161 3302 usque
175 3227 211 3284 ad
225 3226 324 3294 linem,
335 3229 377 3280 est
390 3225 440 3281 illa
448 3224 590 3296 exiguitas
603 3224 715 3280 dierum
728 3241 735 3280 :
750 3224 819 3297 quia
832 3239 918 3279 omne
972 3243 1026 3298 pru
1038 3225 1133 3295 bonis,
1148 3231 1177 3282 et
1195 3227 1329 3283 retribuit
1351 3228 1378 3283 ei
1393 3229 1468 3283 Deus
1482 3229 1557 3284 hona
1570 3244 1623 3300 pro
1638 3227 1731 3283 malis.
1756 3226 1819 3283 l’ri·

65 3318 147 3391 quod
161 3316 263 3372 fluitur
277 3314 415 3386 exiguum
424 3318 477 3381 est,
493 3318 526 3369 ut
535 3312 603 3369 iude
619 3317 782 3369 transeatur
795 3313 825 3368 iu
834 3318 917 3369 nter·
972 3314 1046 3384 buit,
1058 3329 1124 3369 cum
1138 3330 1184 3370 me
1199 3314 1273 3383 iecit,
1290 3315 1423 3371 retribuit
1434 3332 1500 3371 cum
1512 3316 1658 3389 justificat.

67 3406 385 3464 nitatemlinntioet:
1008 3403 1094 3457 Vens.
1118 3404 1196 3458 3.-
1224 3404 1276 3472 Qui
1298 3407 1479 3474 propitietur.
1508 3404 1605 3475 (Aue.)
1628 3405 1685 3460 llue
1712 3403 1820 3476 agitin

104 3497 186 3552 Vsus.
215 3493 259 3549 24.
289 3522 324 3532 -
349 3492 387 3550 Ne
414 3505 518 3546 reuooes
546 3505 586 3545 me
613 3492 644 3545 in
670 3491 786 3546 dimidio
812 3491 919 3548 dierum
971 3490 1109 3561 baptismi
1136 3495 1326 3546 sacramento.
1356 3493 1409 3560 Qui
1429 3497 1511 3549 sonet
1534 3507 1622 3549 munes
1645 3495 1818 3563 infirmitates

67 3599 197 3642 meorum.
215 3581 331 3637 Nuneic
344 3579 404 3650 liat,
420 3583 454 3635 ut
473 3578 723 3646 haereticidieuut,
753 3583 818 3647 etc,
834 3596 918 3650 nsque
972 3581 1044 3634 tuos.
1075 3580 1133 3634 lloc
1150 3579 1211 3651 agit
1234 3581 1266 3635 in
1281 3579 1339 3635 vita
1361 3580 1454 3637 fidelis
1469 3580 1605 3649 hominis,
1626 3581 1695 3636 dum
1719 3596 1820 3636 cuncu-

68 3674 107 3730 ud
127 3672 178 3728 sed
203 3686 263 3726 nou
289 3676 356 3725 suut
396 3667 453 3723 nisi
486 3666 609 3736 dimidii,
640 3667 665 3721 si
691 3682 748 3721 nun
776 3667 919 3723 addantur
971 3665 1056 3737 piscit
1069 3682 1134 3720 caru
1159 3666 1295 3722 adversus
1319 3667 1463 3739 spiritum,
1479 3673 1512 3722 nt
1540 3667 1564 3721 si
1594 3683 1659 3739 quae
1683 3668 1819 3723 nolumus

68 3758 181 3818 gurni,
971 3753 1124 3818 iaciamus;
1152 3754 1203 3826 qui
1217 3755 1370 3827 languores
1394 3755 1540 3809 vetustatis
1555 3756 1590 3810 de
1615 3754 1661 3809 die
1688 3754 1819 3810 indiam

104 3847 187 3902 Vns.
205 3847 250 3900 25.
278 3873 313 3885 -
331 3845 561 3899 Inuiuuirtutis.
580 3840 676 3914 (hund
705 3842 738 3897 ln
766 3841 832 3910 lide,
861 3857 920 3914 qua
972 3847 1115 3897 crescente
1133 3841 1258 3897 novitate
1286 3847 1424 3897 sanantur
1436 3858 1471 3897 ex
1496 3842 1562 3910 lide,
1578 3858 1643 3914 quae
1667 3858 1720 3912 per
1750 3842 1820 3898 dile·

70 3932 261 3992 resurrexisse
287 3931 379 3987 credit
406 3931 561 3987 Christum.
574 3931 626 3986 Via
641 3930 754 3985 uirtutis
767 3930 823 3985 init
840 3929 920 3986 Chri·
973 3930 1099 3985 ctionem
1114 3936 1262 4001 operatur.

70 4029 132 4080 stus
148 4026 214 4095 post
238 4019 489 4089 resurrectionem,
505 4035 572 4074 cum
601 4019 661 4090 jam
689 4034 748 4074 nun
772 4017 918 4088 infirmus,
1009 4019 1088 4073 Vnus.
1122 4020 1149 4075 4.
1178 4049 1214 4060 -
1242 4021 1295 4089 Qui
1323 4018 1444 4088 redimit,
1483 4018 1516 4073 de
1538 4021 1710 4089 corruptione
1733 4021 1820 4075 uitam

70 4114 121 4170 sed
136 4111 230 4180 fortis,
246 4110 277 4165 iu
291 4109 362 4165 coelo
387 4112 469 4164 vocat
482 4108 649 4164 Ecclesiam.
665 4107 739 4163 Laus
768 4106 838 4163 fldei
865 4111 917 4177 est,
975 4112 1059 4162 tuum.
1088 4107 1146 4162 lloc
1173 4107 1206 4163 lit
1219 4107 1251 4162 iu
1266 4107 1366 4161 ultima
1391 4106 1599 4162 resurrectione
1627 4111 1819 4163 mortuorum.

71 4200 218 4272 nunquia
231 4197 491 4264 creditmortuum,
507 4196 582 4268 quod
609 4200 638 4251 et
665 4197 796 4266 Paganus
818 4196 917 4264 credit,
977 4196 1032 4262 Qui
1042 4200 1161 4262 coronat,
1177 4201 1231 4251 etr..
1251 4197 1308 4251 lloc
1321 4195 1355 4250 iit
1364 4194 1484 4267 judicio,
1500 4197 1550 4251 uhi
1575 4212 1641 4252 cum
1666 4212 1715 4251 rex
1741 4196 1821 4252 sede-

70 4291 122 4348 sed
136 4288 338 4362 glorificatum.
976 4284 1015 4339 rit
1028 4284 1059 4339 in
1073 4285 1191 4354 throno,
1205 4283 1370 4340 redditurus
1394 4285 1549 4358 unicuique
1562 4286 1720 4340 seeundum
1732 4299 1823 4356 opera

105 4379 167 4446 Vel,
194 4376 320 4433 breviter
344 4373 485 4430 diillnitnr
524 4372 626 4446 religio
655 4372 824 4439 christiam,
854 4387 922 4427 cum
975 4371 1047 4443 ejus,
1072 4371 1136 4444 quis
1158 4372 1328 4444 gloriabitur
1349 4389 1378 4429 ee
1406 4373 1512 4429 habere
1537 4374 1692 4446 gloriosum
1720 4388 1771 4428 cur
1794 4377 1822 4428 et

71 4467 179 4525 dieitur
190 4468 238 4522 oio
251 4465 373 4521 uirtutis.
975 4460 1117 4516 muudum
1130 4477 1147 4515 a
1161 4462 1296 4532 peccatu?
1320 4461 1387 4518 ldeo
1402 4463 1594 4517 necessarium
1613 4461 1670 4517 iuit
1693 4477 1821 4517 comme·

105 4556 168 4624 Vel,
183 4560 214 4610 tn
240 4551 427 4626 generatione
441 4550 671 4624 generationum.
701 4551 749 4606 Est
773 4549 921 4621 generatio
977 4564 1090 4605 morare
1103 4548 1164 4604 illie
1176 4549 1405 4605 misericordiam
1415 4554 1444 4606 et
1456 4550 1666 4618 miserationes,
1682 4550 1734 4606 uhi
1748 4549 1823 4607 vide-

70 4643 304 4719 generationum,
323 4657 388 4713 qun
403 4655 461 4696 non
470 4640 582 4708 transit,
597 4640 716 4695 collecta
728 4639 763 4694 de
776 4639 920 4706 omnibus,
975 4637 1113 4693 durentur
1126 4637 1166 4692 sic
1179 4638 1261 4694 reddi
1275 4639 1381 4708 dehita,
1392 4642 1427 4694 ut
1442 4639 1539 4695 nullus
1554 4643 1628 4694 esset
1641 4640 1721 4695 lucus
1736 4638 1822 4695 mise·

69 4734 100 4790 id
115 4737 159 4789 eet
186 4730 286 4787 sancti.
316 4731 350 4785 ln
373 4729 423 4785 illa
438 4733 524 4784 erunt
548 4728 618 4784 anui
645 4728 769 4796 Domini,
793 4727 924 4800 quinon
976 4725 1118 4782 ricordiae.

69 4824 230 4888 tranmant,
246 4818 276 4875 id
292 4823 337 4874 est
362 4817 507 4873 eternitas
533 4816 593 4885 Dei,
623 4833 688 4888 qnae
712 4821 756 4872 est
777 4816 841 4887 ipsa
855 4817 921 4872 suh·
1011 4816 1093 4871 Vens.
1114 4817 1140 4870 5.
1154 4844 1191 4858 -
1215 4818 1250 4873 Ut
1274 4817 1373 4886 aquilas
1386 4815 1519 4886 juventas
1544 4820 1601 4871 tuo.
1618 4813 1710 4886 (Aue.)
1738 4814 1823 4871 Simi-

71 4910 179 4966 stantia
192 4907 253 4977 Dei,
268 4905 341 4962 nihil
353 4905 462 4961 hahens
476 4904 623 4960 mutabile.
976 4903 1067 4958 litudu
1079 4907 1160 4959 tanta
1170 4905 1237 4960 data
1247 4909 1300 4972 est,
1315 4909 1380 4973 etc,
1396 4919 1481 4974 usqne
1500 4904 1539 4959 od
1566 4902 1671 4974 quihus
1698 4907 1824 4959 vetustas

106 5000 190 5054 Vana.
206 4999 252 5052 26.
263 5025 298 5037 -
314 4997 400 5051 Initio
411 4998 452 5062 tu,
472 4996 594 5051 Domine.
613 4992 709 5060 Quasi,
730 5008 767 5047 ne
794 5007 921 5060 revoces,
976 4991 1080 5048 clausit
1092 5008 1134 5061 os,
1150 4993 1247 5049 oblitis
1260 4993 1434 5048 munducare
1446 5007 1552 5063 panem
1566 4996 1706 5047 nostrum.

69 5088 142 5162 qnia
155 5086 193 5143 ad
204 5084 395 5141 eternitatem
411 5083 507 5153 tendo,
538 5098 624 5154 quam
649 5081 776 5154 exponit,
805 5080 922 5137 dicens:
1013 5081 1096 5138 Vens.
1123 5085 1151 5138 t.
1179 5113 1212 5123 -
1237 5083 1358 5138 Fucinus.
1388 5080 1499 5153 (dun).
1523 5080 1653 5137 Secunda
1675 5096 1752 5152 pars,
1774 5079 1824 5135 uhi

66 5177 157 5234 Initio
167 5180 208 5245 tn,
222 5177 346 5241 Domine,
363 5177 464 5229 mom
475 5172 613 5241 flmdosti.
977 5172 1077 5224 munet
1089 5169 1258 5225 benedicere
1268 5185 1321 5239 par
1347 5184 1472 5240 easquae
1498 5167 1624 5240 antiquis
1643 5168 1718 5223 facta
1744 5170 1823 5234 sunt,
1903 5204 1906 5211 -

106 5266 191 5320 Vane.
218 5265 264 5319 27.
293 5293 327 5305 -
345 5262 404 5333 ipsi
420 5261 558 5332 peribunt.
585 5258 681 5332 (Auo.)
703 5257 761 5330 lpsi
786 5256 850 5313 coeli
870 5271 924 5327 pe-
978 5261 1007 5312 et
1027 5258 1151 5328 posteris
1173 5256 1254 5312 liunt.
1277 5257 1492 5313 Misericordiae.
1508 5256 1584 5322 Quae
1599 5258 1823 5328 consequentur.

66 5354 182 5417 ribunt.
200 5351 235 5407 de
250 5350 390 5423 proximis
403 5355 487 5405 terra
505 5349 560 5404 hoc
574 5351 699 5415 constat;
727 5346 803 5402 unde
826 5349 855 5401 et
872 5347 924 5401 Pe·
978 5345 1028 5418 qui
1048 5345 1182 5402 inimicos
1205 5344 1339 5416 diligunt,
1369 5350 1436 5414 etc,
1456 5361 1541 5415 usque
1563 5345 1602 5401 od
1625 5349 1690 5416 post
1716 5345 1824 5400 miseri·

66 5449 134 5500 trus
152 5457 160 5495 :
178 5441 403 5496 Terrooutsmet
416 5439 475 5493 onii
488 5439 537 5507 qui
554 5451 626 5492 nuno
639 5439 712 5503 sunt,
727 5435 818 5490 eodem
843 5434 923 5491 verto
978 5433 1102 5491 cordium
1116 5433 1195 5490 euim
1223 5423 1321 5490 subdit
1342 5435 1377 5490 de
1402 5433 1523 5507 judicio,
1552 5433 1659 5502 dicens,
1687 5435 1724 5490 ttt
1744 5431 1826 5504 ‚iudi-

66 5530 187 5604 repositi
205 5532 270 5584 sunt
296 5528 358 5598 igni
379 5528 513 5584 reseruati
525 5524 574 5596 (ΙΙ
596 5526 669 5581 Patr.
686 5522 741 5596 ιιι).
770 5524 811 5580 De
834 5538 922 5595 eupe-
978 5525 1060 5580 ciuem
