3892 6106
144 245 196 298 895
474 240 670 297 tentaretur
689 240 813 296 statut
833 238 931 294 autb.
954 238 1035 293 holt.
1060 237 1135 309 OPP.
1158 239 1245 293 PARS
1265 239 1286 294 Ι.
1306 267 1341 277 -
1359 235 1597 294 rueototlca.
1854 240 1899 295 em

147 365 247 422 letitia
260 366 345 437 tagit,
359 364 408 420 isti
423 380 480 419 uon
494 379 552 417 9999
568 362 681 424 animae,
697 361 746 417 sed
766 366 829 415 vota
843 360 879 416 ad
904 361 995 415 Deum
1013 360 1038 415 Α
1052 364 1148 415 199999
1160 365 1297 432 utrosque
1311 359 1412 424 991999,
1433 359 1486 414 hos
1499 357 1690 430 corporaliter
1701 362 1830 429 tantum,
1843 359 1901 416 illos

145 460 326 523 convertunt,
343 459 371 509 et
386 454 415 508 in
431 454 493 524 ejus
513 452 655 517 laudibus,
671 449 774 505 nonin
793 449 996 517 9999999199-
1049 453 1077 505 et
1091 448 1288 521 spiritualiter,
1304 448 1334 504 in
1349 465 1407 519 quo
1432 463 1538 520 magna
1553 447 1766 505 misericordia.

144 543 238 599 titiam
255 529 375 615 ponunt,
391 557 454 612 que
469 545 512 594 ast
525 544 674 610 perpetua.
1084 538 1166 593 Vaas.
1183 540 1209 592 8.
1228 568 1262 578 -
1277 538 1421 605 Homines,
1434 542 1488 592 919.
1516 536 1609 592 Etiam
1622 535 1803 608 temporalia
1816 551 1834 591 a
1848 538 1899 592 Oea

183 634 264 687 Vaas.
288 633 333 685 98.
358 658 392 669 —
422 631 458 684 Et
481 625 835 694 11999999999111911199
850 625 996 694 jmtitiam
1049 625 1258 681 999999199111.

147 727 230 776 tuom.
246 721 345 786 (hue.)
361 719 418 772 1199
433 716 492 780 fiat,
512 714 612 771 etmel
627 713 827 785 praedicatores
844 729 878 767 ex
903 711 996 766 studio
1084 716 1164 770 Vaas.
1187 718 1217 770 9.
1248 743 1285 756 -
1311 714 1532 770 inebriabuntur.
1556 713 1622 786 (19.)
1649 714 1714 769 lton
1746 719 1840 786 potest
1861 731 1901 769 res

146 807 321 863 nuntiabunt
348 809 376 860 te
410 805 533 875 justum,
563 803 612 874 qni
643 802 782 873 proruisse
808 800 946 872 implesti,
968 805 997 855 et
1049 803 1183 875 exprimi,
1195 802 1245 858 sed
1260 819 1312 873 999
1325 803 1399 858 hanc
1414 802 1634 858 similitudinem
1650 802 1764 872 innuit,
1780 808 1812 859 ut
1830 804 1900 876 pleni

147 896 244 951 999919
258 893 497 950 universaliterin
509 892 614 964 quibus
627 891 797 947 landandus.
816 891 918 959 (Cass.)
935 891 997 945 tiu·
1051 897 1177 947 mentem
1206 892 1337 963 perdant,
1368 906 1405 944 ne
1432 906 1499 945 suos
1523 890 1585 961 Jam
1610 895 1775 963 agnoscant
1802 895 1898 961 patres,

145 999 279 1054 9999999.
304 983 414 1054 Lingua
429 983 492 1054 eius
509 981 643 1037 meditata
656 985 699 1035 est
711 979 864 1050 justitiam,
880 977 996 1049 quando
1050 980 1134 1045 tilios,
1149 985 1326 1050 ceterosque
1342 978 1457 1032 amieos.
1474 977 1535 1044 Vel,
1564 982 1633 1033 tunc
1656 977 1686 1032 in
1702 993 1737 1032 re
1757 976 1841 1045 ebrii,
1856 979 1900 1049 qui

148 1075 260 1128 Novum
273 1073 488 1129 Testamentum
507 1070 630 1142 populus
645 1068 817 1140 predicavit.
1050 1069 1137 1124 modo
1149 1072 1277 1139 sperant.
1295 1069 1429 1121 Torrmte.
1441 1066 1544 1131 Quasi:
1568 1066 1697 1136 lmpatns
1721 1065 1782 1120 erit
1809 1066 1900 1137 gratie

1051 1160 1080 1210 et
1094 1152 1297 1210 misericordia
1326 1155 1361 1211 ad
1385 1153 1581 1209 inebriandos.
1597 1152 1661 1224 (19.)
1678 1156 1821 1208 Torreute.
1844 1155 1901 1208 lion

437 1211 591 1268 PSdleUS
609 1212 707 1267 xxxv·
1050 1251 1083 1299 ut
1094 1243 1258 1298 transitoria
1274 1243 1311 1299 sit
1325 1242 1483 1307 beatitudo,
1499 1243 1548 1297 sed
1562 1242 1689 1313 copiosa.
1699 1242 1763 1310 Vel,
1774 1241 1900 1297 voluntas

184 1337 264 1392 Vens.
294 1340 319 1391 1.
335 1365 369 1376 -
398 1338 429 1392 19
452 1339 531 1406 finem
550 1350 644 1392 sermo.
673 1335 776 1405 (Cass.)
802 1335 867 1406 Agit
887 1333 934 1389 hie
961 1334 996 1390 19
1050 1337 1100 1387 tua
1114 1331 1144 1386 in
1159 1330 1499 1401 homineomniarnmpit
1512 1329 1669 1385 obstacula.
1686 1330 1751 1396 Vel,
1767 1329 1899 1401 sapientia

147 1441 243 1480 errore
258 1426 450 1497 quorumdam
464 1429 530 1492 919.,
555 1440 640 1494 usque
662 1424 699 1478 ad
722 1423 772 1495 qni
792 1428 888 1478 199999
903 1422 997 1478 immi·
1051 1419 1154 1476 Christi
1165 1425 1286 1488 torrens,
1300 1418 1471 1491 quiasubita
1483 1424 1512 1474 et
1525 1418 1637 1490 rapida.

148 1519 198 1569 991
213 1514 355 1570 omnibus.
1093 1510 1172 1563 Vsus.
1195 1511 1237 1563 lO.
1259 1508 1391 1575 Quoniam
1410 1507 1486 1577 apud
1515 1511 1540 1563 19
1566 1512 1605 1562 991
1633 1509 1697 1574 [999
1722 1509 1799 1564 uita.
1816 1506 1899 1578 (Cas.)

182 1603 246 1658 Nou
260 1608 303 1658 est
316 1601 405 1657 timor
415 1606 481 1656 ante
495 1601 610 1656 oculos:
625 1599 693 1671 quia
709 1599 803 1667 dolus,
818 1600 847 1654 id
862 1604 915 1666 991,
927 1600 995 1672 quia
1052 1597 1137 1668 Apud
1151 1603 1184 1665 19,
1202 1596 1460 1664 (11191919,9911999,
1475 1595 1502 1650 11
1512 1598 1564 1663 ael,
1581 1595 1698 1650 initium
1710 1595 1898 1664 omnisbeui;

148 1691 227 1746 carni
242 1691 408 1747 obeditnon
425 1691 491 1758 Oeo,
506 1706 570 1744 cum
585 1689 657 1743 ratio
672 1687 749 1743 alind
765 1688 900 1754 insinuet,
917 1689 995 1761 quod
1052 1690 1081 1741 et
1095 1688 1124 1740 in
1140 1693 1186 1741 tuo
1213 1687 1322 1753 lumine,
1336 1685 1403 1756 quia
1416 1700 1468 1756 per
1483 1687 1544 1755 ejus
1559 1684 1799 1755 praedicationem
1830 1685 1900 1741 ride·

148 1779 244 1834 videat
260 1777 472 1834 Oeusetsinon
493 1777 585 1831 alius:
600 1776 654 1841 991,
682 1776 758 1846 qnod
776 1776 853 1830 uidet
873 1775 934 1848 ipse
950 1777 997 1831 in·
1052 1790 1117 1829 mus
1133 1775 1230 1829 lumen
1245 1773 1336 1829 Patris
1355 1777 1385 1828 et
1406 1772 1528 1844 Spiritus
1550 1772 1652 1840 999911,
1681 1776 1713 1828 91
1739 1772 1808 1828 1199
1828 1786 1899 1843 999-

144 1868 250 1938 justns,
266 1867 348 1922 aOeo
364 1866 425 1933 scit,
454 1870 485 1918 ut
508 1864 672 1918 invenietur
686 1863 902 1935 abipsoeodem
919 1865 996 1937 quod
1052 1863 1140 1934 199119,
1154 1867 1188 1918 91
1201 1864 1232 1917 19
1246 1864 1302 1918 hoc
1315 1863 1420 1917 seculo
1434 1861 1525 1919 tutius
1540 1866 1632 1917 eatur.

149 1955 289 2027 iniquitas
300 1971 350 2009 sua
377 1958 419 2008 est
429 1953 559 2008 habenda
574 1952 639 2007 odio
654 1953 730 2023 apud
744 1954 835 2008 Deum
850 1958 878 2008 et
897 1970 997 2010 omnes

151 2044 292 2099 homines·
1337 2004 1493 2061 asaneus
1506 2005 1617 2061 XXXVI.

186 2131 249 2202 (19.)
261 2132 368 2199 Primo,
384 2130 485 2186 9999911
500 2131 574 2185 mala
589 2146 650 2186 esse
663 2130 835 2186 9919999199.
1088 2132 1193 2202 (Cass.)
1205 2130 1333 2186 Psalmus
1350 2129 1462 2197 tertios,
1479 2128 1624 2201 alphabeti
1639 2128 1841 2201 imperiectio:
1865 2133 1900 2183 19

184 2223 305 2276 119991.
320 2251 355 2262 -
374 2222 453 2276 Dicit
478 2221 608 2289 injustus,
635 2224 689 2275 etc.
717 2219 908 2289 (0999.)’1199
932 2225 999 2278 snut
1050 2223 1096 2276 199
1107 2220 1333 2274 decurrentium
1349 2234 1474 2273 morum.

149 2324 255 2379 genera
265 2309 464 2379 peccantium:
481 2307 550 2379 quia
574 2308 616 2362 vel
633 2308 798 2362 infirmitate
823 2308 916 2363 caruis
940 2327 997 2365 non
1087 2310 1170 2364 Vsus.
1194 2313 1264 2364 t.-
1279 2309 1402 2364 Psalmus
1415 2306 1517 2363 Dauid.
1533 2307 1663 2363 Psalmus
1683 2305 1735 2362 hic
1759 2310 1806 2362 ast
1827 2305 1899 2378 quui

148 2402 269 2467 possunt
284 2396 365 2467 sequi
375 2395 455 2467 jussa
471 2396 542 2466 legis
559 2412 566 2462 ;
583 2397 624 2449 rel
654 2395 814 2466 blasphemi
829 2397 879 2468 qui
908 2398 997 2454 libere
1052 2398 1138 2452 vestis
1152 2397 1266 2465 Christi,
1295 2402 1467 2468 quetotum
1486 2411 1589 2467 corpus
1611 2394 1674 2466 ejus
1704 2395 1900 2467 9999191999-

150 2489 278 2554 peccant,
294 2484 376 2556 quasi
392 2485 466 2539 Deua
490 2500 550 2537 999
562 2483 722 2550 curethoc;
746 2485 821 2539 unde
833 2490 893 2539 est:
908 2487 996 2554 111911,
1051 2486 1150 2558 999119,
1164 2490 1330 2557 etprotegat
1344 2485 1379 2540 ab
1395 2483 1531 2551 adversis,
1549 2489 1577 2539 et
1598 2482 1681 2556 quasi
1704 2484 1773 2539 sinu
1797 2483 1902 2540 consilii

148 2576 202 2628 919.
215 2573 314 2643 (Auo.)
330 2571 488 2644 Descriptio
504 2572 597 2642 iniqui
613 2572 675 2627 viri.
702 2575 762 2630 Non
780 2579 819 2628 est
846 2577 927 2629 timor
938 2577 996 2630 Dei.
1052 2575 1155 2630 199991.
1168 2574 1250 2629 Potio
1261 2579 1360 2629 contra
1374 2574 1435 2628 illos
1444 2573 1494 2645 qui
1507 2576 1691 2628 murmurant
1707 2573 1744 2628 de
1759 2573 1835 2629 tlara
1847 2589 1900 2628 rna-

148 2662 233 2733 (Cas.)
249 2661 322 2727 Onia
334 2660 417 2716 dolus
431 2660 526 2716 noluit
542 2660 655 2716 studere
678 2660 746 2731 legi,
777 2678 834 2733 qua
847 2678 900 2734 per
914 2663 997 2735 igno-
1053 2664 1157 2728 lorum,
1172 2661 1271 2716 labore
1286 2660 1530 2732 bonorum,quasi
1543 2659 1642 2716 omnia
1651 2675 1721 2715 casu
1731 2666 1867 2732 agentur,
1876 2665 1903 2714 91

149 2751 272 2805 rentiam
289 2754 449 2805 excusetur.
1053 2750 1172 2816 mundo,
1187 2754 1284 2820 spreto
1300 2750 1370 2812 Deo,
1386 2748 1558 2804 adhereant
1576 2748 1670 2804 ldonet
1691 2748 1787 2820 igitur
1817 2750 1903 2805 119919·

185 2840 267 2894 Vnus.
294 2841 319 2893 3.
337 2838 468 2905 Quoniam
494 2837 592 2893 dolore.
620 2838 715 2909 (hue.)
741 2839 820 2894 119111
846 2839 999 2911 inquirunt
1052 2838 1095 2894 919
1106 2855 1141 2893 99
1157 2838 1222 2909 quis
1236 2838 1427 2909 malignantes
1441 2837 1582 2907 imitatur,
1604 2837 1654 2892 991
1681 2837 1810 2910 quiquid
1836 2836 1904 2893 honi

149 2926 316 2998 iniquitates
344 2942 419 2995 suas,
439 2931 504 2993 919.,
532 2942 617 2996 usque
640 2927 678 2982 ad
696 2943 748 2982 nec
774 2934 945 2984 excusantur
960 2925 1032 2986 deC
1052 2930 1194 3000 speratur,
1220 2943 1237 2981 a
1261 2926 1383 2982 11999199
1411 2926 1585 2998 postuletur,
1612 2925 1663 2998 qni
1699 2926 1855 2997 profutura
1876 2931 1904 2982 91

149 3015 323 3088 ignorantia.
1052 3021 1159 3073 aterna
1174 3017 1232 3071 dat.

185 3106 265 3161 Vens.
295 3105 322 3158 1.
354 3133 386 3151 ο-
424 3104 523 3160 Verbo.
550 3104 611 3173 119).
646 3104 778 3160 Ostendit
816 3104 998 3178 iniquitatem
1089 3106 1169 3159 Vens.
1195 3107 1221 3158 1.
1248 3132 1285 3145 -
1312 3104 1391 3160 Olera
1433 3103 1591 3158 ambarum.
1624 3102 1721 3172 (1199.)
1750 3103 1836 3160 11919
1862 3105 1904 3158 991

150 3198 217 3261 919.,
233 3192 368 3262 usquead
386 3198 419 3247 ut
432 3191 504 3246 bene
517 3198 625 3262 ageret.
1052 3193 1155 3261 hiems,
1171 3199 1236 3261 919.,
1261 3207 1346 3262 usque
1366 3192 1404 3247 aa
1417 3191 1486 3264 quia
1514 3191 1644 3247 nondum
1662 3191 1806 3263 apparuit
1828 3191 1903 3265 quod

188 3281 266 3334 Vnus.
283 3282 308 3334 5.
325 3280 512 3335 -19991111,
539 3280 636 3346 11991,
666 3280 803 3348 1999919,
822 3281 852 3336 in
873 3282 999 3353 quesibi
1052 3283 1170 3338 erimus.

151 3367 330 3438 complacent
340 3382 429 3438 opera
443 3368 537 3434 mala;
554 3373 583 3423 91
596 3369 649 3423 hoc
663 3372 716 3433 est,
728 3371 819 3424 astitit
837 3374 910 3426 omni
936 3375 996 3440 otae,
1088 3372 1184 3442 (Aue,
1200 3368 1289 3440 Cass.)
1305 3369 1389 3424 Olera
1400 3384 1460 3423 uon
1474 3368 1635 3434 hortorum,
1659 3369 1709 3423 sed
1733 3368 1902 3437 herbarum,

151 3454 998 3531 99999191199199999919999119911999,91991νί19999999199,
1052 3455 1082 3513 id
1097 3462 1149 3525 est,
1164 3455 1311 3525 vilissima,
1324 3472 1389 3528 que
1403 3472 1456 3527 999
1469 3470 1552 3527 agros
1567 3460 1667 3528 sponte
1678 3463 1848 3512 nascautur.
1860 3459 1902 3514 Fe

151 3543 199 3599 sed
214 3548 381 3598 tamennon
396 3544 491 3599 odivit.
507 3546 609 3601 Noluit.
638 3545 738 3615 (199.)
764 3546 921 3619 Nonquod
940 3564 998 3604 uon
1051 3562 1127 3613 uum,
1151 3544 1274 3614 nobiles,
1296 3545 1347 3616 qui
1373 3543 1456 3600 tacite
1469 3544 1647 3615 9991191991;
1668 3545 1761 3609 olera,
1793 3545 1903 3602 medio-

151 3632 263 3705 potuit,
278 3631 466 3703 perniciosius
494 3632 554 3701 agit
577 3637 676 3687 contra
701 3633 825 3706 seipsum
850 3635 900 3706 qui
923 3638 999 3708 quod
1052 3650 1130 3689 eres:
1144 3633 1194 3688 991
1208 3638 1236 3687 91
1251 3633 1292 3688 1111
1307 3634 1362 3688 9119
1378 3639 1520 3701 arescunt,
1531 3639 1561 3688 et
1575 3633 1604 3690 hi
1616 3633 1765 3690 decidunt

153 3720 996 3794 potestnonvult.Suntenimquaedamquae,etsivolunt,
1087 3723 1380 3778 venet—Desine.
1405 3721 1499 3792 (Aue.)
1530 3723 1574 3777 ira
1596 3722 1702 3787 subita,
1734 3724 1819 3779 furor
1843 3723 1901 3780 diu·

152 3825 208 3862 nou
224 3809 384 3880 intelligere
399 3809 532 3865 homines
546 3812 999 3883 possunt,nt:1upriueipioerat
1051 3811 1147 3878 tinus;
1163 3812 1211 3866 sed
1238 3816 1361 3883 utraque
1386 3810 1555 3879 deserenda,
1585 3828 1637 3882 per
1665 3828 1732 3883 quae
1758 3819 1899 3884 peccatur.

156 3898 280 3966 Verbum,
297 3903 327 3953 et
345 3903 488 3953 attamen
515 3899 588 3954 bene
611 3905 739 3972 agerent,
753 3901 916 3973 intelligere
931 3918 997 3973 pos·
1051 3899 1152 3969 (Cass.)
1166 3900 1223 3955 Hoc
1237 3899 1342 3955 dicitur
1353 3898 1380 3954 91
1395 3899 1445 3971 qui
1461 3900 1554 3954 adhuc
1567 3898 1714 3966 inllrmus,
1729 3907 1800 3969 919.,
1821 3917 1901 3973 usqua

151 3989 277 4042 999119
291 3987 375 4042 cubili
388 3988 523 4059 999.(19.)
548 3987 578 4042 11
595 3993 645 4051 991,
666 3990 761 4055 99919,
787 3989 837 4045 ubi
862 3991 999 4062 pracepit
1051 3988 1231 4044 9119919919
1247 3987 1283 4043 91
1304 3993 1419 4060 tempus
1433 3988 1525 4044 119991.

153 4075 289 4130 [lominus
304 4091 385 4129 orara
401 4077 497 4130 clauso
513 4077 595 4144 ostio,
611 4081 675 4140 etc..
688 4093 774 4149 usque
788 4078 826 4133 ad
845 4078 996 4150 sapientia,
1087 4078 1168 4133 Vsus.
1191 4080 1233 4133 lO.
1256 4106 1292 4119 -
1310 4079 1345 4132 Et
1371 4077 1461 4132 adbuc
1479 4077 1624 4148 pusillum,
1639 4082 1694 4133 etc.
1719 4079 1826 4152 (Aua.)
1840 4082 1900 4137 Post

150 4162 258 4217 scilicet
271 4162 374 4227 cernis,
390 4179 455 4234 qua
475 4169 517 4219 est
532 4165 649 4219 inimica
664 4167 730 4221 Deo.
1051 4165 1135 4221 istam
1151 4165 1238 4219 vitam
1250 4181 1378 4236 parvam,
1395 4169 1460 4229 etc,
1471 4180 1556 4235 usque
1568 4165 1606 4220 ad
1620 4180 1674 4221 999
1688 4181 1820 4224 vermem
1836 4183 1897 4223 eon·

186 4251 265 4306 vers.
280 4253 306 4306 6.
321 4281 357 4290 -
375 4253 495 4318 Domine,
509 4255 537 4306 ia
560 4254 632 4307 celo.
660 4254 759 4325 (Cass.)
777 4255 854 4310 Bnna
875 4272 909 4310 ex
937 4258 995 4312 1199
1010 4276 1031 4331 ῃ
1051 4254 1178 4310 scientiae
1192 4253 1367 4309 corrodentis
1380 4254 1529 4309 aanhebat.

151 4339 448 4410 permisericordiam.
472 4340 557 4403 Quasi
585 4340 674 4395 dicat:
698 4341 768 4396 11919
792 4348 860 4398 9991
886 4359 920 4399 99
942 4344 996 4399 ho·
1085 4344 1222 4398 1199911.
1251 4374 1285 4383 -
1311 4342 1478 4410 observabit,
1505 4346 1557 4398 etc.
1589 4342 1690 4415 (Cass.)
1717 4342 1894 4417 utcmque

153 4429 237 4493 mine,
260 4429 851 4499 9911199999919991999119.011999199,
880 4431 910 4486 in
939 4433 995 4502 hia,
1051 4430 1646 4499 1999199919199199199999991991,919.,
1664 4433 1894 4504 usqueadeone·

151 4517 304 4588 quicalum
319 4522 396 4582 snut,
414 4516 442 4571 id
458 4521 510 4583 est,
535 4532 639 4571 arcana
660 4518 792 4585 scientes,
819 4523 861 4575 est
888 4520 998 4577 miseri-
1051 4523 1100 4578 tur
1115 4520 1254 4575 occidere.

151 4604 247 4659 cordia
258 4608 323 4659 tua:
342 4608 371 4658 91
386 4604 463 4675 quod
483 4604 538 4675 ipsi
553 4610 620 4659 sunt
643 4606 736 4673 nubes,
752 4611 794 4660 est
808 4623 823 4660 a
839 4612 875 4662 19.
898 4607 997 4679 (hue.)
1086 4610 1168 4665 Vuae.
1182 4612 1224 4665 13.
1240 4638 1275 4649 -
1291 4609 1425 4663 Dominus
1441 4611 1543 4678 991999,
1570 4614 1623 4664 919.
1644 4609 1715 4681 (19.)
1739 4611 1790 4667 Sic
1802 4617 1831 4666 et
1853 4624 1894 4664 999

152 4693 199 4746 Vel
214 4694 323 4759 iurato,
338 4692 368 4747 id
381 4696 432 4761 est,
450 4693 655 4760 misericordia,
676 4698 748 4761 919.,
763 4697 899 4765 usquead
919 4712 997 4752 nnn·
1051 4695 1180 4751 uidentes
1194 4695 1345 4767 perituros,
1356 4693 1527 4750 irrideamus
1553 4699 1582 4750 91
1601 4701 1774 4767 praesentes,
1790 4696 1893 4770 grandis

151 4779 204 4834 1191
217 4796 284 4835 9999
299 4781 385 4836 missa
396 4782 515 4838 veritate
531 4799 592 4838 sua.
1051 4784 1218 4839 consolatio.

187 4872 275 4941 Usque
301 4870 340 4925 ad
364 4872 458 4926 99199.
483 4871 514 4926 11
538 4876 581 4926 991
601 4871 812 4943 predicatores,
846 4888 899 4944 per
925 4890 997 4946 quos
1087 4873 1282 4927 1199911-
1306 4872 1444 4940 Gladium,
1471 4875 1524 4926 etc.
1555 4872 1616 4943 (19.)
1641 4871 1672 4928 Si
1699 4873 1894 4946 9999919199

150 4960 230 5012 tonat
246 4959 319 5013 Deus
334 4959 503 5026 nuntiando,
518 4966 648 5015 coruscat
661 4960 816 5030 miraculis,
838 4962 914 5032 plnit
945 4962 996 5017 do·
1051 4960 1128 5017 ditiis
1144 4976 1238 5032 neque
1259 4960 1345 5015 minis
1360 4966 1435 5033 aget,
1452 4976 1536 5033 prena
1552 4959 1733 5031 aggreditur.
1749 4961 1781 5017 si
1794 4977 1844 5016 nec
1860 4960 1893 5013 sir

151 5046 259 5101 9191919.
275 5047 330 5114 Oui
353 5048 836 5121 99919119999999199,9999999199
871 5051 997 5107 9911999
1051 5049 1175 5120 prolicit,
1204 5049 1359 5104 insidiatur
1394 5049 1478 5117 dalis,
1503 5049 1621 5120 quando
1651 5049 1730 5105 bene
1759 5047 1892 5122 loquendo

150 5134 243 5194 vestit,
257 5140 406 5207 qnaepost,
426 5136 460 5191 de
477 5136 518 5190 eis
533 5140 562 5191 et
583 5137 606 5191 si
626 5153 685 5192 uon
702 5140 738 5193 ab
764 5137 815 5205 eis,
839 5139 875 5195 ad
897 5139 997 5195 intima
1051 5138 1128 5194 mala
1142 5138 1274 5194 intendit.

152 5223 269 5278 vallium
287 5224 592 5281 descenditrministri
612 5225 689 5280 enirn
708 5231 775 5282 9991
789 5227 936 5299 doctrine,
947 5229 997 5284 sed
1086 5228 1285 5282 1199919-
1307 5227 1468 5293 1191199991,
1485 5229 1538 5281 919.
1559 5225 1625 5297 (lu.)
1655 5227 1749 5284 Paulo
1776 5231 1842 5283 ante
1864 5224 1891 5280 dr

155 5309 227 5364 [1999
241 5311 394 5367 illuminat.
1050 5315 1160 5371 malitia
1175 5320 1204 5370 et
1229 5314 1420 5369 sustinentia:
1435 5314 1481 5368 hic
1493 5314 1529 5369 de
1544 5312 1652 5369 divitiis
1666 5318 1696 5370 91
1721 5318 1888 5388 9999991919.

187 5400 266 5453 11999.
282 5401 490 5456 7.-«1911919
505 5407 563 5457 tua.
580 5403 680 5473 (Auo.)
704 5403 783 5469 Onod
810 5403 912 5459 horum
943 5405 995 5459 mi·
1070 5404 1434 5472 trualt-coufirmat
1462 5408 1561 5469 autam,
1586 5407 1641 5458 etc.
1668 5403 1891 5475 (huelldaxinr

153 5486 266 5552 sereris,
280 5487 576 5558 bosexcaecas;nulli
590 5496 657 5547 sunt
671 5493 786 5563 penitus
805 5492 995 5562 [scrutabiliar
1049 5509 1102 5564 999
1117 5491 1282 5563 exemplum
1303 5491 1394 5547 crucis
1409 5507 1477 5547 sure.
1493 5490 1570 5547 Crux
1584 5489 1665 5546 enim
1693 5491 1804 5548 Christi
1824 5491 1891 5548 nura
1940 5538 1942 5543 .
