3892 6106
136 258 169 312 bd
437 221 442 228 Ι
582 253 811 310 watal'ulub's
830 253 986 309 STRABUS
1006 251 1194 309 ratnausts
1214 250 1409 340 mortuellus.
1847 249 1881 305 at

168 374 331 430 Notandum
346 372 414 444 quia
429 373 490 428 brac
507 371 653 445 Scriptura
676 373 715 428 ita
738 372 897 444 allegoricis
913 389 975 427 ver·
995 372 1228 445 Aopcralorium
1243 372 1357 442 dicitur,
1380 371 1579 444 mundumque
1608 388 1722 455 semper
1743 374 1832 429 luisse
1852 379 1883 431 et

132 444 178 502 bis
192 445 308 511 texitur,
325 451 357 499 ut
372 444 560 515 allegoricum
581 459 696 498 sensum
719 444 873 506 contiueat.
895 444 978 499 ethi·
1031 445 1160 500 futurum
1180 460 1252 498 ossa.
1274 444 1321 498 llis
1344 448 1373 497 et
1400 443 1567 515 hujusmodi
1592 445 1738 500 erroribus
1758 445 1880 501 obvians

133 517 266 588 ataricum
281 516 368 572 fidem
384 520 636 585 rerumgestarum
653 531 712 569 nun
728 514 847 569 amittat.
869 513 978 569 Dicitur
1031 516 1151 586 ldoyses,
1179 514 1209 569 iu
1233 530 1292 568 uno
1317 513 1429 584 spiritu,
1453 514 1483 567 iu
1503 513 1715 586 nnoprincipio
1732 518 1881 587 temporis,

133 591 229 641 autem
254 586 369 643 Genesis
394 603 410 639 a
438 602 489 639 suo
513 585 664 657 principio,
689 585 847 639 secuudum
868 601 978 640 morem
1031 585 1421 640 mundumacreatorelleo
1450 584 1555 638 lactum
1581 590 1785 652 narrat,tanta
1802 588 1880 641 velo·

134 658 328 724 Hebraeorum,
343 657 392 726 qui
408 671 441 711 ex
453 656 601 728 principiis
617 655 741 710 maxime
766 655 883 710 nomina
897 656 977 710 libris
1030 656 1124 720 citata,
1141 661 1173 710 ut
1185 655 1286 710 ellectu
1306 671 1421 710 sensum
1438 655 1577 725 temporis
1591 657 1783 726 praevenirem
1806 659 1882 713 ride·

132 729 299 798 imponunt,
314 728 385 782 sicut
400 727 548 782 llatthaeus
572 726 764 794 evangelicam
788 743 869 781 suam
885 725 977 780 histo·
1030 727 1096 782 licet
1119 729 1208 781 Deum
1229 740 1404 795 cognosceus
1428 725 1544 779 initium
1570 726 1779 792 universorum,
1794 733 1882 783 aeter-

134 799 217 867 riam,
233 799 337 853 librum
352 797 548 869 generationis
563 798 699 867 appellat,
713 813 778 850 cnm
801 799 979 851 multaatra·
1032 814 1101 853 num
1125 798 1285 868 intelligere
1314 797 1393 851 dedit
1419 801 1447 850 et
1473 797 1712 867 omnipotentem,
1741 815 1774 852 ex
1804 806 1883 854 tanta

133 886 189 940 que
209 870 356 940 Scriptura
384 868 414 922 in
440 866 625 937 sequentibus
653 867 806 935 contineat,
828 867 978 938 inquibus
1031 869 1174 922 celeritate
1189 868 1293 939 operis.
1309 872 1342 922 ut
1355 867 1476 921 necdum
1488 867 1613 938 primum
1628 869 1882 926 nascentismuudi

133 941 211 995 nulla
223 938 417 1019 generationis
433 938 540 991 mentio
556 937 615 991 liat.
629 937 902 1009 lutroducitquippa
917 938 978 993 haec
1031 945 1210 994 momentum
1237 943 1414 993 transactum
1442 937 1562 1005 dicatur,
1602 940 1718 1008 quaudo
1755 942 1883 995 mondus

134 1010 253 1065 historus
275 1009 401 1080 primum
431 1008 579 1062 bominem
603 1008 692 1064 intrari
714 1009 847 1076 torulum,
864 1013 978 1080 utputa
1030 1016 1143 1064 creatus
1169 1009 1282 1075 dicitur,
1311 1009 1355 1063 his
1384 1008 1495 1062 verbis:
1519 1027 1533 1059 a
1563 1008 1595 1063 ln
1616 1008 1757 1081 principio
1775 1012 1882 1066 creavit

134 1083 170 1136 da
185 1085 260 1135 terra
275 1081 383 1150 virgine
397 1078 555 1145 conditum,
579 1094 630 1149 per
645 1096 731 1150 quem
751 1079 908 1150 generandi
922 1085 978 1133 ler-
1033 1082 1106 1135 Deras
1122 1080 1225 1134 coelum
1241 1084 1270 1134 et
1278 1084 1394 1133 terrani.
1412 1100 1426 1127 ιι

134 1152 197 1205 reni
211 1151 333 1204 erautiu
350 1151 436 1203 vitam
458 1150 673 1204 transitoriam:
698 1151 770 1205 sicut
794 1150 978 1219 Evangelium
1066 1151 1222 1219 (Smenos)
1241 1171 1255 1199 «
1282 1151 1314 1204 lu
1338 1149 1491 1220 principio,
1524 1169 1537 1199 a
1567 1155 1619 1203 etc.
1647 1151 1754 1221 Moyses
1778 1151 1881 1205 inuno

134 1222 293 1276 secundum
309 1236 415 1274 nusum
432 1219 577 1274 hominem
595 1219 705 1275 inducit
717 1221 752 1275 dc
764 1225 852 1275 matra
868 1220 979 1291 virgine
1029 1221 1173 1292 principio
1197 1220 1333 1293 temporis
1357 1237 1373 1274 a
1398 1221 1454 1275 llao
1476 1224 1601 1274 creatore
1621 1221 1880 1276 mundamiaclum

154 1293 275 1358 anitum,
292 1292 342 1361 qui
357 1291 431 1345 tilios
455 1295 606 1360 generaret
629 1291 658 1344 in
674 1292 762 1346 vitam
778 1296 922 1345 aeternam.
943 1291 975 1346 ln
1029 1293 1127 1360 refert,
1144 1296 1299 1346 utsensum
1315 1290 1451 1360 temporis
1466 1291 1638 1361 praeveniret
1662 1291 1763 1346 ellectu
1779 1293 1882 1346 voluu-

134 1309 186 1417 hac
202 1379 268 1434 ergo
283 1362 428 1431 Scriptura
444 1362 544 1432 flgurae
559 1366 626 1415 suut
646 1362 827 1417 futurorum:
844 1362 873 1416 in
892 1363 979 1416 Evan·
1031 1364 1105 1423 tatis.
1133 1368 1166 1416 ut
1194 1363 1283 1416 Deum
1306 1361 1428 1415 sciamus
1447 1377 1494 1415 ese
1519 1367 1585 1414 aute
1599 1361 1735 1433 temporis
1752 1361 1879 1429 initium,

134 1432 210 1505 gello
239 1448 305 1487 vcro
335 1431 527 1486 manifestatio
559 1433 779 1503 completorum,
817 1432 900 1486 Liber
925 1432 977 1486 ista
1031 1438 1059 1488 et
1072 1433 1167 1504 ipsum
1182 1449 1242 1487 essa
1258 1432 1372 1486 initium
1388 1432 1527 1486 omnium.
1541 1432 1621 1486 Plato
1638 1433 1714 1486 enim
1729 1433 1784 1487 tria
1796 1433 1881 1488 initia

133 1520 213 1559 mora
239 1504 422 1558 llebroecrum
451 1520 466 1556 a
496 1502 636 1573 principia
664 1503 779 1557 Genesis
804 1504 976 1574 appellatur,
1031 1505 1073 1558 vel
1096 1503 1237 1575 principia
1260 1502 1450 1566 existimabat,
1478 1502 1579 1564 lleurn,
1602 1505 1758 1574 exemplar,
1774 1508 1802 1557 et
1822 1521 1881 1558 ma·

133 1575 202 1646 qrria
216 1574 245 1628 in
262 1590 296 1628 eo
311 1574 346 1628 de
360 1572 423 1627 ooeli
438 1579 466 1626 et
479 1578 561 1627 terras
584 1574 769 1643 generations
790 1576 893 1645 agitur,
913 1573 979 1628 licet

1031 1575 1142 1642 teriam,
1171 1579 1200 1628 et
1224 1574 1286 1645 ipsa
1314 1575 1439 1627 increata
1467 1573 1528 1626 siue
1556 1572 1708 1643 principio,
1733 1579 1762 1628 et
1788 1575 1880 1630 Deum

135 1645 189 1700 alia
222 1644 313 1699 multa
338 1648 513 1715 sequantur:
540 1643 612 1698 sicut
638 1644 824 1716 Evangelium
839 1644 976 1711 llalthaei,
994 1661 1014 1716 g
1033 1646 1114 1717 quasi
1143 1643 1292 1709 artificem,
1320 1660 1379 1698 non
1405 1649 1574 1698 creatorem.
1603 1644 1778 1712 Aristoteles,
1809 1645 1879 1711 duo,

136 1714 249 1771 «hiber
272 1713 464 1784 generationis
495 1716 560 1769 lesu
591 1715 733 1770 Christi·
762 1715 876 1770 inducit
899 1715 976 1769 enim

133 1786 241 1858 ldoysas
267 1785 393 1855 primum
418 1784 565 1840 homiuem
590 1785 712 1840 formam
734 1785 824 1841 futuri
847 1785 881 1841 da
904 1792 978 1841 terra

133 1855 245 1925 virgine
272 1856 425 1921 conditam,
454 1855 503 1926 qni
531 1863 684 1926 generaret
704 1861 832 1911 terrenus
850 1856 978 1910 invitam

134 1925 337 1993 transitoriam,
354 1926 393 1979 sic
406 1930 434 1980 et
447 1926 631 1997 Evangelium
647 1928 805 1982 secundum
818 1926 976 1993 hominem,

134 1997 241 2053 scilicet
257 1995 400 2052 Christum
411 1997 445 2051 de
466 2002 555 2051 matre
570 1997 680 2067 virgine
700 1999 841 2066 genitum,
865 1998 914 2065 qui
929 2013 978 2067 ge-

93 2086 95 2090 ·
133 2073 248 2123 necaret
262 2068 389 2123 coelcstes
403 2067 534 2122 invitam
558 2073 705 2122 aeternam.
726 2069 774 2123 llic
788 2084 855 2139 ergo
875 2069 979 2139 ligura,

134 2139 164 2194 in
181 2139 332 2208 Evangelio
346 2137 458 2193 veritas.

169 2211 309 2276 (drauum,
345 2209 392 2262 lib.
432 2209 511 2263 llebr.
547 2209 645 2275 meast,
675 2211 704 2264 iu
738 2212 819 2272 Gen„
840 2209 978 2276 tumlll,

134 2280 188 2335 col.
206 2280 279 2347 927.)
297 2281 353 2335 aln
367 2278 508 2351 principio
531 2280 637 2334 creavit
660 2281 734 2335 Deus
756 2282 860 2335 coelum
880 2285 978 2335 elter-

135 2368 210 2405 ram.
231 2351 330 2405 »Plari
353 2352 559 2415 uaautumaut,
580 2355 646 2416 etc,
668 2350 807 2420 usquead
830 2350 880 2421 qui
902 2351 980 2405 volu·

136 2421 262 2476 minibus
277 2437 310 2475 ex
326 2366 465 2475 librorum
481 2420 630 2491 principiis
640 2423 759 2476 uomina
778 2422 942 2490 imponunt.

171 2492 299 2557 Ouatuor
311 2496 378 2546 saint
392 2491 500 2563 regulae
516 2507 602 2546 sacrae
630 2491 795 2563 Scripturae,
819 2492 916 2557 idest,
933 2491 979 2545 hi-

137 2562 234 2631 storia,
261 2578 325 2633 quaa
354 2578 399 2617 ras
427 2568 522 2634 gestas
541 2561 683 2633 loquitur;
709 2562 856 2633 allegoria,
879 2562 980 2633 inquis

137 2633 213 2688 aliud
230 2633 336 2687 exalia
357 2632 548 2703 intelligitur3
571 2633 743 2704 tropologia,
761 2634 790 2689 id
805 2638 849 2688 est
863 2632 980 2686 moralis

136 2703 253 2766 locutio,
276 2703 306 2758 in
329 2719 386 2774 qus
413 2704 449 2758 da
482 2703 610 2758 moribus
633 2703 799 2759 ordinandis
824 2707 978 2772 tractatur;

1033 1716 1195 1782 materiam,
1219 1719 1247 1771 et
1268 1714 1403 1787 speciem,
1430 1719 1458 1768 et
1485 1715 1603 1768 tertium
1628 1715 1822 1785 operatorium
1837 1717 1883 1771 di-

1033 1792 1121 1852 etum,
1139 1786 1278 1841 mundum
1305 1801 1371 1839 vero
1398 1801 1511 1865 semper
1534 1799 1594 1838 esse
1623 1792 1651 1839 at
1665 1786 1759 1839 tuisse.
1775 1786 1881 1841 Contra

1033 1858 1094 1913 haec
1107 1873 1175 1929 ergo
1190 1862 1218 1912 et
1231 1855 1396 1928 hujusmodi
1417 1855 1534 1911 dicatur:
1553 1874 1567 1907 a
1590 1856 1622 1910 lu
1645 1855 1788 1927 principio
1801 1873 1881 1911 crea·

1035 1929 1101 1982 erit
1113 1929 1188 1983 Deus
1203 1929 1305 1982 coelum
1322 1932 1348 1979 et
1359 1930 1475 1981 terram.
1492 1948 1505 1976 ι

1069 2000 1167 2068 (Aac.)
1200 1998 1278 2055 Sicut
1310 1998 1415 2052 Paulus
1464 2012 1496 2052 er
1540 1996 1741 2051 revelationem
1780 1997 1881 2051 didicit

1034 2069 1230 2139 Evangelium,
1250 2068 1290 2123 ita
1306 2070 1423 2138 Moyses,
1435 2013 1554 2123 facente
1573 2067 1681 2139 Spiritu
1700 2073 1882 2136 sancto,con·

1034 2139 1087 2195 diti
1102 2139 1203 2194 muudi
1214 2139 1373 2194 exordium.

1069 2211 1176 2280 lloyses
1190 2210 1219 2264 in
1239 2211 1293 2263 hoc
1308 2209 1381 2263 libro
1392 2208 1428 2263 de
1444 2208 1572 2263 interiori
1585 2209 1694 2264 mundo
1714 2209 1748 2264 ad
1775 2209 1881 2264 instru-

1034 2281 1156 2336 ctionem
1177 2280 1302 2336 hominis
1326 2279 1401 2349 agit,
1424 2279 1544 2350 etquis
1567 2280 1654 2334 homo
1667 2282 1882 2351 praeponendus

1035 2358 1096 2407 erat
1118 2352 1225 2406 mundo
1247 2350 1361 2418 visibili,
1384 2349 1521 2421 primum,
1543 2366 1664 2422 regnum
1679 2355 1810 2422 paralum
1827 2352 1878 2406 de·

1034 2422 1141 2488 scribit,
1166 2426 1263 2494 postea
1291 2427 1429 2476 rectorem
1459 2421 1579 2488 inducit,
1610 2421 1656 2475 cui
1674 2421 1778 2475 serviat
1793 2422 1881 2492 pleni·

1034 2493 1105 2548 tudo
1130 2493 1224 2562 regni.
1253 2493 1326 2547 llicit
1339 2508 1427 2564 ergo:
1447 2511 1461 2544 a
1485 2493 1516 2547 ln
1531 2492 1673 2562 principio
1688 2493 1793 2547 creavit
1808 2493 1881 2547 Deus

1037 2564 1169 2619 acoelum
1186 2568 1215 2618 et
1242 2567 1360 2617 terram.
1378 2583 1389 2611 ι
1415 2562 1484 2617 Caeli
1512 2568 1541 2616 ot
1564 2569 1647 2617 terras
1662 2561 1788 2629 nomina,
1800 2563 1881 2634 quid·

1036 2634 1104 2707 qnid
1132 2635 1206 2689 Deus
1229 2634 1304 2699 fecit,
1327 2632 1412 2687 simul
1428 2634 1533 2687 lactum
1553 2650 1613 2686 essa
1628 2633 1813 2687 materialiter
1828 2651 1880 2704 po·

1035 2710 1089 2760 test
1105 2704 1238 2776 intelligi,
1258 2704 1306 2758 sed
1323 2703 1494 2765 informiter,
1509 2704 1566 2757 sive
1579 2703 1737 2774 spirituale,
1749 2703 1808 2758 sire
1821 2721 1882 2758 cor·

137 2790 276 2846 anagoge,
298 2774 326 2830 id
355 2777 408 2840 est,
436 2773 592 2843 spiritualis
603 2773 780 2844 intellectus,
814 2790 867 2845 par
894 2790 979 2845 qarem
1057 2776 1133 2830 orale
1148 2776 1192 2829 sit.
1211 2775 1317 2830 lleinda
1330 2773 1514 2846 prosequitur
1528 2775 1674 2845 quomodo
1693 2776 1766 2828 ueus
1779 2774 1881 2845 siugu-

138 2845 172 2901 de
202 2845 322 2900 summis
350 2849 379 2899 et
401 2844 563 2900 coelestibus
591 2845 750 2913 tractaturi,
776 2844 810 2900 ad
833 2845 981 2916 superiora
1035 2793 1129 2902 horum
1151 2848 1257 2900 lormas
1288 2845 1397 2908 lecerit,
1426 2849 1454 2899 et
1476 2861 1596 2914 operum
1622 2844 1836 2911 distinctiones;
1855 2849 1884 2900 et

137 2914 278 2971 ducimur.
294 2915 341 2970 llis
356 2921 479 2987 quatuor
495 2914 575 2987 quasi
591 2914 761 2986 quibusdam
781 2915 851 2970 rotis
865 2921 924 2969 tuta
938 2915 980 2970 di·
999 2946 1020 3003 c
1037 2919 1105 2988 quia
1120 2917 1250 2972 nondum
1267 2921 1348 2970 erant
1361 2915 1501 2970 distinctae
1518 2917 1628 2979 turmae,
1644 2915 1723 2970 addit
1737 2914 1772 2970 de
1787 2920 1879 2970 terra:

138 2986 203 3041 rina
231 2985 378 3056 Scriptura
400 2986 539 3053 volvitur;
563 2986 642 3041 verbi
670 2987 772 3057 gratis,
805 2985 982 3041 lliarusalem
1040 2989 1151 3042 «Terra
1177 2985 1504 3041 autemeratinauiset
1529 3001 1658 3046 vacua.»
1685 2985 1741 3053 bis,
1759 2986 1880 3053 scilicet,

138 3056 294 3111 secundum
319 3055 469 3110 historiam
486 3060 529 3110 est
553 3056 669 3124 civitas,
696 3057 851 3112 secuudum
875 3056 981 3127 allego·
1036 3075 1100 3130 quae
1124 3058 1159 3112 da
1181 3058 1243 3129 ipsa
1271 3061 1352 3111 erant
1381 3072 1557 3138 processura.
1584 3057 1882 3111 slltteuebraeerant

138 3127 209 3181 riam
240 3126 392 3182 Ecclesiam
419 3126 572 3197 signiticat,
597 3128 755 3182 secundnm
778 3132 823 3182 tro
845 3127 981 3198 alogiam,
1037 3145 1153 3199 «super
1173 3128 1273 3182 taciem
1302 3128 1436 3198 abyssi.»
1463 3128 1517 3181 Per
1542 3127 1675 3197 abyssum
1698 3133 1801 3182 caetera
1825 3128 1881 3182 ele-

138 3197 167 3252 id
185 3201 236 3263 est,
252 3196 455 3264 moralitatem,
477 3197 603 3251 animam
626 3196 780 3267 cujuslibet
798 3144 899 3264 fidelis,
916 3213 982 3268 quae
1036 3205 1134 3254 meula
1156 3203 1277 3270 possunt
1295 3197 1434 3269 intelligi,
1461 3213 1526 3269 quae
1547 3198 1640 3252 adhuc
1668 3197 1787 3252 conlusa
1799 3203 1825 3252 el
1840 3197 1882 3252 in·

138 3267 171 3323 ad
197 3283 296 3338 pacem
319 3271 456 3322 eternam
478 3267 612 3334 aulielat;
637 3268 794 3322 secuudum
819 3263 912 3339 anisgo
933 3283 980 3333 en,
1035 3275 1113 3324 certa
1126 3277 1217 3337 erant,
1231 3284 1302 3339 quas
1313 3268 1419 3323 formas
1434 3273 1529 3323 essent
1541 3267 1683 3323 habitura.

138 3338 296 3394 caelestium
310 3338 441 3393 omnium
456 3337 555 3407 vitam,
570 3337 620 3410 qui
641 3339 767 3394 revelata
794 3338 865 3393 facia
886 3284 983 3392 vident
1072 3340 1200 3404 Quatuor
1222 3338 1316 3394 modis
1339 3344 1475 3421 operatur
1500 3339 1592 3393 Deus?
1622 3339 1717 3410 primu
1737 3338 1766 3391 in
1783 3338 1882 3408 verbo,

138 3410 238 3465 Deum.
1036 3411 1160 3466 secundo
1175 3410 1206 3465 in
1219 3408 1339 3465 materia
1354 3410 1481 3465 intormi.
1497 3410 1576 3465 Uada
1588 3408 1774 3464 Ecclesiastici
1795 3426 1880 3465 xvru:

175 3479 276 3535 Divina
297 3479 443 3550 Scriptura
471 3477 624 3550 aliquando
643 3484 752 3535 aeterna
775 3478 937 3546 intimatur,
952 3483 984 3533 ut
1038 3500 1050 3534 ι
1068 3481 1121 3547 Qui
1133 3481 1200 3535 viril
1217 3481 1247 3535 in
1263 3485 1403 3535 aeteruum
1428 3480 1534 3535 creavit
1557 3480 1654 3535 omnia
1680 3479 1797 3534 simul.»
1816 3481 1884 3535 Ter·

137 3556 199 3606 est:
229 3569 243 3601 a
272 3551 304 3604 ln
325 3549 468 3621 principio
498 3555 560 3604 erat
578 3551 702 3605 Verbum
716 3551 805 3617 (quu.
828 3551 862 3618 ι).
891 3549 982 3603 sati·
1036 3552 1141 3623 lioper
1169 3568 1256 3622 opera
1282 3568 1329 3606 sex
1346 3551 1456 3606 dierum
1481 3550 1572 3605 varias
1586 3551 1715 3606 distinxit
1727 3554 1883 3618 creaturas,

138 3622 252 3693 quaudo
279 3621 352 3675 tacta
380 3625 544 3689 narrantur,
574 3626 632 3676 ut:
658 3623 756 3676 ccum
777 3620 886 3675 venerit
908 3620 983 3674 lilius
1037 3628 1138 3694 quarto
1156 3638 1189 3677 ex
1208 3621 1441 3694 primordialibus
1465 3621 1622 3676 seminibus
1646 3637 1704 3675 nou
1728 3621 1882 3690 incognits;

138 3690 264 3747 hominis
294 3691 324 3745 iu
351 3691 496 3762 maiestate
520 3707 581 3757 sua,
609 3711 623 3743 a
652 3695 705 3747 etc.
734 3691 896 3763 Aliquando
919 3707 983 3761 quae
1037 3694 1170 3749 oriuntur
1185 3700 1305 3759 natura,
1328 3693 1377 3748 sed
1400 3698 1485 3761 uolae,
1509 3693 1624 3764 saepius,
1639 3708 1676 3747 ne
1691 3696 1822 3763 pereant,
1837 3708 1885 3746 re-

139 3761 251 3834 agenda
261 3768 327 3817 sunt
342 3762 559 3833 precipiantur,
588 3767 620 3817 ut
636 3776 642 3816 :
659 3782 672 3814 a
689 3762 795 3834 Diliges
819 3761 984 3843 proximum
1037 3764 1204 3819 formantur.

140 3832 500 3901 tuum,sicutteipsum.·
528 3835 562 3888 Et
583 3838 626 3887 est
649 3832 984 3903 bipartitadrvinaScri-
1074 3840 1156 3900 (aaa.
1189 3836 1272 3899 lsrn.,
1298 3833 1393 3904 baua.)
1419 3835 1545 3902 Mustiae.
1575 3832 1735 3888 Primordia
1769 3831 1885 3905 generis

139 3908 221 3976 ptura
234 3919 241 3958 :
256 3903 324 3975 quia
339 3904 472 3958 aliasunt
485 3920 550 3974 quae
565 3904 721 3959 secundum
746 3905 866 3974 liguram
882 3903 982 3957 dicuu-
1038 3905 1168 3970 humani,
1185 3904 1289 3976 quibus
1312 3904 1374 3976 ipsa
1397 3906 1458 3958 luce
1480 3905 1588 3975 pertrui
1608 3905 1703 3975 coepit,
1716 3904 1789 3958 bene
1804 3920 1883 3956 com-

140 3981 197 4041 tur,
214 3978 321 4029 utast:
338 3974 691 4031 «AudivitAdamvocem
714 3975 826 4029 llomiui
845 3974 984 4028 deambu·
1038 3981 1176 4047 parantur
1202 3976 1295 4048 primu
1323 3973 1390 4041 diei,
1419 3974 1762 4047 quollauslucemlecit.
1779 3975 1884 4029 Ethaec

140 4046 225 4101 lautis
239 4045 270 4100 iu
284 4046 434 4116 paradiso;
450 4064 464 4098 a
481 4045 537 4100 alia
550 4047 708 4101 secundum
728 4061 825 4101 rerum
840 4049 984 4116 gestarum
1039 4051 1107 4102 ratas
1130 4051 1265 4118 tanquam
1295 4045 1417 4100 infantia
1440 4046 1568 4117 putanda
1595 4051 1637 4100 est
1666 4045 1742 4115 ipius
1757 4045 1884 4099 universi

139 4116 237 4182 fidem,
262 4121 295 4170 ut
314 4122 358 4170 est
381 4117 459 4187 qnod
482 4117 605 4188 populos
628 4116 726 4171 exieus
748 4117 784 4171 de
796 4118 920 4187 AEgypto
934 4130 986 4186 par
1040 4117 1146 4180 saecrrli,
1169 4117 1247 4188 quod
1270 4120 1408 4188 tauquam
1425 4132 1515 4171 uuum
1534 4116 1682 4171 hominem
1696 4117 1885 4187 proportione

141 4202 219 4241 mara
233 4186 353 4256 pedibus
369 4186 544 4254 ambulavit3
558 4187 613 4241 alia
627 4192 694 4241 sunt
715 4202 780 4257 quse
803 4193 927 4258 utroque
939 4187 983 4240 di·
1042 4188 1250 4259 magnitudinis
1260 4203 1320 4242 suae
1335 4188 1459 4257 cogitare
1471 4186 1625 4242 debemus:
1642 4187 1710 4256 quia
1730 4187 1884 4258 uniusquis-

141 4261 185 4312 cta
199 4260 266 4310 sunt
278 4256 375 4323 modo,
390 4262 423 4310 ut
437 4263 480 4310 ast
491 4257 626 4311 transitus
647 4257 735 4311 maris
763 4256 863 4325 Rubri,
886 4263 915 4310 et
931 4256 984 4311 mi·
1004 4236 1025 4290 Β
1042 4275 1097 4331 qus
1119 4259 1291 4313 homocum
1312 4258 1404 4329 primo
1428 4258 1564 4320 nascitur,
1591 4263 1619 4312 et
1637 4259 1694 4312 exit
1722 4257 1756 4313 ad
1778 4258 1884 4324 lucem,

142 4328 237 4381 racula
251 4342 316 4397 quas
331 4327 469 4381 Dominus
483 4326 514 4381 in
529 4326 682 4397 Evangelio
694 4327 769 4382 tecit.
1038 4330 1162 4400 primam
1172 4333 1283 4384 aetatem
1296 4328 1526 4399 agitiniuiantia.
1542 4330 1605 4382 llaec
1615 4328 1884 4383 tenditurabadam

176 4397 278 4451 Tribus
300 4397 393 4453 modis
416 4396 557 4466 significat
582 4397 642 4452 haec
663 4397 809 4468 Scriptura
823 4398 984 4468 generatio·
1039 4416 1128 4470 nsque
1149 4400 1182 4454 ad
1198 4401 1255 4454 Noe
1269 4399 1503 4470 generationibus
1525 4400 1634 4454 decem.
1655 4398 1740 4462 Quasi
1765 4414 1885 4468 vespera

142 4483 208 4522 uem
232 4467 328 4523 saculi
357 4483 417 4522 essa
442 4467 555 4523 tactam.
581 4471 638 4523 Aut
659 4467 736 4522 euim
760 4469 819 4523 sola
838 4469 985 4522 voluntate
1039 4469 1192 4540 hujusdiei
1209 4470 1242 4525 lit
1256 4469 1286 4524 in
1302 4469 1419 4536 diluvio,
1442 4471 1509 4542 quia
1524 4475 1552 4524 et
1571 4470 1692 4524 infantia
1706 4473 1803 4523 nostra
1820 4473 1884 4523 tan-

143 4537 252 4610 aliquid
279 4538 385 4593 dicitur
416 4537 533 4601 tactum,
558 4544 613 4593 ut:
645 4540 708 4594 alu
725 4537 866 4610 principio
881 4539 986 4594 creavit
1039 4556 1126 4613 quam
1155 4540 1307 4596 oblivionis
1334 4540 1443 4594 diluvio
1471 4541 1594 4594 deletur.
1614 4539 1717 4611 lucipit
1741 4555 1826 4594 mane
1843 4556 1883 4593 se.-

143 4612 217 4664 Deus
231 4609 335 4664 eoelnm
347 4614 376 4664 et
390 4612 506 4664 terram.
524 4629 538 4660 a
554 4609 611 4664 hut
624 4610 771 4664 voluntale
782 4608 867 4664 simul
883 4613 986 4664 atvoca
1039 4612 1140 4667 cundae
1156 4611 1245 4666 dicia
1266 4611 1444 4680 temporibus
1457 4612 1524 4667 ·Noe
1549 4618 1685 4681 unquam
1706 4609 1841 4680 pueritia,
1857 4615 1886 4663 et

142 4679 986 4822 ruallusbaralllllaubl§tilulum
1039 4683 1241 4809 {allatas
1255 4680 1885 4823 sla,ll{stultuluslassulus

143 4828 310 4877 «nostram.
329 4842 340 4870 ι
359 4822 586 4886 hutvoluntata,
603 4837 669 4876 voca
691 4826 720 4876 et
742 4821 984 4889 definitione,ut:
1038 4823 1144 4879 lactum
1173 4830 1215 4878 est
1240 4822 1466 4889 firmamentum,
1495 4823 1570 4876 inter
1593 4838 1697 4894 aquam
1714 4792 1883 4892 etaqham:

143 4909 157 4941 ιι
178 4892 341 4954 Crescite,at
353 4891 582 4962 multiplicamini
598 4896 626 4946 et
640 4894 747 4962 repleta
762 4897 888 4961 terram;
904 4912 918 4944 a
938 4898 984 4948 et:
1040 4895 1107 4966 quia
1122 4900 1150 4949 et
1164 4910 1238 4957 arca,
1262 4894 1293 4948 in
1316 4909 1372 4964 qua
1396 4897 1458 4948 erat
1483 4895 1541 4948 Noe
1556 4909 1622 4948 cum
1637 4894 1703 4959 suis,
1720 4893 1885 4946 tlrmameu·

143 4962 319 5017 «Germinet
334 4964 540 5018 terreberbam
559 4963 709 5028 virentem,
735 4967 764 5017 et
782 4963 933 5018 facientem
948 4980 987 5017 se
1039 4970 1102 5021 tum
1123 4970 1184 5019 erat
1205 4965 1280 5019 inter
1303 4980 1391 5036 aquas
1410 4964 1568 5031 interiores,
1584 4964 1615 5017 iu
1638 4964 1743 5033 quibus
1756 4965 1885 5025 natabat,

144 5048 273 5100 emam»
296 5037 348 5088 etc.
372 5035 405 5088 Et
426 5051 470 5103 ea,
498 5050 563 5106 qnae
582 5034 807 5100 sclavolsrntate,
820 5039 849 5088 et
861 5050 928 5088 voce
942 5034 985 5089 di·
1040 5041 1069 5091 et
1082 5035 1245 5106 superiores
1260 5035 1364 5107 quibus
1387 5034 1614 5105 compluebatur.
1642 5037 1706 5090 llaec
1730 5034 1884 5088 aetasdilu·

142 5104 400 5169 cuntur,novitata
422 5105 590 5160 factasunt.
619 5105 687 5169 Quae
699 5120 764 5158 vero
780 5120 832 5175 per
846 5105 987 5160 delinitio
1040 5107 1086 5160 vio
1114 5122 1171 5160 nun
1194 5106 1315 5174 deletur,
1340 5105 1408 5177 quia
1431 5121 1483 5160 nec
1501 5105 1886 5176 pueritianostraoblivione

143 5189 220 5240 nem,
245 5174 307 5228 haec
328 5179 394 5229 suut
419 5175 522 5229 similia
537 5175 594 5230 illis
615 5192 679 5248 quse
696 5176 808 5229 noviter
823 5175 984 5239 factasunt,
1040 5176 1152 5231 tollitur
1166 5177 1200 5231 da
1224 5176 1372 5231 memoria.
1391 5176 1572 5232 llemiuimus
1594 5176 1671 5230 enim
1700 5191 1753 5229 nus
1779 5191 1887 5244 pueros

142 5249 172 5298 et
186 5245 246 5298 haec
259 5249 398 5315 suntquis
412 5250 477 5314 post
488 5246 642 5316 septimum
662 5246 739 5301 diem
754 5245 885 5317 usquein
899 5247 987 5301 tinem
1040 5248 1137 5313 titisse,
1163 5246 1287 5302 inlantes
1306 5263 1366 5301 nou
1391 5248 1586 5302 meminimus.
1607 5248 1696 5315 lluJ'os
1713 5262 1760 5299 ves
1782 5251 1887 5300 ernest

143 5322 277 5386 operatur
288 5316 371 5377 Deus,
389 5321 418 5369 ct
432 5331 467 5369 ex
486 5317 535 5370 illa
553 5317 721 5372 delinitione
750 5318 932 5388 proveniunt.
1039 5317 1168 5373 contusio
1189 5319 1353 5390 linguarum
1377 5317 1406 5372 in
1433 5318 1473 5373 eis
1496 5318 1546 5390 qui
1565 5318 1667 5372 turrim
1690 5263 1841 5382 faciehant,
1858 5322 1887 5371 st

180 5385 301 5451 Quidam
324 5385 378 5440 tria
412 5385 552 5456 principia
583 5393 743 5459 posuerunt
767 5388 866 5457 Deum,
890 5404 987 5443 exem·
1040 5390 1171 5443 litmana
1195 5390 1231 5444 ab
1255 5389 1410 5444 Abraham.
1431 5389 1485 5444 Sed
1513 5404 1565 5443 uec
1587 5388 1641 5442 ista
1667 5393 1735 5442 astas
1762 5388 1886 5441 secanda

144 5456 216 5583 plur,
246 5461 275 5510 et
297 5455 458 5521 materiam,
485 5471 576 5527 eaque
605 5457 741 5526 increata,
758 5463 787 5513 et
801 5458 867 5540 sinc.
882 5458 986 5514 initio:
1040 5459 1334 5531 generavitpupulnm
1348 5459 1470 5541 Domini,
1483 5460 1549 5530 qnia
1560 5474 1613 5541 nec
1627 5458 1751 5539 pueritia
1765 5464 1832 5530 apta
1843 5463 1888 5512 est

168 5542 379 5654 ‘'mllblll
404 5529 989 5671 ullasullas,aarum}
1041 5531 1529 5657 tumultuatum&
1549 5528 1885 5656 astruamus:

145 5602 294 5752 ιΙιιιυιιιιῗιιίιιιιιέ1
312 5638 420 5726 ἰοοίιῖο.
451 5669 510 5726 Alii
539 5669 597 5725 duo
630 5668 771 5751 principia
803 5676 986 5754 putaverunt,
1041 5641 1159 5728 Etbsina
1186 5675 1369 5745 comparatur
1395 5671 1453 5727 diei
1470 5670 1637 5753 ‘tertio,·in
1665 5687 1726 5753 quo·
1747 5669 1783 5727 ab
1803 5671 1886 5743 aquus

146 5744 305 5808 materiam,
329 5745 358 5798 at
383 5756 517 5812 speciem,
542 5745 570 5796 et
592 5755 658 5796 cum
683 5741 727 5797 lus
754 5745 881 5808 tertium,
896 5808 897 5811 Ἴ
910 5741 986 5814 quad
1041 5747 1118 5798 terra
1131 5746 1261 5815 separata
1274 5747 1326 5800 est.
1342 5741 1386 5798 Ab
1399 5741 1533 5798 omnibus
1551 5756 1629 5796 amm
1650 5742 1792 5813 gentibus,
1813 5756 1885 5813 qua-
