3892 6104
65 274 135 329 tots
626 272 754 330 GLDSSA
772 271 975 330 oubluuuln.
995 299 1030 311 ·-·
1048 270 1113 326 tuli.
1136 269 1256 328 PSALM.
1472 265 1475 271 ’
1748 279 1817 334 lost

64 410 129 448 mor
142 409 222 449 meus
237 392 399 465 deprecatio
410 397 462 460 est,
480 409 537 448 non
551 409 694 462 murmur,
705 411 764 449 non
780 394 912 466 blaspbe·
927 397 951 448 b
969 392 1052 446 edrici
1067 392 1205 461 animam,
1229 408 1294 462 quse
1317 392 1384 447 inde
1408 395 1499 449 multa
1522 395 1637 466 patitur,
1654 400 1720 463 etc„
1734 413 1819 469 usque

63 484 132 537 mia.
968 481 1005 534 net
1018 482 1067 536 sed
1083 480 1231 551 corruptio
1248 483 1322 552 eius,
1339 488 1367 535 et
1379 483 1509 548 tentatio,
1524 500 1621 539 carcer
1635 491 1687 537 est.

100 572 181 626 tans.
199 574 225 627 3.
242 600 276 613 -
293 573 474 641 lneouspectu
490 573 559 641 ejus.
582 572 679 642 (Auo.)
696 572 833 626 Dominus
849 570 913 626 red·
1275 622 1427 678 PSALMUS
1442 624 1529 680 ΕΜ

63 659 177 715 diturus
192 669 245 726 est,
256 660 287 714 in
301 661 412 715 occulto
439 661 647 729 oru3undein
679 659 913 730 Evangelio:l'u
1296 660 1303 675 ⁸
1532 666 1539 678 ·
1861 725 1863 728 ι

63 755 153 804 eutem
182 764 242 804 oum
269 751 399 812 moveris,
433 751 509 802 intro
532 751 561 802 iu
588 749 740 803 cubiculum
769 753 852 810 tunm.
887 752 912 801 et
1002 746 1126 801 Psolneus
1158 746 1252 801 Ducit.
1283 749 1410 803 Psalmus
1436 747 1489 803 iste
1511 748 1649 820 septimus
1671 750 1817 820 preniten-

61 840 154 893 ctouso
184 841 252 892 ostio
274 852 322 891 oru
345 837 459 892 Putrem
487 842 563 892 tuum
590 840 638 907 qui
660 838 734 892 uidet
757 837 911 892 inobscon·
967 833 1089 897 tialium,
1111 834 1161 906 qui
1189 834 1254 888 ideo
1274 840 1341 890 sunt
1363 840 1482 906 septem,
1507 842 1538 892 ut
1570 838 1670 893 eudem
1695 855 1816 893 numero

63 927 144 993 dito,
165 932 218 981 etc.
235 927 345 992 (blattis.
362 926 411 995 vi.)
966 939 1023 994 quo
1037 923 1227 993 peccavimus,
1246 927 1519 994 pecealadiluamus.
1533 926 1633 997 (Cass.)
1646 926 1725 982 Siout
1738 928 1816 982 enim

98 1015 179 1068 Vasa.
196 1022 223 1067 t.
249 1016 334 1069 -nt
357 1019 386 1067 tu
409 1015 566 1081 ropnouisti.
590 1015 656 1084 (ln.)
683 1015 741 1069 Hoc
758 1014 847 1083 addit,
876 1029 912 1068 ne
966 1011 996 1065 in
1013 1012 1193 1068 bebdomada
1217 1012 1318 1066 mundi
1342 1013 1429 1085 hrrjus
1455 1030 1616 1085 peccamus,
1633 1016 1673 1070 ita
1694 1017 1817 1071 hocnu-

61 1102 224 1169 audientes,
239 1102 338 1169 defecit
361 1104 475 1171 subitus
502 1118 588 1168 meus,
616 1107 752 1173 putarent
782 1104 911 1158 eumde·
966 1116 1046 1154 mero
1063 1102 1240 1171 psalmorum
1255 1103 1414 1157 remedium
1432 1104 1611 1173 poenitentiae
1624 1106 1745 1175 peccatis
1761 1121 1817 1176 op-

57 1191 179 1260 jectum.
197 1193 236 1245 bc
261 1190 284 1245 si
312 1191 483 1245 dicerettsi
513 1191 553 1244 illi
569 1197 671 1260 putant
697 1192 911 1263 medejectum,
966 1190 1092 1259 ponitur.
1113 1190 1271 1260 inquibus
1299 1191 1426 1260 psalmus
1450 1192 1514 1245 talis
1537 1199 1581 1247 est
1601 1192 1703 1257 torma,
1720 1195 1817 1265 quiea

61 1281 131 1350 quia
154 1280 272 1349 spiritus
299 1295 382 1334 mens
410 1280 523 1348 defecit,
546 1286 576 1335 tu
605 1296 651 1336 me
679 1286 803 1336 stantem
821 1281 910 1352 uides,
967 1278 1098 1347 lacrymis
1110 1278 1258 1349 incipitur,
1276 1285 1305 1334 et
1322 1279 1353 1333 in
1368 1280 1473 1348 gaudio
1493 1279 1559 1335 linis
1575 1286 1628 1349 est,
1649 1282 1764 1353 nequis
1781 1283 1816 1338 de

60 1368 146 1439 eujus
162 1367 286 1438 Spiritus
302 1384 347 1422 me
363 1367 493 1423 vivificat.
965 1366 1048 1420 senia
1063 1366 1205 1438 desperet.
1221 1367 1316 1439 (Auo.)
1327 1368 1406 1425 Sicut
1420 1369 1555 1424 Absalom
1566 1369 1665 1438 David,
1681 1370 1816 1426 sictudus

96 1458 223 1512 Semitas.
239 1456 369 1521 iustitiae,
386 1472 457 1527 quas
472 1455 514 1510 illi
525 1472 583 1510 non
593 1455 699 1512 vident.
966 1454 1121 1520 Christum,
1135 1456 1200 1511 falsi
1214 1458 1315 1513 fratros
1330 1474 1433 1530 corpus
1450 1458 1532 1530 ejus3
1547 1460 1591 1513 rol
1611 1459 1705 1514 illiciti
1721 1466 1816 1517 motus

96 1547 128 1601 ln
139 1548 195 1600 uio.
211 1544 304 1600 blullae
319 1544 382 1610 siu,
398 1539 467 1616 quia
491 1545 580 1600 niulta
608 1549 765 1616 praecepta:
785 1562 841 1600 una
854 1545 909 1612 sia,
964 1547 992 1596 et
1008 1545 1149 1614 operatio.

61 1633 130 1705 quia
142 1634 238 1687 omnia
255 1635 289 1687 ad
306 1649 406 1697 nuum,
422 1633 450 1687 id
467 1638 509 1688 est
530 1634 711 1704 charitatem,
730 1634 946 1727 rediguntur.B
1010 1634 1088 1686 Vaas.
1118 1636 1142 1688 l.
1167 1662 1202 1674 -
1240 1635 1353 1689 Domine
1376 1635 1489 1702 eaaudi,
1525 1641 1577 1690 etc.
1612 1636 1698 1707 (Cas.)
1718 1638 1814 1692 Primo

97 1721 179 1792 biso.)
205 1720 245 1794 :lu
271 1725 328 1788 uio,
354 1722 511 1776 seeundum
554 1725 652 1777 sotum
690 1726 912 1793 eorum3juxta
965 1721 1238 1792 captatexordium3
1264 1723 1389 1779 secundo
1416 1729 1514 1778 narrat
1529 1726 1604 1778 mala
1619 1741 1680 1791 sun,
1700 1725 1814 1796 etquid

60 1810 149 1875 siam,
177 1809 337 1866 seeundum
362 1811 521 1864 veritatem.
543 1811 672 1866 Christus
693 1811 772 1866 euim
799 1811 909 1879 ostris,
965 1815 1064 1864 contra
1080 1810 1183 1881 egerit,
1197 1810 1246 1879 ibi,
1263 1814 1330 1880 quin
1351 1818 1575 1882 persecutuseet;
1599 1813 1683 1868 tertio
1697 1816 1817 1885 ponitur

59 1900 111 1971 qui
131 1916 188 1954 non
203 1899 271 1953 sinit
285 1916 334 1969 eos
355 1900 491 1970 laqueum
506 1902 657 1970 ponerein
670 1902 726 1967 uio,
744 1904 775 1954 ut
801 1900 913 1955 nonsit
965 1898 1128 1969 deprecatio
1150 1899 1242 1954 eansis
1268 1901 1446 1970 confirmata,
1472 1902 1521 1966 ibi,
1546 1903 1671 1957 uelociter
1690 1903 1815 1971 eeoudi3

61 1988 216 2059 nobisque
235 2004 354 2054 eamus3
384 1988 452 2042 sinit
478 1994 573 2043 tauian
599 2004 705 2059 ponere
728 1988 910 2060 juxtaviam,
965 1991 1069 2059 quarto
1108 1988 1225 2059 ponitur
1252 1988 1318 2043 lala
1346 1990 1499 2057 conclusio,
1526 1989 1577 2057 ibi,
1608 1993 1724 2061 spiritus
1742 1997 1815 2047 tuus.

60 2092 97 2130 ne
113 2093 131 2129 a
144 2077 189 2129 vie
203 2076 388 2130 declinemus.
967 2076 1060 2130 tlonst
1073 2076 1107 2131 ad
1129 2077 1340 2146 penitentiam,
1357 2083 1385 2132 ct
1410 2079 1582 2147 orationem,
1604 2079 1641 2134 ad
1661 2080 1815 2135 orandum.

111 2165 194 2220 Vaas.
223 2167 248 2219 ὅ.
276 2194 309 2204 -
332 2165 543 2221 considerabam
563 2165 601 2219 nd
631 2164 780 2220 deuterum.
816 2165 912 2236 (buo.)
965 2163 999 2217 Iu
1024 2179 1146 2234 persona
1172 2164 1260 2219 totius
1283 2164 1388 2220 Christi
1412 2165 1543 2222 bielno
1569 2167 1694 2233 Domine,
1714 2172 1768 2222 etc.
1786 2168 1816 2223 ln

59 2251 154 2316 Quaem
170 2251 236 2306 mali
253 2268 311 2306 non
327 2252 483 2320 ridebaut3
502 2262 531 2308 et
552 2254 606 2308 boe
622 2259 674 2320 est,
690 2261 716 2309 et
726 2269 780 2309 uon
791 2259 850 2310 erut
865 2255 913 2323 qui
965 2253 1079 2307 ueritate
1092 2257 1149 2306 tuo.
1167 2251 1267 2322 (Cass.)
1282 2253 1345 2308 lton
1358 2257 1400 2307 est
1421 2254 1477 2308 hoc
1491 2259 1590 2309 eontra
1611 2254 1815 2324 humilitatem,

60 2345 238 2408 conpesceret.
255 2341 355 2411 (Cass.)
386 2340 456 2397 Germ
487 2342 564 2396 enim
590 2343 696 2413 pateris
717 2342 826 2409 omnia,
847 2343 912 2413 quis
966 2340 1155 2411 quaepetebat
1182 2340 1295 2395 audiri:
1319 2339 1367 2395 sod
1393 2340 1496 2396 verius
1520 2347 1550 2396 et
1569 2341 1682 2412 justitia
1696 2343 1747 2398 Dei
1762 2349 1816 2412 est,

62 2430 144 2485 novit
159 2429 227 2501 quid
252 2429 405 2485 attendas?
430 2431 520 2500 (buo.)
536 2431 635 2495 Quiin
663 2432 809 2486 dexteram
824 2436 913 2487 atten-
966 2445 1001 2483 ne
1025 2444 1091 2483 curn
1116 2434 1235 2498 rogante
1261 2430 1410 2500 disceptet,
1434 2446 1470 2484 ne
1494 2447 1560 2485 enm
1585 2431 1635 2502 qui
1654 2446 1683 2485 se
1698 2431 1846 2511 damnat·

59 2519 114 2584 dit,
132 2518 299 2590 videt3qui
314 2518 344 2572 in
359 2519 514 2587 sinistram,
531 2524 696 2575 excaecatur.
711 2520 771 2587 Vel,
788 2519 911 2591 apostoli
960 2517 1092 2587 judicet3
1120 2518 1196 2572 sanda
1215 2517 1412 2573 subditurzet
1443 2534 1496 2573 non
1519 2522 1614 2585 intres,
1640 2518 1817 2589 nonpetisit

60 2622 119 2659 non
130 2605 244 2659 stabant
272 2606 307 2660 ad
331 2606 486 2673 dexteram,
516 2607 583 2679 quia
610 2607 835 2663 carnalitimore
854 2607 911 2664 dis·
962 2606 1230 2678 justitiamjudicii.
1258 2606 1351 2678 (buo,
1372 2607 1451 2677 Cas.)
1473 2609 1634 2663 luveritote
1651 2609 1816 2673 tuo,intuo

61 2693 137 2765 persi
153 2698 229 2760 sunt,
246 2693 296 2748 sed
312 2710 365 2765 ego
380 2694 501 2765 perstiti.
961 2697 1083 2766 justitio.
1099 2695 1146 2749 Vel
1154 2695 1296 2766 justitiam
1318 2701 1347 2751 et
1361 2696 1509 2751 veritatem
1530 2696 1608 2764 dicit,
1645 2711 1709 2767 quie
1724 2696 1816 2767 parcit

99 2784 184 2838 Periit
206 2784 286 2850 lupo.
315 2783 383 2837 Tam
414 2783 540 2854 corporis
565 2800 651 2854 quam
679 2785 793 2840 mentis.
809 2788 912 2841 Etnon
964 2783 1183 2854 penitentibus,
1207 2788 1285 2839 etse
1304 2785 1474 2840 damnantes
1501 2785 1635 2855 absolsit,
1660 2791 1689 2840 ot
1710 2774 1815 2857 accipit

60 2872 163 2941 estqui
183 2874 317 2941 requirat.
346 2871 432 2943 (Gis.)
458 2871 530 2935 Quia
571 2874 650 2927 nulla
675 2880 718 2928 est
741 2875 909 2944 consolatio,
964 2872 1281 2942 proeodemeeruaten
1310 2877 1336 2928 et
1356 2873 1512 2944 justitiane.
1532 2874 1564 2929 iit
1589 2877 1641 2940 est,
1658 2876 1815 2930 inveritate

60 2959 112 3016 sed
135 2959 213 3014 solus
240 2959 277 3014 ad
305 2960 468 3030 passionem
494 2960 609 3015 relictus
636 2966 688 3015 est.
719 2963 807 3017 Periit
829 2954 946 3033 suque
967 2967 1023 3028 tiso,
1045 2964 1072 3015 et
1096 2964 1144 3014 tuo
1161 2962 1285 3031 justitio,
1309 2961 1337 3016 id
1371 2966 1413 3016 est
1446 2961 1603 3017 secundum
1621 2961 1764 3033 justitiam
1784 2966 1815 3018 et

61 3047 158 3120 (Ano.)
174 3048 400 3105 circumclusum
414 3064 444 3104 se
471 3047 550 3104 dicit.
574 3051 752 3119 Periitfupu
769 3051 910 3123 quianon
964 3049 1111 3103 veritatem
1141 3064 1228 3120 quam
1272 3049 1479 3121 paenitentibus
1507 3055 1581 3107 etse
1613 3050 1814 3107 accusantibus

60 3136 260 3209 ingitanimo,
284 3153 389 3209 corpus
416 3136 482 3192 licet
510 3137 673 3211 aliquando.
701 3139 911 3195 circumclusus
964 3135 1108 3206 indulges.

62 3242 123 3281 nou
138 3225 212 3298 fugit
226 3242 356 3297 corpore,
372 3226 507 3299 quianon
523 3232 625 3297 potest.
641 3227 751 3283 Fortius
767 3244 825 3282 uon
838 3229 912 3300 fugit
1001 3226 1080 3282 Vsus.
1107 3227 1133 3280 2.
1150 3253 1185 3267 -
1203 3228 1239 3281 lit
1256 3241 1309 3281 non
1329 3228 1414 3282 intres
1437 3229 1467 3282 in
1486 3228 1633 3298 judicium.
1649 3226 1750 3300 luno.)
1766 3230 1812 3284 ln·

62 3314 396 3386 mente,quinonsutt.
427 3316 512 3369 Periit
525 3317 595 3384 (uun
607 3317 740 3371 concluso
756 3317 798 3371 sel
824 3318 910 3385 lorti,·
966 3318 1041 3368 uani
1056 3312 1086 3366 in
1100 3312 1243 3383 judicium
1262 3329 1327 3368 cum
1354 3314 1485 3380 Domino,
1513 3315 1813 3386 quisnamjustitiam

62 3403 275 3473 istucequidem,
301 3404 376 3457 unde
392 3403 497 3458 dieitur
524 3405 554 3457 in
581 3405 755 3476 Everrgelioz
774 3407 850 3461 Videt
869 3408 911 3461 tu·
965 3399 1154 3468 consumunt,
1169 3400 1245 3471 quod
1262 3417 1319 3455 non
1334 3400 1387 3455 istc
1401 3400 1538 3469 bumilis;
1562 3403 1638 3457 unde
1652 3404 1812 3475 propbeta:

62 3508 129 3562 puin
141 3494 324 3545 uenientemet
335 3493 409 3558 sunit
432 3494 520 3558 (loun.
542 3496 579 3559 r).
611 3492 662 3547 Ubi
681 3493 820 3549 Dominus
833 3511 912 3550 mer·
967 3488 1039 3555 Quid
1063 3489 1145 3543 vultis
1160 3504 1262 3543 meeum
1285 3490 1432 3558 injudicio
1448 3490 1631 3547 contendere?
1656 3494 1753 3549 Omnes
1774 3492 1816 3548 de·

63 3579 212 3634 aenariam
249 3579 399 3648 vituperat.
441 3578 496 3634 Sed
524 3579 580 3634 alia
613 3585 655 3634 cst
679 3582 747 3651 luga
774 3582 912 3654 corporis,
966 3578 1117 3646 reliquistis
1144 3592 1195 3643 me,
1219 3577 1287 3632 dicit
1310 3581 1448 3633 Dominus.
1472 3578 1541 3633 Cum
1568 3594 1644 3635 anuo
1667 3581 1816 3636 tuolndi·

64 3682 153 3738 quam
179 3667 315 3722 Dominus
344 3669 486 3740 permittit
512 3671 625 3726 dicens:
655 3673 686 3728 Si
706 3688 753 3728 uos
781 3677 914 3744 persecuti
967 3681 1057 3737 gnum
1072 3670 1115 3719 0⁸2
1128 3680 1193 3718 0⁰1¹]
1217 3681 1307 3732 ⁵0¹'t0e
1329 3681 1364 3720 ΗΘ
1386 3666 1479 3720 dicam
1494 3682 1558 3721 0¹1OE
1573 3667 1728 3723 amieoeet
1747 3669 1770 3723 δί
1784 3674 1815 3724 ῐῦ

60 3758 168 3824 summ
183 3759 212 3810 fn
227 3772 282 3811 mm
295 3760 414 3825 cavitate,
430 3761 519 3827 suque
533 3762 563 3815 a„
579 3763 663 3815 ariam
679 3760 788 3829 (Manen,
813 3762 855 3833 χ),
968 3753 1039 3807 dieis
1062 3752 1196 3818 amicum,
1223 3770 1275 3824 ego
1301 3770 1424 3821 servum,
1451 3755 1588 3825 fugitivus
1604 3755 1699 3825 redeo,
1715 3773 1816 3828 pacem

104 3845 136 3899 ar
151 3859 204 3898 noer
224 3851 263 3899 en
291 3848 340 3915 que·
367 3848 491 3915 requirat
510 3850 640 3912 auretam,
661 3848 804 3912 Quaeritur
818 3849 915 3905 anime
969 3857 1077 3912 quero,
1093 3856 1214 3895 noverum
1228 3841 1328 3911 diosus
1342 3844 1435 3896 vocari
1451 3844 1524 3911 ttius
1538 3849 1611 3900 reue.

65 3936 117 3988 aut
139 3948 157 3986 a
181 3934 421 4003 persecutoribus,
444 3939 529 3989 aute
554 3934 747 3990 dilectoribus.
772 3935 817 3991 Sic
846 3935 915 4008 iuga
1005 3930 1089 3983 Vltus·
1109 3904 1181 3983 3--ί
1209 3931 1279 3997 Quin
1302 3934 1471 3998 persecutus.
1493 3931 1817 4004 (Ces.)Secnndapars,

63 4021 142 4092 perit
157 4020 268 4077 duobus
283 4023 387 4092 modis,
406 4029 435 4077 et
447 4039 463 4077 a
474 4029 556 4095 capto
569 4029 596 4078 et
609 4042 624 4078 a
639 4024 715 4079 forti.
970 4018 1019 4073 ubi
1034 4022 1077 4072 est
1095 4018 1221 4073 narratio
1237 4020 1379 4073 malorum
1395 4036 1459 4092 qnae
1479 4020 1597 4090 patitur,
1611 4026 1640 4077 et
1658 4022 1729 4094 qnid
1749 4038 1817 4077 eon·

102 4111 181 4165 Vens.
212 4114 239 4165 6.
262 4140 296 4152 -
320 4114 456 4167 Clamant.
486 4113 570 4183 (Cas.)
601 4113 729 4169 Secunda
766 4130 834 4184 pars
868 4115 917 4170 nbi
968 4111 1012 4162 ira
1031 4107 1131 4178 egel'ii·
1353 4108 1357 4113 ’

65 4198 174 4268 agitdo
189 4198 246 4253 tine
261 4200 414 4254 malorum.
430 4201 496 4269 Spes
517 4217 586 4255 meo.
605 4201 717 4266 Quiete
731 4218 766 4257 ex
782 4203 953 4292 omnibusD
1006 4196 1124 4251 Vmii·
1151 4225 1185 4236 ·-
1207 4197 1307 4250 Mill?
1328 4195 1384 4263 fut.
1408 4195 1505 4265 (nee.)
1531 4199 1588 4253 ³⁰⁰
1616 4198 1820 4256 dicusstmem·

65 4286 265 4357 eligol'ortio.
283 4287 435 4343 Humiliter
458 4288 528 4342 dicit
550 4293 579 4342 et
603 4289 795 4344 communiter
809 4292 915 4361 portis·
971 4285 1032 4350 bra,
1050 4292 1115 4351 etc„
1144 4300 1229 4354 usque
1254 4284 1291 4339 od
1306 4285 1355 4339 sed
1381 4301 1440 4340 non
1455 4302 1516 4342 esse
1539 4287 1658 4359 coepisti.
1672 4289 1821 4347 Meditotus

67 4391 136 4430 nem
152 4375 206 4430 sibi
221 4388 281 4430 esse
296 4376 326 4430 in
341 4383 418 4431 terra
441 4376 610 4443 visentium,
635 4393 700 4431 eum
730 4383 788 4433 tote
805 4379 841 4433 sit
856 4395 917 4434 sua.
971 4390 1042 4430 sum.
1065 4373 1138 4439 Diria
1152 4373 1253 4445 utique
1268 4373 1365 4428 omnia
1382 4373 1458 4429 bona
1472 4380 1547 4439 sunl,
1564 4376 1594 4431 in
1616 4393 1673 4449 quo
1689 4379 1820 4450 percipit,

67 4464 129 4518 uoe
143 4468 221 4534 petet
246 4480 278 4518 ex
296 4464 355 4518 boe
380 4465 456 4535 quoa
482 4465 586 4519 retroni
614 4464 919 4522 ni1u2u0uiemeeum
973 4462 1041 4534 quia
1054 4461 1195 4533 quidquid
1211 4461 1241 4515 in
1254 4478 1284 4516 se
1297 4461 1367 4518 boni
1383 4469 1463 4532 esta
1479 4465 1538 4519 neo
1552 4470 1605 4520 est.
1620 4467 1652 4521 lu
1666 4468 1750 4531 saecu
1761 4483 1823 4522 ma-

65 4556 121 4607 eris
145 4554 175 4606 in
202 4553 356 4622 paradiso:
382 4553 432 4625 qui
461 4557 502 4607 est
526 4553 772 4609 terrerivenlium
798 4560 919 4610 oelerna·
972 4567 1065 4605 nisum.
1083 4553 1121 4605 bc
1149 4550 1173 4605 si
1195 4551 1271 4605 dicat
1287 4551 1427 4617 :Ouaesisi
1455 4553 1485 4607 in
1511 4569 1598 4624 opere
1621 4554 1770 4622 artificem,
1793 4560 1824 4612 et

67 4641 146 4695 liter.
973 4640 1003 4694 in
1019 4640 1141 4694 conditis
1156 4640 1292 4695 omnibns
1315 4640 1511 4698 conditorem:
1532 4648 1663 4699 creatura
1687 4649 1737 4699 tua
1750 4645 1823 4701 lacta

104 4731 187 4784 Vens.
214 4732 240 4783 7.
269 4759 304 4771 -
331 4730 356 4784 A
380 4730 602 4800 persequentibus
629 4745 679 4785 me.
697 4730 830 4786 Diabolus
843 4732 919 4787 enim
974 4732 1016 4783 est
1032 4728 1318 4798 mihispectucnlum.

67 4834 122 4890 per
134 4835 201 4873 sasa
215 4834 277 4884 sua,
293 4818 320 4873 id
344 4823 386 4872 ost
408 4835 459 4890 per
483 4818 559 4873 lilios
587 4819 762 4887 dillidentiae,
778 4819 838 4891 egit
852 4835 921 4890 per·
1009 4818 1110 4871 blemor
1125 4819 1170 4883 fui
1185 4817 1299 4872 durum.
1327 4817 1412 4888 (Cas.)
1432 4818 1569 4875 Recolens
1596 4819 1650 4875 isle
1664 4820 1743 4891 quod
1757 4819 1825 4876 iecit

69 4906 249 4961 secutionem
262 4907 399 4977 corporis,
415 4913 445 4962 ut
457 4908 534 4963 intus
549 4907 599 4962 liat
611 4909 703 4964 cordis
719 4909 813 4963 ruina.
974 4905 1077 4959 coelrrm
1098 4908 1126 4958 et
1137 4910 1254 4972 terram,
1279 4910 1309 4960 et
1332 4907 1410 4976 quod
1431 4907 1572 4963 benefecit
1599 4909 1737 4980 antiquis,
1751 4909 1824 4965 obli.-

106 4996 178 5049 Vsns
204 4998 282 5050 8.·-
301 4997 377 5052 Educ
392 4997 425 5051 de
448 4996 583 5064 custodio,
606 5003 659 5053 etc.
680 4998 772 5070 (Auo.)
803 4999 840 5053 Ex
855 5013 908 5068 per
975 4992 1093 5047 viscitur
1107 4992 1292 5046 miseriarum
1320 4993 1429 5048 mundi.
1449 4995 1481 5049 Et
1506 5011 1540 5050 ex
1560 4995 1685 5067 hisque
1701 4996 1826 5053 Deusie·

69 5098 141 5139 sona
169 5085 301 5139 Ecclesiae
334 5085 465 5157 loquens,
489 5086 609 5156 exponit
642 5086 725 5142 unde.
746 5086 920 5142 liberandus.
975 5081 1241 5136 eitseconsolatur.

68 5171 319 5229 bliasciecuroere.
344 5174 417 5238 Quin
441 5174 471 5229 in
486 5175 671 5246 corruptione
694 5175 772 5247 (quae
783 5180 823 5230 est
838 5190 923 5245 poena
1012 5170 1090 5225 Vsus.
1106 5174 1184 5224 7.-
1205 5171 1343 5226 Velocitcr.
1365 5170 1469 5241 (Cass.)
1497 5172 1590 5227 Tertia
1619 5189 1695 5243 pers,
1711 5173 1827 5244 ubipo·

70 5259 408 5331 corporis)angustialur
426 5278 433 5319 :
451 5267 516 5332 poet
542 5278 613 5333 quas
632 5263 776 5334 angustias
793 5263 922 5318 indomo
977 5260 1057 5314 nitur
1070 5259 1232 5331 deprecatio
1251 5260 1344 5314 causis
1372 5261 1549 5316 conlirmata.
1580 5262 1826 5331 Defecitspiritus.

73 5348 126 5404 Dei
141 5354 202 5403 tota
223 5349 280 5403 sita
296 5350 352 5405 erit
374 5351 526 5414 confessio,
551 5351 579 5406 id
605 5357 648 5405 est
662 5352 723 5406 lans
740 5351 804 5418 Dei;
836 5353 923 5407 modo
978 5356 1072 5427 (bne.)
1089 5357 1208 5427 impleat
1221 5372 1266 5410 me
1287 5360 1354 5410 tuus
1366 5355 1500 5426 Spiritus,
1515 5356 1584 5427 quia
1607 5357 1710 5413 deiecit
1723 5374 1803 5414 mens
1820 5375 1827 5414 :

71 5437 196 5508 impedit
223 5453 319 5493 carcer
347 5439 489 5496 confiteri.
519 5439 570 5495 llic
593 5455 689 5495 carcer
719 5441 764 5495 vel
781 5444 925 5511 spelunca
975 5442 1036 5514 jam
1050 5459 1114 5498 suin
1138 5458 1249 5515 pauper
1263 5443 1377 5514 spiritu.
1395 5445 1426 5499 lu
1446 5461 1503 5516 quo
1531 5444 1692 5502 enimrisit
1711 5448 1829 5520 spiritns

72 5526 201 5582 mundus
215 5530 309 5597 potest
334 5527 400 5596 dici,
431 5528 481 5584 ubi
508 5528 608 5585 omnia
633 5544 728 5586 sanas
751 5528 926 5602 underogat
982 5546 1060 5598 suus,
1088 5531 1137 5586 ille
1177 5530 1319 5603 superbus
1346 5536 1389 5589 eet
1413 5533 1518 5605 spiritu
1542 5550 1604 5602 suu,
1632 5538 1661 5591 et
1683 5535 1831 5592 extollitur

234 5632 371 5699 Parnon.
399 5634 504 5699 cxlll.
1574 5647 1615 5708 ³4

56 4424 62 4452 t
