<?xml version="1.0" encoding="UTF-8"?>
<!DOCTYPE html PUBLIC "-//W3C//DTD XHTML 1.0 Transitional//EN"
    "http://www.w3.org/TR/xhtml1/DTD/xhtml1-transitional.dtd">
<html xmlns="http://www.w3.org/1999/xhtml" xml:lang="en" lang="en">
 <head>
  <title>
</title>
<meta http-equiv="Content-Type" content="text/html;charset=utf-8" />
  <meta name='ocr-system' content='tesseract 3.04.00' />
  <meta name='ocr-capabilities' content='ocr_page ocr_carea ocr_par ocr_line ocrx_word'/>
</head>
<body>
  <div class='ocr_page' id='page_1' title='image "./patrologiaecurs04migngoog/patrologiaecurs04migngoog_0227.png"; bbox 0 0 3892 6106; ppageno 0'>
   <div class='ocr_carea' id='block_1_1' title="bbox 2 201 1847 265">
    <p class='ocr_par' dir='ltr' id='par_1_1' title="bbox 2 201 1847 265">
     <span class='ocr_line' id='line_1_1' title="bbox 2 201 1847 265; baseline 0.001 -1"><span class='ocrx_word' id='word_1_1' title='bbox 2 253 6 264; x_wconf 82' lang='grc'><strong>.</strong></span> <span class='ocrx_word' id='word_1_2' title='bbox 87 202 145 261; x_wconf 68' lang='lat' dir='ltr'><strong>“d</strong></span> <span class='ocrx_word' id='word_1_3' title='bbox 402 203 597 260; x_wconf 71' lang='lat' dir='ltr'><strong>wethintttt</strong></span> <span class='ocrx_word' id='word_1_4' title='bbox 617 203 740 261; x_wconf 75' lang='lat' dir='ltr'><strong>stultit</strong></span> <span class='ocrx_word' id='word_1_5' title='bbox 760 201 863 260; x_wconf 77' lang='lat' dir='ltr'><strong>rute.</strong></span> <span class='ocrx_word' id='word_1_6' title='bbox 884 202 967 260; x_wconf 74' lang='lat' dir='ltr'><strong>hott.</strong></span> <span class='ocrx_word' id='word_1_7' title='bbox 985 204 1062 262; x_wconf 72' lang='lat' dir='ltr'><strong>OPP-</strong></span> <span class='ocrx_word' id='word_1_8' title='bbox 1082 204 1171 261; x_wconf 67' lang='lat' dir='ltr'><strong>PARS</strong></span> <span class='ocrx_word' id='word_1_9' title='bbox 1189 204 1210 260; x_wconf 91' lang='grc' dir='ltr'><strong>Ι.</strong></span> <span class='ocrx_word' id='word_1_10' title='bbox 1229 233 1266 244; x_wconf 95' lang='grc'>-</span> <span class='ocrx_word' id='word_1_11' title='bbox 1284 202 1513 262; x_wconf 78' lang='lat' dir='ltr'><strong>Tuaotoutca.</strong></span> <span class='ocrx_word' id='word_1_12' title='bbox 1793 206 1847 265; x_wconf 76' lang='lat' dir='ltr'><strong>ut</strong></span> 
     </span>
    </p>
   </div>
   <div class='ocr_carea' id='block_1_2' title="bbox 89 325 1848 1378">
    <p class='ocr_par' dir='ltr' id='par_1_2' title="bbox 89 325 1848 576">
     <span class='ocr_line' id='line_1_2' title="bbox 89 325 1848 401; baseline 0 -18"><span class='ocrx_word' id='word_1_13' title='bbox 89 327 171 383; x_wconf 85' lang='lat' dir='ltr'><strong>iesus</strong></span> <span class='ocrx_word' id='word_1_14' title='bbox 185 341 246 382; x_wconf 90' lang='lat' dir='ltr'><strong>non</strong></span> <span class='ocrx_word' id='word_1_15' title='bbox 269 326 431 399; x_wconf 86' lang='lat' dir='ltr'><strong>plangitur;</strong></span> <span class='ocrx_word' id='word_1_16' title='bbox 447 327 478 382; x_wconf 89' lang='lat' dir='ltr'><strong>iu</strong></span> <span class='ocrx_word' id='word_1_17' title='bbox 493 327 569 399; x_wconf 86' lang='lat' dir='ltr'><strong>lege,</strong></span> <span class='ocrx_word' id='word_1_18' title='bbox 590 326 741 383; x_wconf 73' lang='lat' dir='ltr'>descensus</span> <span class='ocrx_word' id='word_1_19' title='bbox 756 325 793 383; x_wconf 88' lang='lat' dir='ltr'><strong>ad</strong></span> <span class='ocrx_word' id='word_1_20' title='bbox 815 325 937 393; x_wconf 86' lang='lat' dir='ltr'><strong>inieros;</strong></span> <span class='ocrx_word' id='word_1_21' title='bbox 957 326 983 385; x_wconf 76' lang='grc'><strong>,4</strong></span> <span class='ocrx_word' id='word_1_22' title='bbox 997 329 1218 384; x_wconf 85' lang='lat' dir='ltr'><strong>contemnantur</strong></span> <span class='ocrx_word' id='word_1_23' title='bbox 1232 326 1348 399; x_wconf 87' lang='lat' dir='ltr'><strong>penitas</strong></span> <span class='ocrx_word' id='word_1_24' title='bbox 1361 330 1478 384; x_wconf 77' lang='lat' dir='ltr'><strong>terrem</strong></span> <span class='ocrx_word' id='word_1_25' title='bbox 1492 342 1501 383; x_wconf 75' lang='grc' dir='ltr'><em>τ</em></span> <span class='ocrx_word' id='word_1_26' title='bbox 1516 325 1572 383; x_wconf 85' lang='lat' dir='ltr'><strong>nisi</strong></span> <span class='ocrx_word' id='word_1_27' title='bbox 1590 326 1670 383; x_wconf 87' lang='lat' dir='ltr'><strong>enim</strong></span> <span class='ocrx_word' id='word_1_28' title='bbox 1682 331 1848 401; x_wconf 66' lang='lat' dir='ltr'><strong>assumpta</strong></span> 
     </span>
     <span class='ocr_line' id='line_1_3' title="bbox 92 414 1846 488; baseline 0.001 -16"><span class='ocrx_word' id='word_1_29' title='bbox 92 416 123 472; x_wconf 89' lang='lat' dir='ltr'><strong>in</strong></span> <span class='ocrx_word' id='word_1_30' title='bbox 139 417 302 488; x_wconf 83' lang='lat' dir='ltr'><strong>Evangelio,</strong></span> <span class='ocrx_word' id='word_1_31' title='bbox 319 417 357 473; x_wconf 87' lang='lat' dir='ltr'><strong>sd</strong></span> <span class='ocrx_word' id='word_1_32' title='bbox 371 414 682 486; x_wconf 87' lang='lat' dir='ltr'><strong>paradisumescensio.</strong></span> <span class='ocrx_word' id='word_1_33' title='bbox 996 415 1114 482; x_wconf 81' lang='lat' dir='ltr'><strong>luerint,</strong></span> <span class='ocrx_word' id='word_1_34' title='bbox 1129 431 1193 487; x_wconf 76' lang='lat' dir='ltr'><strong>qua.</strong></span> <span class='ocrx_word' id='word_1_35' title='bbox 1208 416 1352 472; x_wconf 79' lang='lat' dir='ltr'>delectare</span> <span class='ocrx_word' id='word_1_36' title='bbox 1366 416 1500 472; x_wconf 85' lang='lat' dir='ltr'><strong>videntur</strong></span> <span class='ocrx_word' id='word_1_37' title='bbox 1511 415 1542 472; x_wconf 92' lang='lat' dir='ltr'><strong>in</strong></span> <span class='ocrx_word' id='word_1_38' title='bbox 1556 417 1650 484; x_wconf 90' lang='lat' dir='ltr'><strong>terris,</strong></span> <span class='ocrx_word' id='word_1_39' title='bbox 1666 416 1702 474; x_wconf 86' lang='lat' dir='ltr'><strong>ad</strong></span> <span class='ocrx_word' id='word_1_40' title='bbox 1719 417 1846 474; x_wconf 71' lang='lat' dir='ltr'><strong>celestis</strong></span> 
     </span>
     <span class='ocr_line' id='line_1_4' title="bbox 128 502 1368 576; baseline 0.002 -17"><span class='ocrx_word' id='word_1_41' title='bbox 128 505 211 560; x_wconf 84' lang='lat' dir='ltr'><strong>Vane.</strong></span> <span class='ocrx_word' id='word_1_42' title='bbox 223 505 268 560; x_wconf 83' lang='lat' dir='ltr'><strong>to.</strong></span> <span class='ocrx_word' id='word_1_43' title='bbox 280 533 314 546; x_wconf 94' lang='lat'>-</span> <span class='ocrx_word' id='word_1_44' title='bbox 328 505 506 575; x_wconf 69' lang='lat' dir='ltr'><strong>audiuitque.</strong></span> <span class='ocrx_word' id='word_1_45' title='bbox 521 503 611 575; x_wconf 83' lang='lat' dir='ltr'><strong>(Isso.)</strong></span> <span class='ocrx_word' id='word_1_46' title='bbox 622 502 737 558; x_wconf 79' lang='lat' dir='ltr'><strong>Audiuit</strong></span> <span class='ocrx_word' id='word_1_47' title='bbox 747 518 862 576; x_wconf 88' lang='lat' dir='ltr'><strong>quoque</strong></span> <span class='ocrx_word' id='word_1_48' title='bbox 872 503 941 559; x_wconf 87' lang='lat' dir='ltr'><strong>Cha·</strong></span> <span class='ocrx_word' id='word_1_49' title='bbox 996 504 1119 560; x_wconf 89' lang='lat' dir='ltr'><strong>transire</strong></span> <span class='ocrx_word' id='word_1_50' title='bbox 1133 521 1190 560; x_wconf 92' lang='lat' dir='ltr'><strong>non</strong></span> <span class='ocrx_word' id='word_1_51' title='bbox 1205 521 1368 576; x_wconf 87' lang='lat' dir='ltr'><strong>possumus.</strong></span> 
     </span>
    </p>

    <p class='ocr_par' dir='ltr' id='par_1_3' title="bbox 92 592 1847 931">
     <span class='ocr_line' id='line_1_5' title="bbox 94 592 1847 666; baseline 0.002 -17"><span class='ocrx_word' id='word_1_52' title='bbox 94 609 213 650; x_wconf 79' lang='lat' dir='ltr'><strong>nanoeus</strong></span> <span class='ocrx_word' id='word_1_53' title='bbox 240 594 320 666; x_wconf 90' lang='lat' dir='ltr'><strong>quod</strong></span> <span class='ocrx_word' id='word_1_54' title='bbox 335 593 457 649; x_wconf 85' lang='lat' dir='ltr'><strong>venisset</strong></span> <span class='ocrx_word' id='word_1_55' title='bbox 479 593 576 656; x_wconf 88' lang='lat' dir='ltr'><strong>lsrael,</strong></span> <span class='ocrx_word' id='word_1_56' title='bbox 604 597 632 647; x_wconf 88' lang='lat' dir='ltr'><strong>el</strong></span> <span class='ocrx_word' id='word_1_57' title='bbox 655 592 685 648; x_wconf 92' lang='lat' dir='ltr'><strong>in</strong></span> <span class='ocrx_word' id='word_1_58' title='bbox 699 593 761 647; x_wconf 93' lang='lat' dir='ltr'><strong>loco</strong></span> <span class='ocrx_word' id='word_1_59' title='bbox 780 592 941 664; x_wconf 84' lang='lat' dir='ltr'><strong>explorato·</strong></span> <span class='ocrx_word' id='word_1_60' title='bbox 1030 594 1111 650; x_wconf 84' lang='lat' dir='ltr'><strong>Vens.</strong></span> <span class='ocrx_word' id='word_1_61' title='bbox 1139 594 1184 649; x_wconf 78' lang='lat' dir='ltr'><strong>tt.</strong></span> <span class='ocrx_word' id='word_1_62' title='bbox 1206 623 1241 637; x_wconf 92' lang='lat'><em>-</em></span> <span class='ocrx_word' id='word_1_63' title='bbox 1269 597 1405 650; x_wconf 84' lang='lat' dir='ltr'><strong>Venerunt</strong></span> <span class='ocrx_word' id='word_1_64' title='bbox 1428 594 1466 649; x_wconf 83' lang='lat' dir='ltr'><strong>ud</strong></span> <span class='ocrx_word' id='word_1_65' title='bbox 1485 599 1600 650; x_wconf 80' lang='lat' dir='ltr'><strong>neuun</strong></span> <span class='ocrx_word' id='word_1_66' title='bbox 1618 594 1847 653; x_wconf 74' lang='lat' dir='ltr'><strong>Aborimoontrs</strong></span> 
     </span>
     <span class='ocr_line' id='line_1_6' title="bbox 92 679 1846 756; baseline 0.001 -18"><span class='ocrx_word' id='word_1_67' title='bbox 92 699 169 750; x_wconf 87' lang='lat' dir='ltr'><strong>rum,</strong></span> <span class='ocrx_word' id='word_1_68' title='bbox 187 683 237 738; x_wconf 91' lang='lat' dir='ltr'><strong>ubi</strong></span> <span class='ocrx_word' id='word_1_69' title='bbox 251 683 398 755; x_wconf 88' lang='lat' dir='ltr'><strong>quondam</strong></span> <span class='ocrx_word' id='word_1_70' title='bbox 412 683 553 754; x_wconf 91' lang='lat' dir='ltr'><strong>populum</strong></span> <span class='ocrx_word' id='word_1_71' title='bbox 567 681 719 738; x_wconf 78' lang='lat' dir='ltr'><strong>offendisse</strong></span> <span class='ocrx_word' id='word_1_72' title='bbox 733 684 861 748; x_wconf 80' lang='lat' dir='ltr'><strong>uouerat,</strong></span> <span class='ocrx_word' id='word_1_73' title='bbox 876 679 941 736; x_wconf 88' lang='lat' dir='ltr'><strong>iniit</strong></span> <span class='ocrx_word' id='word_1_74' title='bbox 995 683 1081 750; x_wconf 87' lang='lat' dir='ltr'><strong>Nube,</strong></span> <span class='ocrx_word' id='word_1_75' title='bbox 1110 687 1164 738; x_wconf 90' lang='lat' dir='ltr'><strong>etc.</strong></span> <span class='ocrx_word' id='word_1_76' title='bbox 1198 681 1340 754; x_wconf 79' lang='lat' dir='ltr'><strong>(disson.)</strong></span> <span class='ocrx_word' id='word_1_77' title='bbox 1365 682 1586 754; x_wconf 84' lang='lat' dir='ltr'><strong>Quadragesima</strong></span> <span class='ocrx_word' id='word_1_78' title='bbox 1611 684 1706 756; x_wconf 88' lang='lat' dir='ltr'><strong>prime</strong></span> <span class='ocrx_word' id='word_1_79' title='bbox 1732 685 1846 741; x_wconf 87' lang='lat' dir='ltr'><strong>mensio</strong></span> 
     </span>
     <span class='ocr_line' id='line_1_7' title="bbox 94 769 1846 844; baseline 0.002 -18"><span class='ocrx_word' id='word_1_80' title='bbox 94 772 226 844; x_wconf 74' lang='lat' dir='ltr'><strong>praelium</strong></span> <span class='ocrx_word' id='word_1_81' title='bbox 241 777 270 826; x_wconf 90' lang='lat' dir='ltr'><strong>et</strong></span> <span class='ocrx_word' id='word_1_82' title='bbox 284 772 427 842; x_wconf 84' lang='lat' dir='ltr'><strong>captivum</strong></span> <span class='ocrx_word' id='word_1_83' title='bbox 441 771 523 826; x_wconf 82' lang='lat' dir='ltr'><strong>duxit</strong></span> <span class='ocrx_word' id='word_1_84' title='bbox 536 771 635 826; x_wconf 83' lang='lat' dir='ltr'><strong>isreel.</strong></span> <span class='ocrx_word' id='word_1_85' title='bbox 655 771 779 826; x_wconf 81' lang='lat' dir='ltr'>Rursum</span> <span class='ocrx_word' id='word_1_86' title='bbox 794 769 823 824; x_wconf 90' lang='lat' dir='ltr'><strong>in</strong></span> <span class='ocrx_word' id='word_1_87' title='bbox 838 769 941 825; x_wconf 89' lang='lat' dir='ltr'><strong>eodem</strong></span> <span class='ocrx_word' id='word_1_88' title='bbox 994 770 1116 825; x_wconf 78' lang='lat' dir='ltr'><strong>uertitur</strong></span> <span class='ocrx_word' id='word_1_89' title='bbox 1139 770 1169 825; x_wconf 90' lang='lat' dir='ltr'><strong>in</strong></span> <span class='ocrx_word' id='word_1_90' title='bbox 1188 776 1303 825; x_wconf 88' lang='lat' dir='ltr'><strong>montes</strong></span> <span class='ocrx_word' id='word_1_91' title='bbox 1328 771 1549 838; x_wconf 73' lang='lat' dir='ltr'><strong>transeuntium,</strong></span> <span class='ocrx_word' id='word_1_92' title='bbox 1572 776 1601 827; x_wconf 89' lang='lat' dir='ltr'><strong>et</strong></span> <span class='ocrx_word' id='word_1_93' title='bbox 1623 779 1668 829; x_wconf 92' lang='lat' dir='ltr'><strong>est</strong></span> <span class='ocrx_word' id='word_1_94' title='bbox 1685 779 1789 830; x_wconf 72' lang='lat' dir='ltr'><strong>centn</strong></span> <span class='ocrx_word' id='word_1_95' title='bbox 1806 775 1846 832; x_wconf 81' lang='lat' dir='ltr'><strong>fa·</strong></span> 
     </span>
     <span class='ocr_line' id='line_1_8' title="bbox 93 858 1289 931; baseline -0.002 -15"><span class='ocrx_word' id='word_1_96' title='bbox 93 862 157 917; x_wconf 89' lang='lat' dir='ltr'><strong>loeo</strong></span> <span class='ocrx_word' id='word_1_97' title='bbox 173 865 364 931; x_wconf 84' lang='lat' dir='ltr'><strong>expugnatur,</strong></span> <span class='ocrx_word' id='word_1_98' title='bbox 392 876 424 915; x_wconf 88' lang='lat' dir='ltr'><strong>er</strong></span> <span class='ocrx_word' id='word_1_99' title='bbox 448 864 513 915; x_wconf 83' lang='lat' dir='ltr'><strong>voto</strong></span> <span class='ocrx_word' id='word_1_100' title='bbox 536 860 628 914; x_wconf 84' lang='lat' dir='ltr'><strong>victor</strong></span> <span class='ocrx_word' id='word_1_101' title='bbox 652 859 784 924; x_wconf 86' lang='lat' dir='ltr'><strong>vincitur,</strong></span> <span class='ocrx_word' id='word_1_102' title='bbox 805 863 941 930; x_wconf 83' lang='lat' dir='ltr'><strong>superant</strong></span> <span class='ocrx_word' id='word_1_103' title='bbox 994 858 1187 921; x_wconf 81' lang='lat' dir='ltr'><strong>ciemmontis</strong></span> <span class='ocrx_word' id='word_1_104' title='bbox 1201 859 1289 914; x_wconf 84' lang='lat' dir='ltr'><strong>Nube.</strong></span> 
     </span>
    </p>

    <p class='ocr_par' dir='ltr' id='par_1_4' title="bbox 94 946 1844 1378">
     <span class='ocr_line' id='line_1_9' title="bbox 94 946 1844 1024; baseline -0.001 -22"><span class='ocrx_word' id='word_1_105' title='bbox 94 949 167 1004; x_wconf 84' lang='lat' dir='ltr'><strong>victi.</strong></span> <span class='ocrx_word' id='word_1_106' title='bbox 186 950 239 1005; x_wconf 86' lang='lat' dir='ltr'><strong>Per</strong></span> <span class='ocrx_word' id='word_1_107' title='bbox 253 949 330 1021; x_wconf 90' lang='lat' dir='ltr'><strong>quod</strong></span> <span class='ocrx_word' id='word_1_108' title='bbox 344 949 541 1019; x_wconf 79' lang='lat' dir='ltr'><strong>intelligimus,</strong></span> <span class='ocrx_word' id='word_1_109' title='bbox 559 953 589 1004; x_wconf 87' lang='lat' dir='ltr'><strong>ut</strong></span> <span class='ocrx_word' id='word_1_110' title='bbox 609 964 675 1003; x_wconf 87' lang='lat' dir='ltr'><strong>rum</strong></span> <span class='ocrx_word' id='word_1_111' title='bbox 690 964 741 1003; x_wconf 89' lang='lat' dir='ltr'><strong>nos</strong></span> <span class='ocrx_word' id='word_1_112' title='bbox 759 947 866 1002; x_wconf 83' lang='lat' dir='ltr'><strong>auxilio</strong></span> <span class='ocrx_word' id='word_1_113' title='bbox 891 946 942 1002; x_wconf 86' lang='lat' dir='ltr'><strong>Ilei</strong></span> <span class='ocrx_word' id='word_1_114' title='bbox 1031 947 1134 1018; x_wconf 75' lang='grc'><strong>(011111)</strong></span> <span class='ocrx_word' id='word_1_115' title='bbox 1158 947 1294 1019; x_wconf 78' lang='lat' dir='ltr'><strong>Sequitur</strong></span> <span class='ocrx_word' id='word_1_116' title='bbox 1315 947 1426 1003; x_wconf 88' lang='lat' dir='ltr'><strong>mansio</strong></span> <span class='ocrx_word' id='word_1_117' title='bbox 1442 947 1567 1015; x_wconf 71' lang='lat' dir='ltr'><strong>Abarim</strong></span> <span class='ocrx_word' id='word_1_118' title='bbox 1595 951 1672 1024; x_wconf 76' lang='lat' dir='ltr'><strong>quud</strong></span> <span class='ocrx_word' id='word_1_119' title='bbox 1691 956 1737 1007; x_wconf 71' lang='lat' dir='ltr'><strong>est</strong></span> <span class='ocrx_word' id='word_1_120' title='bbox 1751 957 1844 1008; x_wconf 71' lang='lat' dir='ltr'><strong>trans·</strong></span> 
     </span>
     <span class='ocr_line' id='line_1_10' title="bbox 94 1032 1844 1110; baseline -0.001 -15"><span class='ocrx_word' id='word_1_121' title='bbox 94 1038 245 1095; x_wconf 89' lang='lat' dir='ltr'><strong>destitutos</strong></span> <span class='ocrx_word' id='word_1_122' title='bbox 270 1039 366 1093; x_wconf 90' lang='lat' dir='ltr'><strong>hostes</strong></span> <span class='ocrx_word' id='word_1_123' title='bbox 387 1036 569 1109; x_wconf 74' lang='lat' dir='ltr'><strong>captivarint,</strong></span> <span class='ocrx_word' id='word_1_124' title='bbox 592 1052 650 1092; x_wconf 93' lang='lat' dir='ltr'><strong>non</strong></span> <span class='ocrx_word' id='word_1_125' title='bbox 669 1037 854 1107; x_wconf 89' lang='lat' dir='ltr'><strong>desperemus</strong></span> <span class='ocrx_word' id='word_1_126' title='bbox 867 1037 940 1091; x_wconf 90' lang='lat' dir='ltr'><strong>salu·</strong></span> <span class='ocrx_word' id='word_1_127' title='bbox 993 1032 1052 1089; x_wconf 89' lang='lat' dir='ltr'><strong>itus</strong></span> <span class='ocrx_word' id='word_1_128' title='bbox 1066 1041 1169 1091; x_wconf 88' lang='lat' dir='ltr'><strong>eontra</strong></span> <span class='ocrx_word' id='word_1_129' title='bbox 1188 1035 1298 1102; x_wconf 87' lang='lat' dir='ltr'><strong>Nabun,</strong></span> <span class='ocrx_word' id='word_1_130' title='bbox 1315 1035 1392 1107; x_wconf 94' lang='lat' dir='ltr'><strong>quod</strong></span> <span class='ocrx_word' id='word_1_131' title='bbox 1403 1042 1447 1091; x_wconf 92' lang='lat' dir='ltr'><strong>est</strong></span> <span class='ocrx_word' id='word_1_132' title='bbox 1457 1036 1607 1093; x_wconf 87' lang='lat' dir='ltr'><strong>abscessio.</strong></span> <span class='ocrx_word' id='word_1_133' title='bbox 1627 1037 1680 1093; x_wconf 88' lang='lat' dir='ltr'><strong>Ubi</strong></span> <span class='ocrx_word' id='word_1_134' title='bbox 1698 1038 1779 1094; x_wconf 89' lang='lat' dir='ltr'><strong>enim</strong></span> <span class='ocrx_word' id='word_1_135' title='bbox 1792 1055 1844 1110; x_wconf 90' lang='lat' dir='ltr'><strong>per</strong></span> 
     </span>
     <span class='ocr_line' id='line_1_11' title="bbox 96 1122 1839 1198; baseline 0.001 -15"><span class='ocrx_word' id='word_1_136' title='bbox 96 1135 167 1195; x_wconf 92' lang='lat' dir='ltr'><strong>tem,</strong></span> <span class='ocrx_word' id='word_1_137' title='bbox 181 1127 229 1183; x_wconf 90' lang='lat' dir='ltr'><strong>sed</strong></span> <span class='ocrx_word' id='word_1_138' title='bbox 241 1125 346 1182; x_wconf 88' lang='lat' dir='ltr'><strong>iterum</strong></span> <span class='ocrx_word' id='word_1_139' title='bbox 362 1141 535 1198; x_wconf 86' lang='lat' dir='ltr'><strong>pugnemus.</strong></span> <span class='ocrx_word' id='word_1_140' title='bbox 552 1127 648 1181; x_wconf 86' lang='lat' dir='ltr'><strong>Potest</strong></span> <span class='ocrx_word' id='word_1_141' title='bbox 664 1125 769 1180; x_wconf 83' lang='lat' dir='ltr'><strong>fierint</strong></span> <span class='ocrx_word' id='word_1_142' title='bbox 781 1124 939 1191; x_wconf 81' lang='lat' dir='ltr'><strong>vincamus,</strong></span> <span class='ocrx_word' id='word_1_143' title='bbox 994 1122 1046 1180; x_wconf 86' lang='lat' dir='ltr'><strong>has</strong></span> <span class='ocrx_word' id='word_1_144' title='bbox 1061 1140 1161 1180; x_wconf 92' lang='lat' dir='ltr'><strong>omnes</strong></span> <span class='ocrx_word' id='word_1_145' title='bbox 1175 1123 1294 1180; x_wconf 73' lang='lat' dir='ltr'><strong>vinulos</strong></span> <span class='ocrx_word' id='word_1_146' title='bbox 1305 1125 1403 1179; x_wconf 84' lang='lat' dir='ltr'><strong>anima</strong></span> <span class='ocrx_word' id='word_1_147' title='bbox 1416 1125 1572 1193; x_wconf 89' lang='lat' dir='ltr'><strong>transierit,</strong></span> <span class='ocrx_word' id='word_1_148' title='bbox 1588 1131 1618 1181; x_wconf 89' lang='lat' dir='ltr'><strong>et</strong></span> <span class='ocrx_word' id='word_1_149' title='bbox 1639 1127 1676 1183; x_wconf 91' lang='lat' dir='ltr'><strong>sd</strong></span> <span class='ocrx_word' id='word_1_150' title='bbox 1696 1143 1839 1184; x_wconf 86' lang='lat' dir='ltr'><strong>summum</strong></span> 
     </span>
     <span class='ocr_line' id='line_1_12' title="bbox 95 1212 1839 1288; baseline 0.001 -17"><span class='ocrx_word' id='word_1_151' title='bbox 95 1216 144 1271; x_wconf 90' lang='lat' dir='ltr'><strong>ubi</strong></span> <span class='ocrx_word' id='word_1_152' title='bbox 170 1215 236 1271; x_wconf 85' lang='lat' dir='ltr'><strong>victi</strong></span> <span class='ocrx_word' id='word_1_153' title='bbox 260 1231 369 1272; x_wconf 87' lang='lat' dir='ltr'><strong>sumus.</strong></span> <span class='ocrx_word' id='word_1_154' title='bbox 396 1215 622 1288; x_wconf 72' lang='lat' dir='ltr'><strong>Appellaturque</strong></span> <span class='ocrx_word' id='word_1_155' title='bbox 650 1230 756 1270; x_wconf 89' lang='lat' dir='ltr'><strong>nomen</strong></span> <span class='ocrx_word' id='word_1_156' title='bbox 780 1212 836 1270; x_wconf 89' lang='lat' dir='ltr'><strong>loci</strong></span> <span class='ocrx_word' id='word_1_157' title='bbox 861 1212 940 1269; x_wconf 88' lang='lat' dir='ltr'><strong>illius</strong></span> <span class='ocrx_word' id='word_1_158' title='bbox 993 1213 1178 1285; x_wconf 85' lang='lat' dir='ltr'><strong>perfectionis</strong></span> <span class='ocrx_word' id='word_1_159' title='bbox 1205 1213 1376 1281; x_wconf 84' lang='lat' dir='ltr'><strong>ascenderit,</strong></span> <span class='ocrx_word' id='word_1_160' title='bbox 1400 1215 1503 1269; x_wconf 81' lang='lat' dir='ltr'><strong>transit</strong></span> <span class='ocrx_word' id='word_1_161' title='bbox 1524 1214 1585 1286; x_wconf 86' lang='lat' dir='ltr'><strong>jam</strong></span> <span class='ocrx_word' id='word_1_162' title='bbox 1614 1215 1651 1271; x_wconf 90' lang='lat' dir='ltr'><strong>de</strong></span> <span class='ocrx_word' id='word_1_163' title='bbox 1676 1217 1787 1285; x_wconf 69' lang='lat' dir='ltr'><strong>saceio,</strong></span> <span class='ocrx_word' id='word_1_164' title='bbox 1809 1223 1839 1272; x_wconf 93' lang='lat' dir='ltr'><strong>et</strong></span> 
     </span>
     <span class='ocr_line' id='line_1_13' title="bbox 94 1301 1841 1378; baseline 0.001 -18"><span class='ocrx_word' id='word_1_165' title='bbox 94 1305 216 1372; x_wconf 85' lang='lat' dir='ltr'><strong>Horma,</strong></span> <span class='ocrx_word' id='word_1_166' title='bbox 233 1304 262 1360; x_wconf 92' lang='lat' dir='ltr'><strong>id</strong></span> <span class='ocrx_word' id='word_1_167' title='bbox 277 1309 321 1359; x_wconf 88' lang='lat' dir='ltr'><strong>eet</strong></span> <span class='ocrx_word' id='word_1_168' title='bbox 334 1305 496 1360; x_wconf 86' lang='lat' dir='ltr'><strong>anathema.</strong></span> <span class='ocrx_word' id='word_1_169' title='bbox 993 1301 1121 1357; x_wconf 73' lang='lat' dir='ltr'><strong>abscedit</strong></span> <span class='ocrx_word' id='word_1_170' title='bbox 1135 1301 1347 1371; x_wconf 83' lang='lat' dir='ltr'><strong>sicutlienoch,</strong></span> <span class='ocrx_word' id='word_1_171' title='bbox 1374 1302 1425 1374; x_wconf 88' lang='lat' dir='ltr'><strong>qui</strong></span> <span class='ocrx_word' id='word_1_172' title='bbox 1451 1317 1508 1358; x_wconf 93' lang='lat' dir='ltr'><strong>non</strong></span> <span class='ocrx_word' id='word_1_173' title='bbox 1533 1303 1744 1372; x_wconf 73' lang='lat' dir='ltr'><strong>inveniebatur,</strong></span> <span class='ocrx_word' id='word_1_174' title='bbox 1771 1305 1841 1378; x_wconf 86' lang='lat' dir='ltr'><strong>quia</strong></span> 
     </span>
    </p>
   </div>
   <div class='ocr_carea' id='block_1_3' title="bbox 8 1391 1842 1464">
    <p class='ocr_par' dir='ltr' id='par_1_5' title="bbox 8 1391 1842 1464">
     <span class='ocr_line' id='line_1_14' title="bbox 8 1391 1842 1464; baseline 0.002 -16"><span class='ocrx_word' id='word_1_175' title='bbox 8 1444 17 1456; x_wconf 84' lang='lat'><strong>,</strong></span> <span class='ocrx_word' id='word_1_176' title='bbox 129 1394 211 1449; x_wconf 79' lang='lat' dir='ltr'><strong>Vsus.</strong></span> <span class='ocrx_word' id='word_1_177' title='bbox 238 1395 282 1450; x_wconf 82' lang='grc'><strong>44.</strong></span> <span class='ocrx_word' id='word_1_178' title='bbox 303 1423 339 1436; x_wconf 87' lang='grc'><strong>-·</strong></span> <span class='ocrx_word' id='word_1_179' title='bbox 363 1395 397 1450; x_wconf 88' lang='lat' dir='ltr'><strong>ln</strong></span> <span class='ocrx_word' id='word_1_180' title='bbox 418 1395 549 1449; x_wconf 80' lang='lat' dir='ltr'><strong>ocimum.</strong></span> <span class='ocrx_word' id='word_1_181' title='bbox 581 1391 718 1464; x_wconf 82' lang='lat' dir='ltr'><strong>(tirason.)</strong></span> <span class='ocrx_word' id='word_1_182' title='bbox 741 1391 940 1449; x_wconf 79' lang='lat' dir='ltr'><strong>castrametati</strong></span> <span class='ocrx_word' id='word_1_183' title='bbox 993 1391 1142 1447; x_wconf 84' lang='lat' dir='ltr'><strong>transtulit</strong></span> <span class='ocrx_word' id='word_1_184' title='bbox 1163 1391 1246 1447; x_wconf 87' lang='lat' dir='ltr'><strong>illum</strong></span> <span class='ocrx_word' id='word_1_185' title='bbox 1273 1392 1358 1448; x_wconf 86' lang='lat' dir='ltr'><strong>lleus.</strong></span> <span class='ocrx_word' id='word_1_186' title='bbox 1386 1391 1468 1457; x_wconf 82' lang='lat' dir='ltr'><strong>Quod</strong></span> <span class='ocrx_word' id='word_1_187' title='bbox 1496 1392 1521 1446; x_wconf 90' lang='lat' dir='ltr'><strong>ei</strong></span> <span class='ocrx_word' id='word_1_188' title='bbox 1540 1393 1672 1449; x_wconf 88' lang='lat' dir='ltr'><strong>rideatur</strong></span> <span class='ocrx_word' id='word_1_189' title='bbox 1695 1394 1790 1451; x_wconf 89' lang='lat' dir='ltr'><strong>adhue</strong></span> <span class='ocrx_word' id='word_1_190' title='bbox 1809 1395 1842 1450; x_wconf 89' lang='lat' dir='ltr'><strong>in</strong></span> 
     </span>
    </p>
   </div>
   <div class='ocr_carea' id='block_1_4' title="bbox 28 1480 1858 5551">
    <p class='ocr_par' dir='ltr' id='par_1_6' title="bbox 92 1480 1844 1644">
     <span class='ocr_line' id='line_1_15' title="bbox 94 1480 1844 1552; baseline 0.002 -14"><span class='ocrx_word' id='word_1_191' title='bbox 94 1487 162 1539; x_wconf 90' lang='lat' dir='ltr'><strong>sunt</strong></span> <span class='ocrx_word' id='word_1_192' title='bbox 184 1482 216 1538; x_wconf 92' lang='lat' dir='ltr'><strong>in</strong></span> <span class='ocrx_word' id='word_1_193' title='bbox 230 1483 374 1550; x_wconf 83' lang='lat' dir='ltr'><strong>Selmena,</strong></span> <span class='ocrx_word' id='word_1_194' title='bbox 401 1487 465 1548; x_wconf 72' lang='lat' dir='ltr'><strong>etc,</strong></span> <span class='ocrx_word' id='word_1_195' title='bbox 494 1497 579 1552; x_wconf 82' lang='lat' dir='ltr'><strong>usque</strong></span> <span class='ocrx_word' id='word_1_196' title='bbox 596 1482 634 1537; x_wconf 87' lang='lat' dir='ltr'><strong>od</strong></span> <span class='ocrx_word' id='word_1_197' title='bbox 659 1497 765 1536; x_wconf 87' lang='lat' dir='ltr'><strong>manua</strong></span> <span class='ocrx_word' id='word_1_198' title='bbox 778 1480 937 1547; x_wconf 81' lang='lat' dir='ltr'><strong>fastidiunt,</strong></span> <span class='ocrx_word' id='word_1_199' title='bbox 993 1482 1096 1536; x_wconf 77' lang='lat' dir='ltr'><strong>suenio</strong></span> <span class='ocrx_word' id='word_1_200' title='bbox 1124 1496 1195 1548; x_wconf 87' lang='lat' dir='ltr'><strong>esse,</strong></span> <span class='ocrx_word' id='word_1_201' title='bbox 1211 1485 1289 1536; x_wconf 78' lang='lat' dir='ltr'><strong>&#39;atne</strong></span> <span class='ocrx_word' id='word_1_202' title='bbox 1303 1497 1389 1536; x_wconf 90' lang='lat' dir='ltr'><strong>earne</strong></span> <span class='ocrx_word' id='word_1_203' title='bbox 1403 1481 1542 1550; x_wconf 89' lang='lat' dir='ltr'><strong>habitere,</strong></span> <span class='ocrx_word' id='word_1_204' title='bbox 1558 1489 1657 1538; x_wconf 88' lang='lat' dir='ltr'><strong>tamen</strong></span> <span class='ocrx_word' id='word_1_205' title='bbox 1679 1499 1740 1540; x_wconf 92' lang='lat' dir='ltr'><strong>non</strong></span> <span class='ocrx_word' id='word_1_206' title='bbox 1763 1485 1844 1540; x_wconf 81' lang='lat' dir='ltr'><strong>inse·</strong></span> 
     </span>
     <span class='ocr_line' id='line_1_16' title="bbox 92 1569 1844 1644; baseline 0.002 -18"><span class='ocrx_word' id='word_1_207' title='bbox 92 1589 111 1626; x_wconf 81' lang='lat' dir='ltr'><strong>a</strong></span> <span class='ocrx_word' id='word_1_208' title='bbox 123 1571 306 1644; x_wconf 78' lang='lat' dir='ltr'><strong>serpentibus</strong></span> <span class='ocrx_word' id='word_1_209' title='bbox 315 1570 510 1626; x_wconf 84' lang='lat' dir='ltr'><strong>vulnerantur.</strong></span> <span class='ocrx_word' id='word_1_210' title='bbox 994 1569 1074 1625; x_wconf 89' lang='lat' dir='ltr'><strong>nitur</strong></span> <span class='ocrx_word' id='word_1_211' title='bbox 1083 1571 1114 1625; x_wconf 91' lang='lat' dir='ltr'><strong>in</strong></span> <span class='ocrx_word' id='word_1_212' title='bbox 1128 1570 1187 1625; x_wconf 90' lang='lat' dir='ltr'><strong>ulto</strong></span> <span class='ocrx_word' id='word_1_213' title='bbox 1202 1570 1333 1626; x_wconf 72' lang='lat' dir='ltr'><strong>saeculari</strong></span> <span class='ocrx_word' id='word_1_214' title='bbox 1342 1576 1416 1640; x_wconf 90' lang='lat' dir='ltr'><strong>actu,</strong></span> <span class='ocrx_word' id='word_1_215' title='bbox 1432 1571 1500 1644; x_wconf 86' lang='lat' dir='ltr'><strong>quis</strong></span> <span class='ocrx_word' id='word_1_216' title='bbox 1515 1573 1661 1628; x_wconf 88' lang='lat' dir='ltr'><strong>transtulit</strong></span> <span class='ocrx_word' id='word_1_217' title='bbox 1667 1572 1753 1630; x_wconf 90' lang='lat' dir='ltr'><strong>illum</strong></span> <span class='ocrx_word' id='word_1_218' title='bbox 1769 1574 1844 1630; x_wconf 85' lang='lat' dir='ltr'><strong>Deus</strong></span> 
     </span>
    </p>

    <p class='ocr_par' dir='ltr' id='par_1_7' title="bbox 129 1656 1343 1732">
     <span class='ocr_line' id='line_1_17' title="bbox 129 1656 1343 1732; baseline -0.002 -15"><span class='ocrx_word' id='word_1_219' title='bbox 129 1661 233 1732; x_wconf 81' lang='lat' dir='ltr'><strong>(Onia)</strong></span> <span class='ocrx_word' id='word_1_220' title='bbox 254 1659 400 1732; x_wconf 83' lang='lat' dir='ltr'><strong>Sequitur,</strong></span> <span class='ocrx_word' id='word_1_221' title='bbox 427 1658 597 1731; x_wconf 72' lang='lat' dir='ltr'><strong>etc.,{usque</strong></span> <span class='ocrx_word' id='word_1_222' title='bbox 624 1660 661 1715; x_wconf 87' lang='lat' dir='ltr'><strong>ud</strong></span> <span class='ocrx_word' id='word_1_223' title='bbox 687 1658 815 1715; x_wconf 86' lang='lat' dir='ltr'><strong>Christus</strong></span> <span class='ocrx_word' id='word_1_224' title='bbox 836 1663 889 1729; x_wconf 89' lang='lat' dir='ltr'><strong>est,</strong></span> <span class='ocrx_word' id='word_1_225' title='bbox 913 1665 942 1716; x_wconf 90' lang='lat' dir='ltr'><strong>et</strong></span> <span class='ocrx_word' id='word_1_226' title='bbox 994 1656 1026 1713; x_wconf 91' lang='lat' dir='ltr'><strong>iu</strong></span> <span class='ocrx_word' id='word_1_227' title='bbox 1035 1659 1184 1730; x_wconf 86' lang='lat' dir='ltr'><strong>regionem</strong></span> <span class='ocrx_word' id='word_1_228' title='bbox 1194 1659 1343 1715; x_wconf 83' lang='lat' dir='ltr'><strong>virtutum.</strong></span> 
     </span>
    </p>

    <p class='ocr_par' dir='ltr' id='par_1_8' title="bbox 94 1748 1847 1823">
     <span class='ocr_line' id='line_1_18' title="bbox 94 1748 1847 1823; baseline 0.003 -20"><span class='ocrx_word' id='word_1_229' title='bbox 94 1749 217 1823; x_wconf 85' lang='lat' dir='ltr'><strong>Spiritus</strong></span> <span class='ocrx_word' id='word_1_230' title='bbox 231 1755 354 1805; x_wconf 83' lang='lat' dir='ltr'><strong>sanctus.</strong></span> <span class='ocrx_word' id='word_1_231' title='bbox 1030 1749 1168 1821; x_wconf 76' lang='lat' dir='ltr'><strong>(tirason.)</strong></span> <span class='ocrx_word' id='word_1_232' title='bbox 1185 1748 1236 1804; x_wconf 85' lang='lat' dir='ltr'><strong>iiie</strong></span> <span class='ocrx_word' id='word_1_233' title='bbox 1264 1748 1387 1804; x_wconf 87' lang='lat' dir='ltr'><strong>moritur</strong></span> <span class='ocrx_word' id='word_1_234' title='bbox 1408 1749 1524 1821; x_wconf 81' lang='lat' dir='ltr'><strong>htoyses,</strong></span> <span class='ocrx_word' id='word_1_235' title='bbox 1546 1755 1624 1805; x_wconf 87' lang='lat' dir='ltr'><strong>terra</strong></span> <span class='ocrx_word' id='word_1_236' title='bbox 1645 1751 1847 1823; x_wconf 87' lang='lat' dir='ltr'><strong>promissionis</strong></span> 
     </span>
    </p>

    <p class='ocr_par' dir='ltr' id='par_1_9' title="bbox 95 1836 1846 2089">
     <span class='ocr_line' id='line_1_19' title="bbox 132 1836 1846 1909; baseline 0.002 -16"><span class='ocrx_word' id='word_1_237' title='bbox 132 1838 273 1909; x_wconf 78' lang='grc'><strong>(44111011.)</strong></span> <span class='ocrx_word' id='word_1_238' title='bbox 296 1838 430 1895; x_wconf 80' lang='lat' dir='ltr'><strong>Salmone</strong></span> <span class='ocrx_word' id='word_1_239' title='bbox 450 1836 645 1906; x_wconf 87' lang='lat' dir='ltr'><strong>imaguncula,</strong></span> <span class='ocrx_word' id='word_1_240' title='bbox 665 1837 733 1909; x_wconf 89' lang='lat' dir='ltr'><strong>quia</strong></span> <span class='ocrx_word' id='word_1_241' title='bbox 755 1837 796 1894; x_wconf 93' lang='lat' dir='ltr'><strong>ibi</strong></span> <span class='ocrx_word' id='word_1_242' title='bbox 810 1853 943 1909; x_wconf 86' lang='lat' dir='ltr'><strong>expressa</strong></span> <span class='ocrx_word' id='word_1_243' title='bbox 995 1844 1062 1896; x_wconf 88' lang='lat' dir='ltr'><strong>ante</strong></span> <span class='ocrx_word' id='word_1_244' title='bbox 1089 1842 1252 1909; x_wconf 85' lang='lat' dir='ltr'><strong>conspecte.</strong></span> <span class='ocrx_word' id='word_1_245' title='bbox 1282 1837 1362 1893; x_wconf 85' lang='lat' dir='ltr'><strong>Nebo</strong></span> <span class='ocrx_word' id='word_1_246' title='bbox 1393 1837 1599 1909; x_wconf 85' lang='lat' dir='ltr'><strong>interpretatur</strong></span> <span class='ocrx_word' id='word_1_247' title='bbox 1625 1841 1783 1909; x_wconf 88' lang='lat' dir='ltr'><strong>conclusio,</strong></span> <span class='ocrx_word' id='word_1_248' title='bbox 1815 1841 1846 1897; x_wconf 92' lang='lat' dir='ltr'><strong>in</strong></span> 
     </span>
     <span class='ocr_line' id='line_1_20' title="bbox 96 1925 1845 2001; baseline 0.002 -20"><span class='ocrx_word' id='word_1_249' title='bbox 96 1930 140 1982; x_wconf 87' lang='lat' dir='ltr'><strong>est</strong></span> <span class='ocrx_word' id='word_1_250' title='bbox 153 1926 249 1998; x_wconf 88' lang='lat' dir='ltr'><strong>imago</strong></span> <span class='ocrx_word' id='word_1_251' title='bbox 272 1925 428 1982; x_wconf 79' lang='lat' dir='ltr'><strong>salvatoris</strong></span> <span class='ocrx_word' id='word_1_252' title='bbox 450 1941 504 1999; x_wconf 89' lang='lat' dir='ltr'><strong>per</strong></span> <span class='ocrx_word' id='word_1_253' title='bbox 525 1931 688 1998; x_wconf 86' lang='lat' dir='ltr'><strong>serpentem</strong></span> <span class='ocrx_word' id='word_1_254' title='bbox 711 1942 825 1983; x_wconf 78' lang='lat' dir='ltr'><strong>aeneum</strong></span> <span class='ocrx_word' id='word_1_255' title='bbox 848 1927 943 2000; x_wconf 92' lang='lat' dir='ltr'><strong>quiin</strong></span> <span class='ocrx_word' id='word_1_256' title='bbox 995 1944 1054 2001; x_wconf 91' lang='lat' dir='ltr'><strong>qua</strong></span> <span class='ocrx_word' id='word_1_257' title='bbox 1067 1927 1168 1983; x_wconf 88' lang='lat' dir='ltr'><strong>fluitur</strong></span> <span class='ocrx_word' id='word_1_258' title='bbox 1183 1927 1239 1994; x_wconf 88' lang='lat' dir='ltr'><strong>lex,</strong></span> <span class='ocrx_word' id='word_1_259' title='bbox 1255 1929 1354 1982; x_wconf 85' lang='lat' dir='ltr'><strong>elnon</strong></span> <span class='ocrx_word' id='word_1_260' title='bbox 1378 1925 1524 1980; x_wconf 87' lang='lat' dir='ltr'><strong>invenitur</strong></span> <span class='ocrx_word' id='word_1_261' title='bbox 1538 1927 1601 1998; x_wconf 89' lang='lat' dir='ltr'><strong>ejus</strong></span> <span class='ocrx_word' id='word_1_262' title='bbox 1624 1929 1776 1996; x_wconf 89' lang='lat' dir='ltr'><strong>memorie,</strong></span> <span class='ocrx_word' id='word_1_263' title='bbox 1796 1930 1845 1986; x_wconf 88' lang='lat' dir='ltr'><strong>sed</strong></span> 
     </span>
     <span class='ocr_line' id='line_1_21' title="bbox 95 2009 1846 2089; baseline 0.002 -20"><span class='ocrx_word' id='word_1_264' title='bbox 95 2014 177 2086; x_wconf 91' lang='lat' dir='ltr'><strong>ligno</strong></span> <span class='ocrx_word' id='word_1_265' title='bbox 191 2015 338 2087; x_wconf 87' lang='lat' dir='ltr'><strong>pependit.</strong></span> <span class='ocrx_word' id='word_1_266' title='bbox 392 2009 396 2015; x_wconf 82' lang='grc'><strong>’</strong></span> <span class='ocrx_word' id='word_1_267' title='bbox 995 2016 1088 2089; x_wconf 85' lang='lat' dir='ltr'><strong>gratie</strong></span> <span class='ocrx_word' id='word_1_268' title='bbox 1107 2014 1254 2087; x_wconf 80' lang='lat' dir='ltr'><strong>Evangelii</strong></span> <span class='ocrx_word' id='word_1_269' title='bbox 1276 2013 1339 2069; x_wconf 88' lang='lat' dir='ltr'><strong>aine</strong></span> <span class='ocrx_word' id='word_1_270' title='bbox 1360 2014 1417 2069; x_wconf 89' lang='lat' dir='ltr'><strong>line</strong></span> <span class='ocrx_word' id='word_1_271' title='bbox 1442 2015 1614 2086; x_wconf 81' lang='lat' dir='ltr'><strong>perseueret.</strong></span> <span class='ocrx_word' id='word_1_272' title='bbox 1627 2016 1662 2072; x_wconf 87' lang='lat' dir='ltr'><strong>Et</strong></span> <span class='ocrx_word' id='word_1_273' title='bbox 1684 2018 1846 2073; x_wconf 71' lang='lat' dir='ltr'><strong>uoundum</strong></span> 
     </span>
    </p>

    <p class='ocr_par' dir='ltr' id='par_1_10' title="bbox 96 2102 1848 2444">
     <span class='ocr_line' id='line_1_22' title="bbox 136 2102 1848 2179; baseline 0.004 -21"><span class='ocrx_word' id='word_1_274' title='bbox 136 2104 218 2160; x_wconf 79' lang='lat' dir='ltr'><strong>Vnus.</strong></span> <span class='ocrx_word' id='word_1_275' title='bbox 245 2105 290 2159; x_wconf 76' lang='lat' dir='ltr'><strong>ti.</strong></span> <span class='ocrx_word' id='word_1_276' title='bbox 318 2134 353 2146; x_wconf 94' lang='lat'><em>-</em></span> <span class='ocrx_word' id='word_1_277' title='bbox 376 2105 499 2161; x_wconf 85' lang='lat' dir='ltr'><strong>Pbunou.</strong></span> <span class='ocrx_word' id='word_1_278' title='bbox 530 2103 578 2168; x_wconf 86' lang='lat' dir='ltr'><strong>Os,</strong></span> <span class='ocrx_word' id='word_1_279' title='bbox 597 2102 666 2175; x_wconf 86' lang='lat' dir='ltr'><strong>quie</strong></span> <span class='ocrx_word' id='word_1_280' title='bbox 692 2119 759 2159; x_wconf 89' lang='lat' dir='ltr'><strong>cnm</strong></span> <span class='ocrx_word' id='word_1_281' title='bbox 782 2104 942 2176; x_wconf 83' lang='lat' dir='ltr'><strong>passionem</strong></span> <span class='ocrx_word' id='word_1_282' title='bbox 995 2105 1075 2179; x_wconf 92' lang='lat' dir='ltr'><strong>quod</strong></span> <span class='ocrx_word' id='word_1_283' title='bbox 1098 2104 1210 2159; x_wconf 91' lang='lat' dir='ltr'><strong>mensio</strong></span> <span class='ocrx_word' id='word_1_284' title='bbox 1235 2105 1449 2160; x_wconf 82' lang='lat' dir='ltr'><strong>transeuntium</strong></span> <span class='ocrx_word' id='word_1_285' title='bbox 1466 2104 1497 2159; x_wconf 92' lang='lat' dir='ltr'><strong>in</strong></span> <span class='ocrx_word' id='word_1_286' title='bbox 1520 2106 1733 2163; x_wconf 82' lang='lat' dir='ltr'><strong>montibusaits</strong></span> <span class='ocrx_word' id='word_1_287' title='bbox 1750 2113 1803 2171; x_wconf 88' lang='lat' dir='ltr'><strong>est,</strong></span> <span class='ocrx_word' id='word_1_288' title='bbox 1818 2114 1848 2164; x_wconf 90' lang='lat' dir='ltr'><strong>et</strong></span> 
     </span>
     <span class='ocr_line' id='line_1_23' title="bbox 99 2192 1847 2266; baseline 0.003 -18"><span class='ocrx_word' id='word_1_289' title='bbox 99 2192 163 2248; x_wconf 83' lang='lat' dir='ltr'><strong>Filii</strong></span> <span class='ocrx_word' id='word_1_290' title='bbox 179 2193 229 2249; x_wconf 88' lang='lat' dir='ltr'><strong>llei</strong></span> <span class='ocrx_word' id='word_1_291' title='bbox 244 2193 454 2264; x_wconf 75' lang='lat' dir='ltr'><strong>cognoscimus,</strong></span> <span class='ocrx_word' id='word_1_292' title='bbox 470 2192 802 2265; x_wconf 84' lang='lat' dir='ltr'><strong>quodcordecrediuius,</strong></span> <span class='ocrx_word' id='word_1_293' title='bbox 815 2209 864 2249; x_wconf 90' lang='lat' dir='ltr'><strong>ore</strong></span> <span class='ocrx_word' id='word_1_294' title='bbox 878 2209 944 2266; x_wconf 91' lang='lat' dir='ltr'><strong>pro·</strong></span> <span class='ocrx_word' id='word_1_295' title='bbox 994 2194 1088 2251; x_wconf 86' lang='lat' dir='ltr'><strong>adhuc</strong></span> <span class='ocrx_word' id='word_1_296' title='bbox 1101 2192 1231 2266; x_wconf 83' lang='lat' dir='ltr'><strong>proiectu</strong></span> <span class='ocrx_word' id='word_1_297' title='bbox 1242 2192 1353 2264; x_wconf 80' lang='lat' dir='ltr'><strong>indiget</strong></span> <span class='ocrx_word' id='word_1_298' title='bbox 1369 2209 1376 2248; x_wconf 74' lang='grc' dir='ltr'><strong>ε</strong></span> <span class='ocrx_word' id='word_1_299' title='bbox 1396 2198 1460 2266; x_wconf 89' lang='lat' dir='ltr'><strong>post</strong></span> <span class='ocrx_word' id='word_1_300' title='bbox 1481 2199 1617 2250; x_wconf 85' lang='lat' dir='ltr'><strong>montana</strong></span> <span class='ocrx_word' id='word_1_301' title='bbox 1641 2195 1720 2250; x_wconf 87' lang='lat' dir='ltr'><strong>enim</strong></span> <span class='ocrx_word' id='word_1_302' title='bbox 1735 2201 1795 2251; x_wconf 89' lang='lat' dir='ltr'><strong>tam</strong></span> <span class='ocrx_word' id='word_1_303' title='bbox 1810 2198 1847 2254; x_wconf 90' lang='lat' dir='ltr'><strong>ad</strong></span> 
     </span>
     <span class='ocr_line' id='line_1_24' title="bbox 96 2281 1844 2354; baseline 0.001 -18"><span class='ocrx_word' id='word_1_304' title='bbox 96 2282 271 2346; x_wconf 88' lang='lat' dir='ltr'><strong>nuntiamus,</strong></span> <span class='ocrx_word' id='word_1_305' title='bbox 288 2282 446 2338; x_wconf 90' lang='lat' dir='ltr'><strong>secundum</strong></span> <span class='ocrx_word' id='word_1_306' title='bbox 460 2281 551 2339; x_wconf 87' lang='lat' dir='ltr'><strong>iliud:</strong></span> <span class='ocrx_word' id='word_1_307' title='bbox 566 2281 649 2340; x_wconf 77' lang='lat' dir='ltr'><strong>Corde</strong></span> <span class='ocrx_word' id='word_1_308' title='bbox 662 2281 782 2338; x_wconf 86' lang='lat' dir='ltr'><strong>creditur</strong></span> <span class='ocrx_word' id='word_1_309' title='bbox 796 2282 834 2338; x_wconf 88' lang='lat' dir='ltr'><strong>ud</strong></span> <span class='ocrx_word' id='word_1_310' title='bbox 856 2284 941 2354; x_wconf 72' lang='lat' dir='ltr'><strong>justi·</strong></span> <span class='ocrx_word' id='word_1_311' title='bbox 995 2281 1171 2354; x_wconf 86' lang='lat' dir='ltr'><strong>campestria</strong></span> <span class='ocrx_word' id='word_1_312' title='bbox 1192 2281 1274 2336; x_wconf 85' lang='lat' dir='ltr'><strong>ltoab</strong></span> <span class='ocrx_word' id='word_1_313' title='bbox 1300 2287 1330 2336; x_wconf 91' lang='lat' dir='ltr'><strong>et</strong></span> <span class='ocrx_word' id='word_1_314' title='bbox 1351 2281 1482 2338; x_wconf 86' lang='lat' dir='ltr'><strong>iordanis</strong></span> <span class='ocrx_word' id='word_1_315' title='bbox 1507 2281 1615 2338; x_wconf 84' lang='lat' dir='ltr'><strong>fluenta</strong></span> <span class='ocrx_word' id='word_1_316' title='bbox 1635 2282 1844 2349; x_wconf 86' lang='lat' dir='ltr'><strong>descendimus,</strong></span> 
     </span>
     <span class='ocr_line' id='line_1_25' title="bbox 96 2369 1846 2444; baseline 0.001 -18"><span class='ocrx_word' id='word_1_317' title='bbox 96 2373 174 2437; x_wconf 84' lang='lat' dir='ltr'><strong>tion,</strong></span> <span class='ocrx_word' id='word_1_318' title='bbox 190 2376 245 2426; x_wconf 91' lang='lat' dir='ltr'><strong>etc.</strong></span> <span class='ocrx_word' id='word_1_319' title='bbox 262 2370 348 2440; x_wconf 79' lang='lat' dir='ltr'><strong>(dom.</strong></span> <span class='ocrx_word' id='word_1_320' title='bbox 368 2371 409 2441; x_wconf 82' lang='lat' dir='ltr'><strong>x.)</strong></span> <span class='ocrx_word' id='word_1_321' title='bbox 996 2371 1047 2444; x_wconf 91' lang='lat' dir='ltr'><strong>qui</strong></span> <span class='ocrx_word' id='word_1_322' title='bbox 1070 2372 1275 2442; x_wconf 88' lang='lat' dir='ltr'><strong>interpretetur</strong></span> <span class='ocrx_word' id='word_1_323' title='bbox 1301 2369 1458 2425; x_wconf 86' lang='lat' dir='ltr'><strong>descensio.</strong></span> <span class='ocrx_word' id='word_1_324' title='bbox 1484 2370 1560 2427; x_wconf 87' lang='lat' dir='ltr'><strong>Nihil</strong></span> <span class='ocrx_word' id='word_1_325' title='bbox 1585 2372 1663 2427; x_wconf 90' lang='lat' dir='ltr'><strong>enim</strong></span> <span class='ocrx_word' id='word_1_326' title='bbox 1686 2377 1746 2427; x_wconf 86' lang='lat' dir='ltr'><strong>tem</strong></span> <span class='ocrx_word' id='word_1_327' title='bbox 1768 2373 1846 2444; x_wconf 91' lang='lat' dir='ltr'><strong>peri·</strong></span> 
     </span>
    </p>

    <p class='ocr_par' dir='ltr' id='par_1_11' title="bbox 96 2457 1850 2975">
     <span class='ocr_line' id='line_1_26' title="bbox 134 2457 1847 2532; baseline 0.001 -16"><span class='ocrx_word' id='word_1_328' title='bbox 134 2458 235 2530; x_wconf 82' lang='lat' dir='ltr'><strong>(Ome.)</strong></span> <span class='ocrx_word' id='word_1_329' title='bbox 258 2460 330 2514; x_wconf 84' lang='lat' dir='ltr'><strong>ilinc</strong></span> <span class='ocrx_word' id='word_1_330' title='bbox 358 2457 471 2514; x_wconf 78' lang='lat' dir='ltr'><strong>venitur</strong></span> <span class='ocrx_word' id='word_1_331' title='bbox 496 2459 532 2515; x_wconf 89' lang='lat' dir='ltr'><strong>ad</strong></span> <span class='ocrx_word' id='word_1_332' title='bbox 560 2457 691 2524; x_wconf 86' lang='lat' dir='ltr'><strong>Phunon,</strong></span> <span class='ocrx_word' id='word_1_333' title='bbox 716 2459 793 2532; x_wconf 92' lang='lat' dir='ltr'><strong>quod</strong></span> <span class='ocrx_word' id='word_1_334' title='bbox 808 2466 944 2532; x_wconf 88' lang='lat' dir='ltr'><strong>putamus</strong></span> <span class='ocrx_word' id='word_1_335' title='bbox 996 2461 1127 2516; x_wconf 87' lang='lat' dir='ltr'><strong>culusum</strong></span> <span class='ocrx_word' id='word_1_336' title='bbox 1154 2473 1243 2531; x_wconf 86' lang='lat' dir='ltr'><strong>quam</strong></span> <span class='ocrx_word' id='word_1_337' title='bbox 1278 2459 1376 2530; x_wconf 83' lang='lat' dir='ltr'><strong>gloriae</strong></span> <span class='ocrx_word' id='word_1_338' title='bbox 1413 2458 1554 2532; x_wconf 88' lang='lat' dir='ltr'><strong>cupiditas</strong></span> <span class='ocrx_word' id='word_1_339' title='bbox 1581 2464 1610 2515; x_wconf 89' lang='lat' dir='ltr'><strong>et</strong></span> <span class='ocrx_word' id='word_1_340' title='bbox 1641 2461 1791 2532; x_wconf 84' lang='lat' dir='ltr'><strong>jactantia,</strong></span> <span class='ocrx_word' id='word_1_341' title='bbox 1817 2468 1847 2517; x_wconf 93' lang='lat' dir='ltr'><strong>et</strong></span> 
     </span>
     <span class='ocr_line' id='line_1_27' title="bbox 96 2545 1603 2619; baseline 0.001 -17"><span class='ocrx_word' id='word_1_342' title='bbox 96 2563 158 2603; x_wconf 87' lang='lat' dir='ltr'><strong>esse</strong></span> <span class='ocrx_word' id='word_1_343' title='bbox 184 2547 243 2602; x_wconf 88' lang='lat' dir='ltr'><strong>oris</strong></span> <span class='ocrx_word' id='word_1_344' title='bbox 260 2546 482 2619; x_wconf 70' lang='lat' dir='ltr'><strong>parcimoniam</strong></span> <span class='ocrx_word' id='word_1_345' title='bbox 508 2546 558 2618; x_wconf 90' lang='lat' dir='ltr'><strong>qui</strong></span> <span class='ocrx_word' id='word_1_346' title='bbox 588 2545 666 2600; x_wconf 90' lang='lat' dir='ltr'><strong>enim</strong></span> <span class='ocrx_word' id='word_1_347' title='bbox 692 2547 817 2617; x_wconf 92' lang='lat' dir='ltr'><strong>potuerit</strong></span> <span class='ocrx_word' id='word_1_348' title='bbox 842 2556 944 2619; x_wconf 80' lang='lat' dir='ltr'><strong>myste-</strong></span> <span class='ocrx_word' id='word_1_349' title='bbox 996 2547 1111 2603; x_wconf 89' lang='lat' dir='ltr'><strong>animus</strong></span> <span class='ocrx_word' id='word_1_350' title='bbox 1129 2547 1302 2602; x_wconf 90' lang='lat' dir='ltr'><strong>conscientia</strong></span> <span class='ocrx_word' id='word_1_351' title='bbox 1315 2547 1452 2602; x_wconf 81' lang='lat' dir='ltr'><strong>virtutum</strong></span> <span class='ocrx_word' id='word_1_352' title='bbox 1466 2547 1603 2604; x_wconf 90' lang='lat' dir='ltr'><strong>tumidus.</strong></span> 
     </span>
     <span class='ocr_line' id='line_1_28' title="bbox 96 2633 1846 2709; baseline 0.001 -19"><span class='ocrx_word' id='word_1_353' title='bbox 96 2636 174 2691; x_wconf 91' lang='lat' dir='ltr'><strong>rium</strong></span> <span class='ocrx_word' id='word_1_354' title='bbox 189 2635 303 2702; x_wconf 86' lang='lat' dir='ltr'><strong>Christi,</strong></span> <span class='ocrx_word' id='word_1_355' title='bbox 319 2640 348 2691; x_wconf 89' lang='lat' dir='ltr'><strong>et</strong></span> <span class='ocrx_word' id='word_1_356' title='bbox 360 2634 483 2706; x_wconf 86' lang='lat' dir='ltr'><strong>Spiritus</strong></span> <span class='ocrx_word' id='word_1_357' title='bbox 500 2633 595 2705; x_wconf 63' lang='lat' dir='ltr'><strong>innui</strong></span> <span class='ocrx_word' id='word_1_358' title='bbox 609 2633 726 2702; x_wconf 89' lang='lat' dir='ltr'><strong>intueri,</strong></span> <span class='ocrx_word' id='word_1_359' title='bbox 741 2638 771 2689; x_wconf 90' lang='lat' dir='ltr'><strong>et</strong></span> <span class='ocrx_word' id='word_1_360' title='bbox 785 2634 887 2691; x_wconf 82' lang='lat' dir='ltr'><strong>viderit</strong></span> <span class='ocrx_word' id='word_1_361' title='bbox 899 2637 943 2692; x_wconf 85' lang='lat' dir='ltr'><strong>vel</strong></span> <span class='ocrx_word' id='word_1_362' title='bbox 1032 2637 1222 2692; x_wconf 59' lang='grc'><strong>4111448.-</strong></span> <span class='ocrx_word' id='word_1_363' title='bbox 1238 2635 1462 2706; x_wconf 80' lang='lat' dir='ltr'><strong>Adsumpsstrio</strong></span> <span class='ocrx_word' id='word_1_364' title='bbox 1483 2637 1572 2693; x_wconf 79' lang='lat' dir='ltr'><strong>hloob.</strong></span> <span class='ocrx_word' id='word_1_365' title='bbox 1589 2636 1653 2708; x_wconf 85' lang='lat' dir='ltr'><strong>(ln.)</strong></span> <span class='ocrx_word' id='word_1_366' title='bbox 1673 2638 1705 2692; x_wconf 86' lang='lat' dir='ltr'><strong>Iu</strong></span> <span class='ocrx_word' id='word_1_367' title='bbox 1724 2637 1846 2709; x_wconf 82' lang='lat' dir='ltr'><strong>quadra·</strong></span> 
     </span>
     <span class='ocr_line' id='line_1_29' title="bbox 97 2722 1847 2798; baseline 0.001 -18"><span class='ocrx_word' id='word_1_368' title='bbox 97 2725 223 2780; x_wconf 88' lang='lat' dir='ltr'><strong>audierit</strong></span> <span class='ocrx_word' id='word_1_369' title='bbox 244 2741 308 2797; x_wconf 71' lang='lat' dir='ltr'><strong>quea</strong></span> <span class='ocrx_word' id='word_1_370' title='bbox 332 2740 391 2778; x_wconf 93' lang='lat' dir='ltr'><strong>non</strong></span> <span class='ocrx_word' id='word_1_371' title='bbox 410 2723 476 2779; x_wconf 88' lang='lat' dir='ltr'><strong>licet</strong></span> <span class='ocrx_word' id='word_1_372' title='bbox 490 2722 601 2779; x_wconf 89' lang='lat' dir='ltr'><strong>homini</strong></span> <span class='ocrx_word' id='word_1_373' title='bbox 616 2722 704 2794; x_wconf 89' lang='lat' dir='ltr'><strong>loqui,</strong></span> <span class='ocrx_word' id='word_1_374' title='bbox 721 2725 881 2780; x_wconf 88' lang='lat' dir='ltr'><strong>necessario</strong></span> <span class='ocrx_word' id='word_1_375' title='bbox 895 2725 945 2781; x_wconf 88' lang='lat' dir='ltr'><strong>he·</strong></span> <span class='ocrx_word' id='word_1_376' title='bbox 996 2725 1107 2797; x_wconf 87' lang='lat' dir='ltr'><strong>gesima</strong></span> <span class='ocrx_word' id='word_1_377' title='bbox 1122 2724 1247 2779; x_wconf 88' lang='lat' dir='ltr'><strong>secunda</strong></span> <span class='ocrx_word' id='word_1_378' title='bbox 1270 2724 1430 2791; x_wconf 86' lang='lat' dir='ltr'><strong>mansione,</strong></span> <span class='ocrx_word' id='word_1_379' title='bbox 1451 2731 1517 2792; x_wconf 77' lang='lat' dir='ltr'><strong>ete,</strong></span> <span class='ocrx_word' id='word_1_380' title='bbox 1539 2741 1625 2796; x_wconf 81' lang='lat' dir='ltr'><strong>usque</strong></span> <span class='ocrx_word' id='word_1_381' title='bbox 1645 2727 1684 2782; x_wconf 84' lang='lat' dir='ltr'><strong>od</strong></span> <span class='ocrx_word' id='word_1_382' title='bbox 1707 2731 1736 2781; x_wconf 91' lang='lat' dir='ltr'><strong>et</strong></span> <span class='ocrx_word' id='word_1_383' title='bbox 1751 2727 1847 2798; x_wconf 85' lang='lat' dir='ltr'><strong>spinas</strong></span> 
     </span>
     <span class='ocr_line' id='line_1_30' title="bbox 96 2810 1848 2886; baseline 0.001 -17"><span class='ocrx_word' id='word_1_384' title='bbox 96 2811 177 2869; x_wconf 89' lang='lat' dir='ltr'><strong>bebit</strong></span> <span class='ocrx_word' id='word_1_385' title='bbox 194 2813 251 2867; x_wconf 89' lang='lat' dir='ltr'><strong>oris</strong></span> <span class='ocrx_word' id='word_1_386' title='bbox 278 2811 496 2884; x_wconf 86' lang='lat' dir='ltr'><strong>parcimoniam,</strong></span> <span class='ocrx_word' id='word_1_387' title='bbox 522 2811 612 2867; x_wconf 88' lang='lat' dir='ltr'><strong>sciens</strong></span> <span class='ocrx_word' id='word_1_388' title='bbox 635 2810 751 2883; x_wconf 90' lang='lat' dir='ltr'><strong>quibus,</strong></span> <span class='ocrx_word' id='word_1_389' title='bbox 770 2811 886 2883; x_wconf 88' lang='lat' dir='ltr'><strong>quaudo</strong></span> <span class='ocrx_word' id='word_1_390' title='bbox 900 2810 944 2867; x_wconf 88' lang='lat' dir='ltr'><strong>vel</strong></span> <span class='ocrx_word' id='word_1_391' title='bbox 998 2830 1063 2886; x_wconf 81' lang='lat' dir='ltr'><strong>qum</strong></span> <span class='ocrx_word' id='word_1_392' title='bbox 1085 2812 1295 2869; x_wconf 83' lang='lat' dir='ltr'><strong>suffocaverunt</strong></span> <span class='ocrx_word' id='word_1_393' title='bbox 1317 2817 1477 2869; x_wconf 84' lang='lat' dir='ltr'><strong>sementem</strong></span> <span class='ocrx_word' id='word_1_394' title='bbox 1500 2814 1579 2870; x_wconf 86' lang='lat' dir='ltr'><strong>verbi</strong></span> <span class='ocrx_word' id='word_1_395' title='bbox 1606 2813 1656 2870; x_wconf 85' lang='lat' dir='ltr'><strong>liei</strong></span> <span class='ocrx_word' id='word_1_396' title='bbox 1680 2814 1717 2871; x_wconf 91' lang='lat' dir='ltr'><strong>de</strong></span> <span class='ocrx_word' id='word_1_397' title='bbox 1741 2815 1848 2886; x_wconf 84' lang='lat' dir='ltr'><strong>quibus</strong></span> 
     </span>
     <span class='ocr_line' id='line_1_31' title="bbox 98 2899 1850 2975; baseline 0.002 -19"><span class='ocrx_word' id='word_1_398' title='bbox 98 2901 243 2974; x_wconf 89' lang='lat' dir='ltr'><strong>quomodo</strong></span> <span class='ocrx_word' id='word_1_399' title='bbox 253 2901 288 2957; x_wconf 87' lang='lat' dir='ltr'><strong>de</strong></span> <span class='ocrx_word' id='word_1_400' title='bbox 301 2900 443 2974; x_wconf 86' lang='lat' dir='ltr'><strong>mysteriis</strong></span> <span class='ocrx_word' id='word_1_401' title='bbox 456 2899 560 2955; x_wconf 85' lang='lat' dir='ltr'><strong>divinis</strong></span> <span class='ocrx_word' id='word_1_402' title='bbox 571 2904 702 2972; x_wconf 87' lang='lat' dir='ltr'><strong>oporteat</strong></span> <span class='ocrx_word' id='word_1_403' title='bbox 715 2899 805 2972; x_wconf 92' lang='lat' dir='ltr'><strong>loqui.</strong></span> <span class='ocrx_word' id='word_1_404' title='bbox 966 2903 986 2960; x_wconf 82' lang='lat' dir='ltr'><strong>d</strong></span> <span class='ocrx_word' id='word_1_405' title='bbox 1002 2902 1125 2959; x_wconf 82' lang='lat' dir='ltr'><strong>dicitur:</strong></span> <span class='ocrx_word' id='word_1_406' title='bbox 1144 2903 1344 2958; x_wconf 67' lang='lat' dir='ltr'><strong>terebrarum</strong></span> <span class='ocrx_word' id='word_1_407' title='bbox 1358 2904 1388 2957; x_wconf 88' lang='lat' dir='ltr'><strong>in</strong></span> <span class='ocrx_word' id='word_1_408' title='bbox 1402 2905 1525 2971; x_wconf 84' lang='lat' dir='ltr'><strong>miseris,</strong></span> <span class='ocrx_word' id='word_1_409' title='bbox 1540 2903 1604 2959; x_wconf 73' lang='grc'><strong>1411111</strong></span> <span class='ocrx_word' id='word_1_410' title='bbox 1617 2904 1688 2959; x_wconf 85' lang='lat' dir='ltr'><strong>mibi</strong></span> <span class='ocrx_word' id='word_1_411' title='bbox 1701 2903 1850 2975; x_wconf 67' lang='lat' dir='ltr'><strong>confluitur</strong></span> 
     </span>
    </p>

    <p class='ocr_par' dir='ltr' id='par_1_12' title="bbox 28 2987 1850 3591">
     <span class='ocr_line' id='line_1_32' title="bbox 134 2987 1287 3062; baseline 0.002 -18"><span class='ocrx_word' id='word_1_412' title='bbox 134 2991 213 3045; x_wconf 85' lang='lat' dir='ltr'><strong>Vane.</strong></span> <span class='ocrx_word' id='word_1_413' title='bbox 239 2991 284 3046; x_wconf 79' lang='grc'><strong>43.</strong></span> <span class='ocrx_word' id='word_1_414' title='bbox 301 3018 335 3031; x_wconf 93' lang='grc'>-</span> <span class='ocrx_word' id='word_1_415' title='bbox 359 2991 454 3048; x_wconf 75' lang='lat' dir='ltr'><strong>etuti.</strong></span> <span class='ocrx_word' id='word_1_416' title='bbox 475 2989 615 3061; x_wconf 73' lang='lat' dir='ltr'><strong>(tilmon.)</strong></span> <span class='ocrx_word' id='word_1_417' title='bbox 638 2987 713 3061; x_wconf 83' lang='lat' dir='ltr'><strong>biugi</strong></span> <span class='ocrx_word' id='word_1_418' title='bbox 730 2988 774 3044; x_wconf 85' lang='lat' dir='ltr'><strong>rel</strong></span> <span class='ocrx_word' id='word_1_419' title='bbox 794 2988 945 3061; x_wconf 83' lang='lat' dir='ltr'><strong>pythones,</strong></span> <span class='ocrx_word' id='word_1_420' title='bbox 1000 2993 1080 3062; x_wconf 82' lang='lat' dir='ltr'><strong>spino</strong></span> <span class='ocrx_word' id='word_1_421' title='bbox 1099 2991 1181 3060; x_wconf 76' lang='lat' dir='ltr'><strong>(Paul.</strong></span> <span class='ocrx_word' id='word_1_422' title='bbox 1201 2990 1287 3062; x_wconf 84' lang='grc'><strong>1111).</strong></span> 
     </span>
     <span class='ocr_line' id='line_1_33' title="bbox 99 3077 1849 3152; baseline 0.001 -18"><span class='ocrx_word' id='word_1_423' title='bbox 99 3079 169 3152; x_wconf 87' lang='lat' dir='ltr'><strong>quia</strong></span> <span class='ocrx_word' id='word_1_424' title='bbox 194 3083 259 3151; x_wconf 87' lang='lat' dir='ltr'><strong>post</strong></span> <span class='ocrx_word' id='word_1_425' title='bbox 291 3078 449 3152; x_wconf 78' lang='lat' dir='ltr'><strong>imaginem</strong></span> <span class='ocrx_word' id='word_1_426' title='bbox 481 3078 533 3134; x_wconf 81' lang='lat' dir='ltr'><strong>[lei</strong></span> <span class='ocrx_word' id='word_1_427' title='bbox 567 3094 632 3150; x_wconf 81' lang='lat' dir='ltr'><strong>quse</strong></span> <span class='ocrx_word' id='word_1_428' title='bbox 665 3077 695 3132; x_wconf 93' lang='lat' dir='ltr'><strong>iu</strong></span> <span class='ocrx_word' id='word_1_429' title='bbox 720 3077 806 3134; x_wconf 89' lang='lat' dir='ltr'><strong>corde</strong></span> <span class='ocrx_word' id='word_1_430' title='bbox 836 3077 946 3134; x_wconf 89' lang='lat' dir='ltr'><strong>ratione</strong></span> <span class='ocrx_word' id='word_1_431' title='bbox 1038 3079 1140 3150; x_wconf 81' lang='lat' dir='ltr'><strong>(Oura.)</strong></span> <span class='ocrx_word' id='word_1_432' title='bbox 1164 3079 1269 3136; x_wconf 88' lang='lat' dir='ltr'><strong>Ultima</strong></span> <span class='ocrx_word' id='word_1_433' title='bbox 1292 3079 1403 3134; x_wconf 88' lang='lat' dir='ltr'><strong>mansio</strong></span> <span class='ocrx_word' id='word_1_434' title='bbox 1428 3085 1481 3144; x_wconf 90' lang='lat' dir='ltr'><strong>est,</strong></span> <span class='ocrx_word' id='word_1_435' title='bbox 1501 3085 1568 3148; x_wconf 84' lang='lat' dir='ltr'><strong>etc,</strong></span> <span class='ocrx_word' id='word_1_436' title='bbox 1591 3095 1677 3150; x_wconf 82' lang='lat' dir='ltr'><strong>usque</strong></span> <span class='ocrx_word' id='word_1_437' title='bbox 1700 3080 1738 3135; x_wconf 83' lang='lat' dir='ltr'><strong>sd</strong></span> <span class='ocrx_word' id='word_1_438' title='bbox 1752 3080 1849 3152; x_wconf 82' lang='lat' dir='ltr'><strong>profe·</strong></span> 
     </span>
     <span class='ocr_line' id='line_1_34' title="bbox 99 3165 1740 3239; baseline -0.001 -16"><span class='ocrx_word' id='word_1_439' title='bbox 99 3172 287 3235; x_wconf 89' lang='lat' dir='ltr'><strong>monstratur,</strong></span> <span class='ocrx_word' id='word_1_440' title='bbox 304 3173 333 3224; x_wconf 88' lang='lat' dir='ltr'><strong>et</strong></span> <span class='ocrx_word' id='word_1_441' title='bbox 350 3167 560 3223; x_wconf 86' lang='lat' dir='ltr'><strong>confessionem</strong></span> <span class='ocrx_word' id='word_1_442' title='bbox 570 3166 638 3222; x_wconf 83' lang='lat' dir='ltr'><strong>fidei</strong></span> <span class='ocrx_word' id='word_1_443' title='bbox 647 3181 713 3239; x_wconf 84' lang='lat' dir='ltr'><strong>quae</strong></span> <span class='ocrx_word' id='word_1_444' title='bbox 728 3182 778 3222; x_wconf 93' lang='lat' dir='ltr'><strong>ore</strong></span> <span class='ocrx_word' id='word_1_445' title='bbox 792 3167 945 3239; x_wconf 86' lang='lat' dir='ltr'><strong>profertur,</strong></span> <span class='ocrx_word' id='word_1_446' title='bbox 1000 3171 1077 3221; x_wconf 89' lang='lat' dir='ltr'><strong>ctum</strong></span> <span class='ocrx_word' id='word_1_447' title='bbox 1092 3165 1198 3221; x_wconf 89' lang='lat' dir='ltr'><strong>mentis</strong></span> <span class='ocrx_word' id='word_1_448' title='bbox 1214 3166 1342 3222; x_wconf 88' lang='lat' dir='ltr'><strong>indicant</strong></span> <span class='ocrx_word' id='word_1_449' title='bbox 1355 3171 1384 3223; x_wconf 89' lang='lat' dir='ltr'><strong>et</strong></span> <span class='ocrx_word' id='word_1_450' title='bbox 1403 3168 1580 3224; x_wconf 87' lang='lat' dir='ltr'><strong>incrementa</strong></span> <span class='ocrx_word' id='word_1_451' title='bbox 1592 3169 1740 3224; x_wconf 79' lang='lat' dir='ltr'><strong>uirtutum.</strong></span> 
     </span>
     <span class='ocr_line' id='line_1_35' title="bbox 99 3254 1850 3327; baseline 0.001 -16"><span class='ocrx_word' id='word_1_452' title='bbox 99 3261 279 3327; x_wconf 89' lang='lat' dir='ltr'><strong>consurgunt</strong></span> <span class='ocrx_word' id='word_1_453' title='bbox 293 3261 449 3326; x_wconf 86' lang='lat' dir='ltr'><strong>serpentes,</strong></span> <span class='ocrx_word' id='word_1_454' title='bbox 469 3255 649 3311; x_wconf 79' lang='lat' dir='ltr'><strong>etmsleiieae</strong></span> <span class='ocrx_word' id='word_1_455' title='bbox 664 3259 739 3310; x_wconf 87' lang='lat' dir='ltr'><strong>artes</strong></span> <span class='ocrx_word' id='word_1_456' title='bbox 754 3255 789 3311; x_wconf 87' lang='lat' dir='ltr'><strong>ed</strong></span> <span class='ocrx_word' id='word_1_457' title='bbox 803 3255 879 3310; x_wconf 85' lang='lat' dir='ltr'><strong>bella</strong></span> <span class='ocrx_word' id='word_1_458' title='bbox 894 3272 946 3311; x_wconf 92' lang='lat' dir='ltr'><strong>nos</strong></span> <span class='ocrx_word' id='word_1_459' title='bbox 1037 3254 1117 3309; x_wconf 88' lang='lat' dir='ltr'><strong>Vane.</strong></span> <span class='ocrx_word' id='word_1_460' title='bbox 1147 3258 1191 3310; x_wconf 79' lang='lat' dir='ltr'><strong>st.</strong></span> <span class='ocrx_word' id='word_1_461' title='bbox 1220 3285 1256 3297; x_wconf 94' lang='lat'><em>-</em></span> <span class='ocrx_word' id='word_1_462' title='bbox 1282 3257 1457 3312; x_wconf 69' lang='lat' dir='ltr'><strong>irumieritr&#39;s</strong></span> <span class='ocrx_word' id='word_1_463' title='bbox 1483 3257 1639 3323; x_wconf 70' lang='lat' dir='ltr'><strong>Iordanem,</strong></span> <span class='ocrx_word' id='word_1_464' title='bbox 1666 3257 1695 3311; x_wconf 86' lang='lat' dir='ltr'><strong>id</strong></span> <span class='ocrx_word' id='word_1_465' title='bbox 1721 3260 1766 3311; x_wconf 90' lang='lat' dir='ltr'><strong>est</strong></span> <span class='ocrx_word' id='word_1_466' title='bbox 1784 3272 1850 3312; x_wconf 91' lang='lat' dir='ltr'><strong>cum</strong></span> 
     </span>
     <span class='ocr_line' id='line_1_36' title="bbox 100 3343 1850 3417; baseline 0.001 -18"><span class='ocrx_word' id='word_1_467' title='bbox 100 3348 268 3417; x_wconf 84' lang='lat' dir='ltr'><strong>provocent.</strong></span> <span class='ocrx_word' id='word_1_468' title='bbox 287 3344 341 3400; x_wconf 91' lang='lat' dir='ltr'><strong>Sed</strong></span> <span class='ocrx_word' id='word_1_469' title='bbox 356 3344 436 3399; x_wconf 91' lang='lat' dir='ltr'><strong>omni</strong></span> <span class='ocrx_word' id='word_1_470' title='bbox 448 3343 578 3399; x_wconf 89' lang='lat' dir='ltr'><strong>custodia</strong></span> <span class='ocrx_word' id='word_1_471' title='bbox 591 3348 735 3398; x_wconf 84' lang='lat' dir='ltr'><strong>servantes</strong></span> <span class='ocrx_word' id='word_1_472' title='bbox 747 3349 945 3412; x_wconf 87' lang='lat' dir='ltr'><strong>cornostrum,</strong></span> <span class='ocrx_word' id='word_1_473' title='bbox 1002 3343 1136 3414; x_wconf 86' lang='lat' dir='ltr'><strong>baptizati</strong></span> <span class='ocrx_word' id='word_1_474' title='bbox 1153 3343 1274 3407; x_wconf 83' lang='lat' dir='ltr'><strong>fueritis,</strong></span> <span class='ocrx_word' id='word_1_475' title='bbox 1290 3344 1382 3416; x_wconf 88' lang='lat' dir='ltr'><strong>quasi,</strong></span> <span class='ocrx_word' id='word_1_476' title='bbox 1397 3360 1464 3400; x_wconf 88' lang='lat' dir='ltr'><strong>eum</strong></span> <span class='ocrx_word' id='word_1_477' title='bbox 1487 3345 1615 3417; x_wconf 87' lang='lat' dir='ltr'><strong>deposito</strong></span> <span class='ocrx_word' id='word_1_478' title='bbox 1629 3344 1718 3400; x_wconf 83' lang='lat' dir='ltr'><strong>veteri</strong></span> <span class='ocrx_word' id='word_1_479' title='bbox 1731 3345 1850 3400; x_wconf 89' lang='lat' dir='ltr'><strong>homine</strong></span> 
     </span>
     <span class='ocr_line' id='line_1_37' title="bbox 28 3431 1850 3506; baseline -0.001 -17"><span class='ocrx_word' id='word_1_480' title='bbox 28 3434 34 3455; x_wconf 82' lang='lat'>¹</span> <span class='ocrx_word' id='word_1_481' title='bbox 100 3433 267 3490; x_wconf 88' lang='lat' dir='ltr'><strong>obturemus</strong></span> <span class='ocrx_word' id='word_1_482' title='bbox 291 3448 375 3488; x_wconf 86' lang='lat' dir='ltr'><strong>aures</strong></span> <span class='ocrx_word' id='word_1_483' title='bbox 394 3438 505 3486; x_wconf 90' lang='lat' dir='ltr'><strong>nostrae</strong></span> <span class='ocrx_word' id='word_1_484' title='bbox 525 3448 561 3487; x_wconf 92' lang='lat' dir='ltr'><strong>ne</strong></span> <span class='ocrx_word' id='word_1_485' title='bbox 582 3431 734 3487; x_wconf 88' lang='lat' dir='ltr'><strong>audiamus</strong></span> <span class='ocrx_word' id='word_1_486' title='bbox 748 3446 831 3488; x_wconf 82' lang='lat' dir='ltr'><strong>voces</strong></span> <span class='ocrx_word' id='word_1_487' title='bbox 848 3431 948 3488; x_wconf 84' lang='lat' dir='ltr'><strong>incnn·</strong></span> <span class='ocrx_word' id='word_1_488' title='bbox 1000 3448 1066 3488; x_wconf 92' lang='lat' dir='ltr'><strong>cum</strong></span> <span class='ocrx_word' id='word_1_489' title='bbox 1091 3433 1200 3487; x_wconf 90' lang='lat' dir='ltr'><strong>actibus</strong></span> <span class='ocrx_word' id='word_1_490' title='bbox 1226 3433 1295 3500; x_wconf 90' lang='lat' dir='ltr'><strong>suis,</strong></span> <span class='ocrx_word' id='word_1_491' title='bbox 1328 3433 1480 3489; x_wconf 89' lang='lat' dir='ltr'><strong>indueritis</strong></span> <span class='ocrx_word' id='word_1_492' title='bbox 1506 3449 1612 3490; x_wconf 86' lang='lat' dir='ltr'><strong>norum</strong></span> <span class='ocrx_word' id='word_1_493' title='bbox 1639 3433 1706 3505; x_wconf 81' lang='lat' dir='ltr'><strong>(Get.</strong></span> <span class='ocrx_word' id='word_1_494' title='bbox 1731 3434 1784 3504; x_wconf 88' lang='lat' dir='ltr'><strong>ur),</strong></span> <span class='ocrx_word' id='word_1_495' title='bbox 1800 3434 1850 3506; x_wconf 90' lang='lat' dir='ltr'><strong>qui</strong></span> 
     </span>
     <span class='ocr_line' id='line_1_38' title="bbox 99 3520 1437 3591; baseline 0 -14"><span class='ocrx_word' id='word_1_496' title='bbox 99 3521 223 3577; x_wconf 88' lang='lat' dir='ltr'><strong>tuntium</strong></span> <span class='ocrx_word' id='word_1_497' title='bbox 237 3525 266 3581; x_wconf 91' lang='lat' dir='ltr'><strong>et</strong></span> <span class='ocrx_word' id='word_1_498' title='bbox 279 3520 406 3576; x_wconf 88' lang='lat' dir='ltr'><strong>carmina</strong></span> <span class='ocrx_word' id='word_1_499' title='bbox 420 3521 590 3579; x_wconf 86' lang='lat' dir='ltr'><strong>sirenarum.</strong></span> <span class='ocrx_word' id='word_1_500' title='bbox 1000 3524 1155 3578; x_wconf 84' lang='lat' dir='ltr'><strong>renovatur</strong></span> <span class='ocrx_word' id='word_1_501' title='bbox 1169 3520 1199 3575; x_wconf 91' lang='lat' dir='ltr'><strong>in</strong></span> <span class='ocrx_word' id='word_1_502' title='bbox 1214 3521 1362 3591; x_wconf 90' lang='lat' dir='ltr'><strong>agnitione</strong></span> <span class='ocrx_word' id='word_1_503' title='bbox 1377 3521 1437 3578; x_wconf 82' lang='lat' dir='ltr'><strong>net.</strong></span> 
     </span>
    </p>

    <p class='ocr_par' dir='ltr' id='par_1_13' title="bbox 95 3606 1852 3947">
     <span class='ocr_line' id='line_1_39' title="bbox 137 3606 1850 3681; baseline -0.002 -15"><span class='ocrx_word' id='word_1_504' title='bbox 137 3609 241 3681; x_wconf 81' lang='lat' dir='ltr'><strong>(Onia.)</strong></span> <span class='ocrx_word' id='word_1_505' title='bbox 266 3610 332 3665; x_wconf 89' lang='lat' dir='ltr'><strong>Post</strong></span> <span class='ocrx_word' id='word_1_506' title='bbox 352 3609 405 3664; x_wconf 92' lang='lat' dir='ltr'><strong>hoc</strong></span> <span class='ocrx_word' id='word_1_507' title='bbox 424 3608 539 3665; x_wconf 80' lang='lat' dir='ltr'><strong>venitur</strong></span> <span class='ocrx_word' id='word_1_508' title='bbox 554 3607 584 3663; x_wconf 91' lang='lat' dir='ltr'><strong>iu</strong></span> <span class='ocrx_word' id='word_1_509' title='bbox 599 3607 701 3665; x_wconf 87' lang='lat' dir='ltr'><strong>Obolh.</strong></span> <span class='ocrx_word' id='word_1_510' title='bbox 718 3608 805 3680; x_wconf 83' lang='lat' dir='ltr'><strong>Cujus</strong></span> <span class='ocrx_word' id='word_1_511' title='bbox 821 3607 948 3663; x_wconf 89' lang='lat' dir='ltr'><strong>nominis</strong></span> <span class='ocrx_word' id='word_1_512' title='bbox 1037 3611 1120 3665; x_wconf 88' lang='lat' dir='ltr'><strong>Vana.</strong></span> <span class='ocrx_word' id='word_1_513' title='bbox 1155 3612 1199 3664; x_wconf 73' lang='lat'><strong>52.</strong></span> <span class='ocrx_word' id='word_1_514' title='bbox 1232 3606 1267 3650; x_wconf 82' lang='lat'><strong>-&#39;-</strong></span> <span class='ocrx_word' id='word_1_515' title='bbox 1297 3609 1450 3680; x_wconf 82' lang='lat' dir='ltr'><strong>Disperdite</strong></span> <span class='ocrx_word' id='word_1_516' title='bbox 1480 3614 1599 3665; x_wconf 82' lang='lat' dir='ltr'><strong>cunctos.</strong></span> <span class='ocrx_word' id='word_1_517' title='bbox 1634 3610 1706 3666; x_wconf 89' lang='lat' dir='ltr'><strong>Cum</strong></span> <span class='ocrx_word' id='word_1_518' title='bbox 1743 3614 1850 3665; x_wconf 89' lang='lat' dir='ltr'><strong>terram</strong></span> 
     </span>
     <span class='ocr_line' id='line_1_40' title="bbox 100 3696 1851 3770; baseline 0.001 -18"><span class='ocrx_word' id='word_1_519' title='bbox 100 3698 231 3770; x_wconf 84' lang='lat' dir='ltr'><strong>quamvis</strong></span> <span class='ocrx_word' id='word_1_520' title='bbox 249 3714 309 3753; x_wconf 91' lang='lat' dir='ltr'><strong>nou</strong></span> <span class='ocrx_word' id='word_1_521' title='bbox 322 3696 519 3753; x_wconf 87' lang='lat' dir='ltr'><strong>invenerimus</strong></span> <span class='ocrx_word' id='word_1_522' title='bbox 533 3696 809 3770; x_wconf 89' lang='lat' dir='ltr'><strong>interpretationem,</strong></span> <span class='ocrx_word' id='word_1_523' title='bbox 823 3713 881 3752; x_wconf 93' lang='lat' dir='ltr'><strong>non</strong></span> <span class='ocrx_word' id='word_1_524' title='bbox 894 3696 947 3751; x_wconf 92' lang='lat' dir='ltr'><strong>du·</strong></span> <span class='ocrx_word' id='word_1_525' title='bbox 1001 3702 1130 3754; x_wconf 85' lang='lat' dir='ltr'><strong>sanctum</strong></span> <span class='ocrx_word' id='word_1_526' title='bbox 1143 3698 1373 3770; x_wconf 87' lang='lat' dir='ltr'><strong>repromissionis</strong></span> <span class='ocrx_word' id='word_1_527' title='bbox 1385 3713 1438 3770; x_wconf 79' lang='lat' dir='ltr'><strong>per</strong></span> <span class='ocrx_word' id='word_1_528' title='bbox 1450 3698 1536 3754; x_wconf 86' lang='lat' dir='ltr'><strong>tidem</strong></span> <span class='ocrx_word' id='word_1_529' title='bbox 1553 3698 1743 3769; x_wconf 88' lang='lat' dir='ltr'><strong>ingredimur,</strong></span> <span class='ocrx_word' id='word_1_530' title='bbox 1766 3698 1851 3754; x_wconf 88' lang='lat' dir='ltr'><strong>simul</strong></span> 
     </span>
     <span class='ocr_line' id='line_1_41' title="bbox 95 3772 1780 3859; baseline -0.001 -17"><span class='ocrx_word' id='word_1_531' title='bbox 95 3772 224 3842; x_wconf 54' lang='lat' dir='ltr'><strong>&#39;bibamus</strong></span> <span class='ocrx_word' id='word_1_532' title='bbox 238 3786 311 3842; x_wconf 88' lang='lat' dir='ltr'><strong>sicut</strong></span> <span class='ocrx_word' id='word_1_533' title='bbox 337 3785 369 3842; x_wconf 90' lang='lat' dir='ltr'><strong>in</strong></span> <span class='ocrx_word' id='word_1_534' title='bbox 397 3785 518 3855; x_wconf 76' lang='lat' dir='ltr'><strong>caeteris,</strong></span> <span class='ocrx_word' id='word_1_535' title='bbox 536 3789 565 3841; x_wconf 90' lang='lat' dir='ltr'><strong>el</strong></span> <span class='ocrx_word' id='word_1_536' title='bbox 579 3786 610 3841; x_wconf 93' lang='lat' dir='ltr'><strong>in</strong></span> <span class='ocrx_word' id='word_1_537' title='bbox 634 3787 689 3841; x_wconf 93' lang='lat' dir='ltr'><strong>hoc</strong></span> <span class='ocrx_word' id='word_1_538' title='bbox 712 3784 948 3859; x_wconf 86' lang='lat' dir='ltr'><strong>consequentiam</strong></span> <span class='ocrx_word' id='word_1_539' title='bbox 1001 3803 1068 3844; x_wconf 89' lang='lat' dir='ltr'><strong>curn</strong></span> <span class='ocrx_word' id='word_1_540' title='bbox 1083 3786 1245 3841; x_wconf 86' lang='lat' dir='ltr'><strong>idololatria</strong></span> <span class='ocrx_word' id='word_1_541' title='bbox 1258 3785 1344 3840; x_wconf 91' lang='lat' dir='ltr'><strong>etiam</strong></span> <span class='ocrx_word' id='word_1_542' title='bbox 1361 3785 1459 3841; x_wconf 86' lang='lat' dir='ltr'><strong>omnis</strong></span> <span class='ocrx_word' id='word_1_543' title='bbox 1472 3784 1541 3839; x_wconf 85' lang='lat' dir='ltr'><strong>vitia</strong></span> <span class='ocrx_word' id='word_1_544' title='bbox 1554 3785 1780 3856; x_wconf 86' lang='lat' dir='ltr'><strong>exstinguemus.</strong></span> 
     </span>
     <span class='ocr_line' id='line_1_42' title="bbox 100 3872 1852 3947; baseline -0.001 -19"><span class='ocrx_word' id='word_1_545' title='bbox 100 3875 280 3947; x_wconf 80' lang='lat' dir='ltr'><strong>profectuum</strong></span> <span class='ocrx_word' id='word_1_546' title='bbox 296 3873 467 3932; x_wconf 85' lang='lat' dir='ltr'><strong>conservari.</strong></span> <span class='ocrx_word' id='word_1_547' title='bbox 1036 3875 1224 3932; x_wconf 71' lang='lat' dir='ltr'><strong>dubitatores.</strong></span> <span class='ocrx_word' id='word_1_548' title='bbox 1251 3874 1388 3945; x_wconf 87' lang='lat' dir='ltr'><strong>ldalignos</strong></span> <span class='ocrx_word' id='word_1_549' title='bbox 1425 3873 1553 3944; x_wconf 89' lang='lat' dir='ltr'><strong>spiritus,</strong></span> <span class='ocrx_word' id='word_1_550' title='bbox 1584 3873 1786 3946; x_wconf 87' lang='lat' dir='ltr'><strong>phantesmata</strong></span> <span class='ocrx_word' id='word_1_551' title='bbox 1811 3872 1852 3927; x_wconf 83' lang='lat' dir='ltr'><strong>ri·</strong></span> 
     </span>
    </p>

    <p class='ocr_par' dir='ltr' id='par_1_14' title="bbox 102 3960 1853 4211">
     <span class='ocr_line' id='line_1_43' title="bbox 137 3960 1853 4036; baseline -0.001 -18"><span class='ocrx_word' id='word_1_552' title='bbox 137 3964 220 4020; x_wconf 81' lang='lat' dir='ltr'><strong>Vane.</strong></span> <span class='ocrx_word' id='word_1_553' title='bbox 236 3965 282 4021; x_wconf 89' lang='grc'><strong>44.</strong></span> <span class='ocrx_word' id='word_1_554' title='bbox 315 3995 341 4006; x_wconf 87' lang='grc'><strong>-</strong></span> <span class='ocrx_word' id='word_1_555' title='bbox 366 3963 400 4020; x_wconf 85' lang='lat' dir='ltr'><strong>In</strong></span> <span class='ocrx_word' id='word_1_556' title='bbox 414 3960 696 4036; x_wconf 66' lang='lat' dir='ltr'><strong>fluibuerigniflcat</strong></span> <span class='ocrx_word' id='word_1_557' title='bbox 721 3961 877 4018; x_wconf 88' lang='lat' dir='ltr'><strong>secundum</strong></span> <span class='ocrx_word' id='word_1_558' title='bbox 905 3960 949 4015; x_wconf 92' lang='lat' dir='ltr'><strong>lit·</strong></span> <span class='ocrx_word' id='word_1_559' title='bbox 1002 3964 1121 4032; x_wconf 88' lang='lat' dir='ltr'><strong>tiorum,</strong></span> <span class='ocrx_word' id='word_1_560' title='bbox 1146 3979 1212 4017; x_wconf 91' lang='lat' dir='ltr'><strong>cum</strong></span> <span class='ocrx_word' id='word_1_561' title='bbox 1242 3962 1473 4036; x_wconf 88' lang='lat' dir='ltr'><strong>suggestionibus</strong></span> <span class='ocrx_word' id='word_1_562' title='bbox 1507 3962 1591 4030; x_wconf 88' lang='lat' dir='ltr'><strong>suis;</strong></span> <span class='ocrx_word' id='word_1_563' title='bbox 1618 3962 1725 4018; x_wconf 89' lang='lat' dir='ltr'><strong>uude:</strong></span> <span class='ocrx_word' id='word_1_564' title='bbox 1755 3964 1853 4018; x_wconf 84' lang='lat' dir='ltr'><strong>Beatus</strong></span> 
     </span>
     <span class='ocr_line' id='line_1_44' title="bbox 102 4048 1852 4127; baseline -0.002 -17"><span class='ocrx_word' id='word_1_565' title='bbox 102 4060 205 4124; x_wconf 86' lang='lat' dir='ltr'><strong>terem,</strong></span> <span class='ocrx_word' id='word_1_566' title='bbox 218 4055 295 4127; x_wconf 90' lang='lat' dir='ltr'><strong>quod</strong></span> <span class='ocrx_word' id='word_1_567' title='bbox 307 4055 456 4126; x_wconf 86' lang='lat' dir='ltr'><strong>hucusque</strong></span> <span class='ocrx_word' id='word_1_568' title='bbox 466 4054 582 4109; x_wconf 83' lang='lat' dir='ltr'><strong>luerunt</strong></span> <span class='ocrx_word' id='word_1_569' title='bbox 596 4052 627 4107; x_wconf 90' lang='lat' dir='ltr'><strong>in</strong></span> <span class='ocrx_word' id='word_1_570' title='bbox 640 4051 747 4109; x_wconf 86' lang='lat' dir='ltr'><strong>tinibus</strong></span> <span class='ocrx_word' id='word_1_571' title='bbox 755 4052 948 4108; x_wconf 77' lang='lat' dir='ltr'><strong>idumaeorum</strong></span> <span class='ocrx_word' id='word_1_572' title='bbox 1002 4055 1051 4124; x_wconf 87' lang='lat' dir='ltr'><strong>qui</strong></span> <span class='ocrx_word' id='word_1_573' title='bbox 1064 4053 1162 4108; x_wconf 85' lang='lat' dir='ltr'><strong>tenebit</strong></span> <span class='ocrx_word' id='word_1_574' title='bbox 1177 4057 1202 4108; x_wconf 82' lang='lat' dir='ltr'><strong>et</strong></span> <span class='ocrx_word' id='word_1_575' title='bbox 1215 4052 1312 4108; x_wconf 83' lang='lat' dir='ltr'><strong>allidet</strong></span> <span class='ocrx_word' id='word_1_576' title='bbox 1332 4053 1464 4122; x_wconf 68' lang='lat' dir='ltr'><strong>paruum</strong></span> <span class='ocrx_word' id='word_1_577' title='bbox 1488 4065 1550 4107; x_wconf 84' lang='lat' dir='ltr'><strong>sues</strong></span> <span class='ocrx_word' id='word_1_578' title='bbox 1576 4051 1614 4106; x_wconf 89' lang='lat' dir='ltr'><strong>od</strong></span> <span class='ocrx_word' id='word_1_579' title='bbox 1623 4055 1736 4122; x_wconf 86' lang='lat' dir='ltr'><strong>petrem</strong></span> <span class='ocrx_word' id='word_1_580' title='bbox 1762 4048 1852 4121; x_wconf 86' lang='lat' dir='ltr'><strong>(Psoi.</strong></span> 
     </span>
     <span class='ocr_line' id='line_1_45' title="bbox 104 4140 1122 4211; baseline -0.003 -12"><span class='ocrx_word' id='word_1_581' title='bbox 104 4149 133 4199; x_wconf 89' lang='lat' dir='ltr'><strong>et</strong></span> <span class='ocrx_word' id='word_1_582' title='bbox 147 4160 224 4199; x_wconf 88' lang='lat' dir='ltr'><strong>nunc</strong></span> <span class='ocrx_word' id='word_1_583' title='bbox 238 4145 357 4199; x_wconf 84' lang='lat' dir='ltr'><strong>veniunt</strong></span> <span class='ocrx_word' id='word_1_584' title='bbox 371 4143 406 4198; x_wconf 88' lang='lat' dir='ltr'><strong>ad</strong></span> <span class='ocrx_word' id='word_1_585' title='bbox 421 4143 560 4197; x_wconf 90' lang='lat' dir='ltr'><strong>terminos</strong></span> <span class='ocrx_word' id='word_1_586' title='bbox 576 4141 664 4198; x_wconf 78' lang='lat' dir='ltr'><strong>Moab.</strong></span> <span class='ocrx_word' id='word_1_587' title='bbox 1002 4140 1122 4211; x_wconf 83' lang='lat' dir='ltr'><strong>cxxxvr).</strong></span> 
     </span>
    </p>

    <p class='ocr_par' dir='ltr' id='par_1_15' title="bbox 95 4226 1855 4567">
     <span class='ocr_line' id='line_1_46' title="bbox 138 4226 1855 4304; baseline -0.002 -17"><span class='ocrx_word' id='word_1_588' title='bbox 138 4232 241 4304; x_wconf 83' lang='lat' dir='ltr'><strong>(Ouio.)</strong></span> <span class='ocrx_word' id='word_1_589' title='bbox 274 4231 410 4303; x_wconf 90' lang='lat' dir='ltr'><strong>Sequitur</strong></span> <span class='ocrx_word' id='word_1_590' title='bbox 434 4235 498 4304; x_wconf 91' lang='lat' dir='ltr'><strong>post</strong></span> <span class='ocrx_word' id='word_1_591' title='bbox 519 4231 581 4286; x_wconf 82' lang='lat' dir='ltr'><strong>haec</strong></span> <span class='ocrx_word' id='word_1_592' title='bbox 612 4229 724 4285; x_wconf 91' lang='lat' dir='ltr'><strong>mansio</strong></span> <span class='ocrx_word' id='word_1_593' title='bbox 758 4228 820 4295; x_wconf 83' lang='lat' dir='ltr'><strong>Gai,</strong></span> <span class='ocrx_word' id='word_1_594' title='bbox 853 4226 882 4283; x_wconf 92' lang='lat' dir='ltr'><strong>id</strong></span> <span class='ocrx_word' id='word_1_595' title='bbox 909 4231 951 4282; x_wconf 87' lang='lat' dir='ltr'><strong>est</strong></span> <span class='ocrx_word' id='word_1_596' title='bbox 1040 4231 1184 4286; x_wconf 70' lang='lat' dir='ltr'><strong>Venutii.</strong></span> <span class='ocrx_word' id='word_1_597' title='bbox 1208 4259 1242 4270; x_wconf 89' lang='lat'>-</span> <span class='ocrx_word' id='word_1_598' title='bbox 1261 4229 1395 4285; x_wconf 80' lang='lat' dir='ltr'><strong>Pluribus</strong></span> <span class='ocrx_word' id='word_1_599' title='bbox 1417 4228 1520 4285; x_wconf 82' lang='lat' dir='ltr'><strong>debitis</strong></span> <span class='ocrx_word' id='word_1_600' title='bbox 1544 4228 1676 4284; x_wconf 86' lang='lat' dir='ltr'><strong>tutiorem.</strong></span> <span class='ocrx_word' id='word_1_601' title='bbox 1700 4227 1774 4291; x_wconf 83' lang='lat' dir='ltr'><strong>Ouia</strong></span> <span class='ocrx_word' id='word_1_602' title='bbox 1803 4226 1855 4300; x_wconf 89' lang='lat' dir='ltr'><strong>qni</strong></span> 
     </span>
     <span class='ocr_line' id='line_1_47' title="bbox 104 4315 1854 4391; baseline -0.003 -15"><span class='ocrx_word' id='word_1_603' title='bbox 104 4320 197 4376; x_wconf 88' lang='lat' dir='ltr'><strong>Chaos</strong></span> <span class='ocrx_word' id='word_1_604' title='bbox 212 4335 220 4374; x_wconf 77' lang='lat'>2</span> <span class='ocrx_word' id='word_1_605' title='bbox 234 4318 401 4391; x_wconf 88' lang='lat' dir='ltr'><strong>appropriat</strong></span> <span class='ocrx_word' id='word_1_606' title='bbox 416 4318 493 4373; x_wconf 91' lang='lat' dir='ltr'><strong>enim</strong></span> <span class='ocrx_word' id='word_1_607' title='bbox 508 4333 560 4389; x_wconf 91' lang='lat' dir='ltr'><strong>per</strong></span> <span class='ocrx_word' id='word_1_608' title='bbox 577 4317 631 4373; x_wconf 93' lang='lat' dir='ltr'><strong>hoc</strong></span> <span class='ocrx_word' id='word_1_609' title='bbox 645 4315 790 4388; x_wconf 80' lang='lat' dir='ltr'><strong>proiectus</strong></span> <span class='ocrx_word' id='word_1_610' title='bbox 802 4317 837 4371; x_wconf 92' lang='lat' dir='ltr'><strong>ed</strong></span> <span class='ocrx_word' id='word_1_611' title='bbox 857 4315 952 4370; x_wconf 79' lang='lat' dir='ltr'><strong>siurim</strong></span> <span class='ocrx_word' id='word_1_612' title='bbox 1005 4317 1113 4374; x_wconf 90' lang='lat' dir='ltr'><strong>habent</strong></span> <span class='ocrx_word' id='word_1_613' title='bbox 1125 4317 1240 4390; x_wconf 86' lang='lat' dir='ltr'><strong>copiam</strong></span> <span class='ocrx_word' id='word_1_614' title='bbox 1267 4317 1416 4385; x_wconf 85' lang='lat' dir='ltr'><strong>virtutum,</strong></span> <span class='ocrx_word' id='word_1_615' title='bbox 1442 4317 1624 4372; x_wconf 87' lang='lat' dir='ltr'><strong>latitudinem</strong></span> <span class='ocrx_word' id='word_1_616' title='bbox 1647 4320 1765 4388; x_wconf 87' lang='lat' dir='ltr'><strong>sperant</strong></span> <span class='ocrx_word' id='word_1_617' title='bbox 1779 4332 1854 4387; x_wconf 79' lang='lat' dir='ltr'><strong>prce·</strong></span> 
     </span>
     <span class='ocr_line' id='line_1_48' title="bbox 103 4402 1854 4479; baseline -0.002 -15"><span class='ocrx_word' id='word_1_618' title='bbox 103 4407 469 4479; x_wconf 79' lang='lat' dir='ltr'><strong>Abrehce‚quieit:1nter</strong></span> <span class='ocrx_word' id='word_1_619' title='bbox 490 4409 776 4475; x_wconf 76' lang='lat' dir='ltr'><strong>nosetousmognum</strong></span> <span class='ocrx_word' id='word_1_620' title='bbox 795 4405 878 4460; x_wconf 79' lang='lat' dir='ltr'><strong>cusos</strong></span> <span class='ocrx_word' id='word_1_621' title='bbox 901 4402 952 4476; x_wconf 74' lang='lat' dir='ltr'><strong>fir·</strong></span> <span class='ocrx_word' id='word_1_622' title='bbox 1004 4407 1131 4462; x_wconf 87' lang='lat' dir='ltr'><strong>mierum</strong></span> <span class='ocrx_word' id='word_1_623' title='bbox 1156 4423 1162 4462; x_wconf 94' lang='lat'><strong>:</strong></span> <span class='ocrx_word' id='word_1_624' title='bbox 1184 4406 1234 4478; x_wconf 88' lang='lat' dir='ltr'><strong>qni</strong></span> <span class='ocrx_word' id='word_1_625' title='bbox 1262 4410 1359 4462; x_wconf 85' lang='lat' dir='ltr'><strong>autem</strong></span> <span class='ocrx_word' id='word_1_626' title='bbox 1384 4406 1529 4477; x_wconf 85' lang='lat' dir='ltr'><strong>paucitate</strong></span> <span class='ocrx_word' id='word_1_627' title='bbox 1561 4409 1702 4461; x_wconf 83' lang='lat' dir='ltr'><strong>virtutum</strong></span> <span class='ocrx_word' id='word_1_628' title='bbox 1726 4403 1854 4460; x_wconf 75' lang='lat' dir='ltr'><strong>metenti</strong></span> 
     </span>
     <span class='ocr_line' id='line_1_49' title="bbox 95 4492 1855 4567; baseline -0.004 -13"><span class='ocrx_word' id='word_1_629' title='bbox 95 4504 207 4554; x_wconf 49' lang='lat' dir='ltr'><strong>‘mutum</strong></span> <span class='ocrx_word' id='word_1_630' title='bbox 225 4496 351 4567; x_wconf 77' lang='lat' dir='ltr'><strong>estlhue.</strong></span> <span class='ocrx_word' id='word_1_631' title='bbox 368 4494 424 4566; x_wconf 85' lang='lat' dir='ltr'><strong>xv),</strong></span> <span class='ocrx_word' id='word_1_632' title='bbox 447 4499 480 4550; x_wconf 94' lang='lat' dir='ltr'><strong>ut</strong></span> <span class='ocrx_word' id='word_1_633' title='bbox 494 4511 559 4550; x_wconf 90' lang='lat' dir='ltr'><strong>cum</strong></span> <span class='ocrx_word' id='word_1_634' title='bbox 575 4495 680 4550; x_wconf 79' lang='lat' dir='ltr'><strong>Lazaro</strong></span> <span class='ocrx_word' id='word_1_635' title='bbox 692 4492 862 4566; x_wconf 88' lang='lat' dir='ltr'><strong>requiescet.</strong></span> <span class='ocrx_word' id='word_1_636' title='bbox 1005 4500 1082 4563; x_wconf 91' lang='lat' dir='ltr'><strong>sunt,</strong></span> <span class='ocrx_word' id='word_1_637' title='bbox 1097 4497 1255 4552; x_wconf 90' lang='lat' dir='ltr'><strong>secundum</strong></span> <span class='ocrx_word' id='word_1_638' title='bbox 1275 4495 1412 4551; x_wconf 89' lang='lat' dir='ltr'><strong>meritum</strong></span> <span class='ocrx_word' id='word_1_639' title='bbox 1438 4509 1523 4549; x_wconf 90' lang='lat' dir='ltr'><strong>suum</strong></span> <span class='ocrx_word' id='word_1_640' title='bbox 1542 4492 1764 4549; x_wconf 83' lang='lat' dir='ltr'><strong>retributionem</strong></span> <span class='ocrx_word' id='word_1_641' title='bbox 1787 4508 1855 4565; x_wconf 88' lang='lat' dir='ltr'><strong>per·</strong></span> 
     </span>
    </p>

    <p class='ocr_par' dir='ltr' id='par_1_16' title="bbox 103 4581 1856 4833">
     <span class='ocr_line' id='line_1_50' title="bbox 137 4581 1856 4656; baseline -0.002 -14"><span class='ocrx_word' id='word_1_642' title='bbox 137 4584 504 4656; x_wconf 64' lang='lat' dir='ltr'><strong>lentescentibus.)</strong></span> <span class='ocrx_word' id='word_1_643' title='bbox 529 4581 687 4655; x_wconf 85' lang='lat' dir='ltr'><strong>Dibongad,</strong></span> <span class='ocrx_word' id='word_1_644' title='bbox 707 4591 773 4650; x_wconf 71' lang='lat' dir='ltr'><strong>etc..</strong></span> <span class='ocrx_word' id='word_1_645' title='bbox 805 4597 891 4653; x_wconf 86' lang='lat' dir='ltr'><strong>usque</strong></span> <span class='ocrx_word' id='word_1_646' title='bbox 915 4582 953 4637; x_wconf 86' lang='lat' dir='ltr'><strong>ud</strong></span> <span class='ocrx_word' id='word_1_647' title='bbox 996 4583 1128 4655; x_wconf 58' lang='lat' dir='ltr'><strong>=cipiuut3</strong></span> <span class='ocrx_word' id='word_1_648' title='bbox 1151 4584 1227 4640; x_wconf 92' lang='lat' dir='ltr'><strong>uude</strong></span> <span class='ocrx_word' id='word_1_649' title='bbox 1243 4600 1251 4639; x_wconf 78' lang='lat' dir='ltr'><strong><em>z</em></strong></span> <span class='ocrx_word' id='word_1_650' title='bbox 1266 4585 1319 4652; x_wconf 80' lang='lat' dir='ltr'><strong>Qui</strong></span> <span class='ocrx_word' id='word_1_651' title='bbox 1339 4599 1424 4656; x_wconf 84' lang='lat' dir='ltr'><strong>poree</strong></span> <span class='ocrx_word' id='word_1_652' title='bbox 1438 4585 1564 4652; x_wconf 76' lang='lat' dir='ltr'><strong>seuiuut,</strong></span> <span class='ocrx_word' id='word_1_653' title='bbox 1578 4598 1662 4654; x_wconf 85' lang='lat' dir='ltr'><strong>perce</strong></span> <span class='ocrx_word' id='word_1_654' title='bbox 1680 4587 1815 4654; x_wconf 81' lang='lat' dir='ltr'><strong>etmatet3</strong></span> <span class='ocrx_word' id='word_1_655' title='bbox 1829 4585 1856 4638; x_wconf 90' lang='lat' dir='ltr'><strong>et</strong></span> 
     </span>
     <span class='ocr_line' id='line_1_51' title="bbox 104 4670 1853 4744; baseline -0.002 -14"><span class='ocrx_word' id='word_1_656' title='bbox 104 4674 154 4730; x_wconf 93' lang='lat' dir='ltr'><strong>sed</strong></span> <span class='ocrx_word' id='word_1_657' title='bbox 183 4672 341 4731; x_wconf 89' lang='lat' dir='ltr'><strong>econtrario</strong></span> <span class='ocrx_word' id='word_1_658' title='bbox 371 4670 557 4728; x_wconf 90' lang='lat' dir='ltr'><strong>solitudinem</strong></span> <span class='ocrx_word' id='word_1_659' title='bbox 583 4671 667 4727; x_wconf 89' lang='lat' dir='ltr'><strong>nobis</strong></span> <span class='ocrx_word' id='word_1_660' title='bbox 692 4671 869 4744; x_wconf 85' lang='lat' dir='ltr'><strong>propositam</strong></span> <span class='ocrx_word' id='word_1_661' title='bbox 898 4687 950 4726; x_wconf 93' lang='lat' dir='ltr'><strong>no·</strong></span> <span class='ocrx_word' id='word_1_662' title='bbox 1005 4671 1055 4744; x_wconf 87' lang='lat' dir='ltr'><strong>qui</strong></span> <span class='ocrx_word' id='word_1_663' title='bbox 1066 4674 1223 4728; x_wconf 82' lang='lat' dir='ltr'><strong>seminatio</strong></span> <span class='ocrx_word' id='word_1_664' title='bbox 1237 4673 1478 4740; x_wconf 79' lang='lat' dir='ltr'><strong>benedictionibus,</strong></span> <span class='ocrx_word' id='word_1_665' title='bbox 1492 4671 1527 4727; x_wconf 85' lang='lat' dir='ltr'><strong>ds</strong></span> <span class='ocrx_word' id='word_1_666' title='bbox 1541 4671 1782 4739; x_wconf 71' lang='lat' dir='ltr'><strong>benedictionibus,</strong></span> <span class='ocrx_word' id='word_1_667' title='bbox 1798 4675 1853 4727; x_wconf 91' lang='lat' dir='ltr'><strong>etc.</strong></span> 
     </span>
     <span class='ocr_line' id='line_1_52' title="bbox 103 4761 1189 4833; baseline 0.001 -18"><span class='ocrx_word' id='word_1_668' title='bbox 103 4762 240 4818; x_wconf 88' lang='lat' dir='ltr'><strong>rerimus.</strong></span> <span class='ocrx_word' id='word_1_669' title='bbox 1005 4762 1045 4833; x_wconf 81' lang='grc' dir='ltr'><strong>(ΙΙ</strong></span> <span class='ocrx_word' id='word_1_670' title='bbox 1060 4761 1120 4819; x_wconf 80' lang='grc' dir='ltr'><strong>θον.</strong></span> <span class='ocrx_word' id='word_1_671' title='bbox 1138 4762 1189 4832; x_wconf 79' lang='grc'><strong>11).</strong></span> 
     </span>
    </p>

    <p class='ocr_par' dir='ltr' id='par_1_17' title="bbox 104 4847 1858 5101">
     <span class='ocr_line' id='line_1_53' title="bbox 140 4847 1550 4941; baseline -0.003 -34"><span class='ocrx_word' id='word_1_672' title='bbox 140 4851 247 4922; x_wconf 79' lang='lat' dir='ltr'><strong>(Osse)</strong></span> <span class='ocrx_word' id='word_1_673' title='bbox 274 4849 343 4906; x_wconf 87' lang='lat' dir='ltr'><strong>inde</strong></span> <span class='ocrx_word' id='word_1_674' title='bbox 372 4848 487 4905; x_wconf 81' lang='lat' dir='ltr'><strong>renitor</strong></span> <span class='ocrx_word' id='word_1_675' title='bbox 507 4848 615 4904; x_wconf 88' lang='lat' dir='ltr'><strong>ilerum</strong></span> <span class='ocrx_word' id='word_1_676' title='bbox 638 4848 674 4905; x_wconf 88' lang='lat' dir='ltr'><strong>ed</strong></span> <span class='ocrx_word' id='word_1_677' title='bbox 699 4847 859 4920; x_wconf 82' lang='lat' dir='ltr'><strong>bibongad,</strong></span> <span class='ocrx_word' id='word_1_678' title='bbox 886 4852 953 4917; x_wconf 80' lang='lat' dir='ltr'><strong>ete,</strong></span> <span class='ocrx_word' id='word_1_679' title='bbox 1304 4883 1418 4941; x_wconf 59' lang='lat' dir='ltr'>CAPUT</span> <span class='ocrx_word' id='word_1_680' title='bbox 1438 4882 1550 4939; x_wconf 41' lang='lat' dir='ltr'><strong>XXXIV·</strong></span> 
     </span>
     <span class='ocr_line' id='line_1_54' title="bbox 105 4937 953 5012; baseline -0.004 -16"><span class='ocrx_word' id='word_1_681' title='bbox 105 4940 251 5010; x_wconf 80' lang='lat' dir='ltr'><strong>usquead</strong></span> <span class='ocrx_word' id='word_1_682' title='bbox 277 4955 365 5012; x_wconf 91' lang='lat' dir='ltr'><strong>quam</strong></span> <span class='ocrx_word' id='word_1_683' title='bbox 391 4938 516 5012; x_wconf 79' lang='lat' dir='ltr'><strong>perfecte</strong></span> <span class='ocrx_word' id='word_1_684' title='bbox 529 4943 558 4994; x_wconf 89' lang='lat' dir='ltr'><strong>et</strong></span> <span class='ocrx_word' id='word_1_685' title='bbox 575 4939 623 5010; x_wconf 90' lang='lat' dir='ltr'><strong>pie</strong></span> <span class='ocrx_word' id='word_1_686' title='bbox 647 4939 683 4995; x_wconf 95' lang='lat' dir='ltr'><strong>de</strong></span> <span class='ocrx_word' id='word_1_687' title='bbox 706 4938 763 4994; x_wconf 81' lang='lat' dir='ltr'><strong>neo</strong></span> <span class='ocrx_word' id='word_1_688' title='bbox 788 4937 953 4994; x_wconf 88' lang='lat' dir='ltr'><strong>sentistoo·</strong></span> 
     </span>
     <span class='ocr_line' id='line_1_55' title="bbox 104 5023 1858 5101; baseline -0.005 -15"><span class='ocrx_word' id='word_1_689' title='bbox 104 5034 268 5101; x_wconf 88' lang='lat' dir='ltr'><strong>gnoscatur.</strong></span> <span class='ocrx_word' id='word_1_690' title='bbox 1041 5029 1210 5098; x_wconf 84' lang='lat' dir='ltr'><strong>Locutueque</strong></span> <span class='ocrx_word' id='word_1_691' title='bbox 1229 5030 1269 5081; x_wconf 84' lang='lat' dir='ltr'><strong>est</strong></span> <span class='ocrx_word' id='word_1_692' title='bbox 1286 5023 1430 5092; x_wconf 86' lang='lat' dir='ltr'><strong>Dominus,</strong></span> <span class='ocrx_word' id='word_1_693' title='bbox 1453 5029 1518 5081; x_wconf 86' lang='lat' dir='ltr'><strong>etc..</strong></span> <span class='ocrx_word' id='word_1_694' title='bbox 1547 5025 1650 5096; x_wconf 75' lang='lat' dir='ltr'><strong>(Osse,</strong></span> <span class='ocrx_word' id='word_1_695' title='bbox 1679 5025 1802 5080; x_wconf 77' lang='lat' dir='ltr'><strong>boniti</strong></span> <span class='ocrx_word' id='word_1_696' title='bbox 1827 5025 1858 5078; x_wconf 86' lang='lat' dir='ltr'><strong>in</strong></span> 
     </span>
    </p>

    <p class='ocr_par' dir='ltr' id='par_1_18' title="bbox 104 5111 1857 5353">
     <span class='ocr_line' id='line_1_56' title="bbox 140 5111 1854 5188; baseline -0.004 -16"><span class='ocrx_word' id='word_1_697' title='bbox 140 5119 220 5174; x_wconf 80' lang='lat' dir='ltr'><strong>Vsus.</strong></span> <span class='ocrx_word' id='word_1_698' title='bbox 252 5120 298 5177; x_wconf 73' lang='lat' dir='ltr'><strong>te.</strong></span> <span class='ocrx_word' id='word_1_699' title='bbox 326 5147 363 5161; x_wconf 93' lang='lat'><em>-</em></span> <span class='ocrx_word' id='word_1_700' title='bbox 391 5117 684 5175; x_wconf 79' lang='lat' dir='ltr'><strong>fletmoudebtutbuim.</strong></span> <span class='ocrx_word' id='word_1_701' title='bbox 707 5114 846 5188; x_wconf 79' lang='lat' dir='ltr'><strong>(hirson.)</strong></span> <span class='ocrx_word' id='word_1_702' title='bbox 873 5115 954 5182; x_wconf 78' lang='lat' dir='ltr'><strong>Quod</strong></span> <span class='ocrx_word' id='word_1_703' title='bbox 1006 5116 1097 5185; x_wconf 83' lang='lat' dir='ltr'><strong>Num.)</strong></span> <span class='ocrx_word' id='word_1_704' title='bbox 1115 5114 1223 5171; x_wconf 85' lang='lat' dir='ltr'><strong>[lirinis</strong></span> <span class='ocrx_word' id='word_1_705' title='bbox 1238 5114 1366 5170; x_wconf 90' lang='lat' dir='ltr'><strong>numeris</strong></span> <span class='ocrx_word' id='word_1_706' title='bbox 1389 5130 1450 5169; x_wconf 90' lang='lat' dir='ltr'><strong>nun</strong></span> <span class='ocrx_word' id='word_1_707' title='bbox 1472 5129 1573 5169; x_wconf 90' lang='lat' dir='ltr'><strong>ornnes</strong></span> <span class='ocrx_word' id='word_1_708' title='bbox 1588 5111 1669 5185; x_wconf 88' lang='lat' dir='ltr'><strong>digni</strong></span> <span class='ocrx_word' id='word_1_709' title='bbox 1684 5117 1762 5179; x_wconf 90' lang='lat' dir='ltr'><strong>sunt,</strong></span> <span class='ocrx_word' id='word_1_710' title='bbox 1787 5118 1854 5178; x_wconf 79' lang='lat' dir='ltr'><strong>ete,</strong></span> 
     </span>
     <span class='ocr_line' id='line_1_57' title="bbox 107 5201 1857 5281; baseline -0.003 -20"><span class='ocrx_word' id='word_1_711' title='bbox 107 5206 323 5279; x_wconf 87' lang='lat' dir='ltr'><strong>interpretatur,</strong></span> <span class='ocrx_word' id='word_1_712' title='bbox 348 5213 414 5278; x_wconf 80' lang='lat' dir='ltr'><strong>ete,</strong></span> <span class='ocrx_word' id='word_1_713' title='bbox 429 5224 514 5281; x_wconf 87' lang='lat' dir='ltr'><strong>usque</strong></span> <span class='ocrx_word' id='word_1_714' title='bbox 536 5208 574 5264; x_wconf 90' lang='lat' dir='ltr'><strong>ud</strong></span> <span class='ocrx_word' id='word_1_715' title='bbox 596 5207 641 5262; x_wconf 83' lang='lat' dir='ltr'><strong>vix</strong></span> <span class='ocrx_word' id='word_1_716' title='bbox 657 5206 758 5280; x_wconf 91' lang='lat' dir='ltr'><strong>popuii</strong></span> <span class='ocrx_word' id='word_1_717' title='bbox 773 5206 906 5277; x_wconf 87' lang='lat' dir='ltr'><strong>precibus</strong></span> <span class='ocrx_word' id='word_1_718' title='bbox 919 5204 953 5260; x_wconf 90' lang='lat' dir='ltr'><strong>ti·</strong></span> <span class='ocrx_word' id='word_1_719' title='bbox 1005 5220 1094 5281; x_wconf 87' lang='lat' dir='ltr'><strong>usque</strong></span> <span class='ocrx_word' id='word_1_720' title='bbox 1114 5204 1152 5260; x_wconf 86' lang='lat' dir='ltr'><strong>od</strong></span> <span class='ocrx_word' id='word_1_721' title='bbox 1172 5209 1311 5276; x_wconf 86' lang='lat' dir='ltr'><strong>tauquam</strong></span> <span class='ocrx_word' id='word_1_722' title='bbox 1333 5203 1368 5259; x_wconf 94' lang='lat' dir='ltr'><strong>de</strong></span> <span class='ocrx_word' id='word_1_723' title='bbox 1390 5202 1482 5275; x_wconf 86' lang='lat' dir='ltr'><strong>capite</strong></span> <span class='ocrx_word' id='word_1_724' title='bbox 1508 5203 1704 5276; x_wconf 87' lang='lat' dir='ltr'><strong>apostotorum</strong></span> <span class='ocrx_word' id='word_1_725' title='bbox 1719 5201 1857 5273; x_wconf 89' lang='lat' dir='ltr'><strong>procede·</strong></span> 
     </span>
     <span class='ocr_line' id='line_1_58' title="bbox 104 5295 1130 5353; baseline -0.003 -1"><span class='ocrx_word' id='word_1_726' title='bbox 104 5295 247 5353; x_wconf 87' lang='lat' dir='ltr'><strong>beratum.</strong></span> <span class='ocrx_word' id='word_1_727' title='bbox 1008 5295 1088 5350; x_wconf 88' lang='lat' dir='ltr'><strong>baut.</strong></span> <span class='ocrx_word' id='word_1_728' title='bbox 1125 5313 1130 5323; x_wconf 91' lang='lat'><em>·</em></span> 
     </span>
    </p>

    <p class='ocr_par' dir='ltr' id='par_1_19' title="bbox 95 5379 1857 5551">
     <span class='ocr_line' id='line_1_59' title="bbox 95 5379 1857 5459; baseline -0.007 -13"><span class='ocrx_word' id='word_1_729' title='bbox 95 5418 98 5423; x_wconf 88' lang='lat'>·</span> <span class='ocrx_word' id='word_1_730' title='bbox 142 5387 246 5459; x_wconf 74' lang='lat' dir='ltr'><strong>(Ossa.)</strong></span> <span class='ocrx_word' id='word_1_731' title='bbox 269 5387 336 5442; x_wconf 86' lang='lat' dir='ltr'><strong>Post</strong></span> <span class='ocrx_word' id='word_1_732' title='bbox 362 5387 423 5443; x_wconf 78' lang='lat' dir='ltr'><strong>hese</strong></span> <span class='ocrx_word' id='word_1_733' title='bbox 447 5386 563 5442; x_wconf 78' lang='lat' dir='ltr'><strong>venitur</strong></span> <span class='ocrx_word' id='word_1_734' title='bbox 588 5385 619 5441; x_wconf 89' lang='lat' dir='ltr'><strong>in</strong></span> <span class='ocrx_word' id='word_1_735' title='bbox 644 5384 952 5449; x_wconf 84' lang='lat' dir='ltr'><strong>Helmoudebtethaim,</strong></span> <span class='ocrx_word' id='word_1_736' title='bbox 1042 5383 1160 5439; x_wconf 68' lang='lat' dir='ltr'><strong>Locum</strong></span> <span class='ocrx_word' id='word_1_737' title='bbox 1189 5386 1230 5436; x_wconf 85' lang='lat' dir='ltr'><strong>eet</strong></span> <span class='ocrx_word' id='word_1_738' title='bbox 1253 5397 1317 5450; x_wconf 80' lang='lat' dir='ltr'><strong>ergo</strong></span> <span class='ocrx_word' id='word_1_739' title='bbox 1342 5384 1473 5438; x_wconf 65' lang='lat' dir='ltr'><strong>Dorum</strong></span> <span class='ocrx_word' id='word_1_740' title='bbox 1497 5382 1536 5437; x_wconf 86' lang='lat' dir='ltr'><strong>od</strong></span> <span class='ocrx_word' id='word_1_741' title='bbox 1556 5382 1670 5451; x_wconf 74' lang='lat' dir='ltr'><strong>Moyses</strong></span> <span class='ocrx_word' id='word_1_742' title='bbox 1693 5380 1724 5437; x_wconf 94' lang='lat' dir='ltr'><strong>in</strong></span> <span class='ocrx_word' id='word_1_743' title='bbox 1743 5379 1857 5435; x_wconf 88' lang='lat' dir='ltr'><strong>deserto</strong></span> 
     </span>
     <span class='ocr_line' id='line_1_60' title="bbox 106 5469 1857 5551; baseline -0.005 -18"><span class='ocrx_word' id='word_1_744' title='bbox 106 5476 185 5551; x_wconf 88' lang='lat' dir='ltr'><strong>quod</strong></span> <span class='ocrx_word' id='word_1_745' title='bbox 209 5476 417 5550; x_wconf 84' lang='lat' dir='ltr'><strong>interpretatur</strong></span> <span class='ocrx_word' id='word_1_746' title='bbox 437 5479 620 5549; x_wconf 72' lang='lat' dir='ltr'><strong>contemptus</strong></span> <span class='ocrx_word' id='word_1_747' title='bbox 642 5475 763 5542; x_wconf 82' lang='lat' dir='ltr'><strong>ficuum,</strong></span> <span class='ocrx_word' id='word_1_748' title='bbox 787 5472 817 5528; x_wconf 94' lang='lat' dir='ltr'><strong>id</strong></span> <span class='ocrx_word' id='word_1_749' title='bbox 839 5476 883 5528; x_wconf 87' lang='lat' dir='ltr'><strong>est</strong></span> <span class='ocrx_word' id='word_1_750' title='bbox 903 5469 955 5527; x_wconf 89' lang='lat' dir='ltr'><strong>ubi</strong></span> <span class='ocrx_word' id='word_1_751' title='bbox 1006 5470 1110 5527; x_wconf 59' lang='lat' dir='ltr'><strong>Sinas&gt;</strong></span> <span class='ocrx_word' id='word_1_752' title='bbox 1125 5471 1177 5527; x_wconf 89' lang='lat' dir='ltr'><strong>ills</strong></span> <span class='ocrx_word' id='word_1_753' title='bbox 1207 5469 1315 5526; x_wconf 68' lang='lat' dir='ltr'><strong>mdioat</strong></span> <span class='ocrx_word' id='word_1_754' title='bbox 1335 5486 1400 5544; x_wconf 74' lang='lat' dir='ltr'><strong>qun</strong></span> <span class='ocrx_word' id='word_1_755' title='bbox 1423 5470 1557 5544; x_wconf 88' lang='lat' dir='ltr'><strong>superius</strong></span> <span class='ocrx_word' id='word_1_756' title='bbox 1579 5470 1705 5527; x_wconf 84' lang='lat' dir='ltr'><strong>breviter</strong></span> <span class='ocrx_word' id='word_1_757' title='bbox 1726 5484 1857 5542; x_wconf 81' lang='lat' dir='ltr'><strong>eompre-</strong></span> 
     </span>
    </p>
   </div>
   <div class='ocr_carea' id='block_1_5' title="bbox 0 0 1966 6100">
    <p class='ocr_par' dir='ltr' id='par_1_20' title="bbox 0 0 1966 6100">
     <span class='ocr_line' id='line_1_61' title="bbox 0 0 1966 6100; baseline 0 0"><span class='ocrx_word' id='word_1_758' title='bbox 0 0 1966 6100; x_wconf 95' lang='lat' dir='ltr'><strong> </strong></span> 
     </span>
    </p>
   </div>
  </div>
 </body>
</html>
