3892 6106
92 260 161 314 less
543 256 672 314 atussa
691 257 891 315 obsoletatus.
912 288 946 298 -
964 257 1136 315 cartutule
1155 256 1392 317 centemnunt.
1783 267 1852 322 tres

90 377 212 442 briatur,
240 375 290 448 qui
315 380 457 448 precepta
484 376 550 432 vitre
573 377 753 433 letabundus
776 377 866 444 audit,
892 377 979 434 sedA
997 377 1067 433 dans
1083 378 1118 433 de
1141 377 1248 434 celesti
1271 380 1419 436 intellectu
1433 381 1463 437 in
1477 397 1529 436 sua
1545 384 1734 440 exsultatione
1747 389 1847 444 turba·

92 466 128 522 ed
144 466 290 538 implenda
306 467 388 536 piger
401 472 540 521 remanet.
998 472 1055 535 tur,
1066 472 1094 521 et
1109 467 1191 522 timet
1205 484 1241 523 ne
1257 470 1367 539 perdat,
1384 470 1461 542 quod
1476 476 1573 527 tenere
1589 473 1688 528 nescit.

127 554 249 608 Versu.
273 556 380 622 -sm
402 554 515 609 dormio.
541 554 664 610 Ecclesia
691 554 844 626 gentilium
871 554 944 609 mul·
977 581 978 585 .
1033 555 1114 611 Vens.
1144 558 1219 611 5.-
1244 557 1372 613 Surrexit
1401 563 1432 613 ut
1453 563 1597 628 aperirem.
1615 562 1731 619 Sur-rexi
1755 564 1852 620 ador-

92 642 231 714 tipliciter
270 644 471 698 commendata
499 659 535 697 ne
572 659 671 698 secura
708 642 944 715 praedicationem
997 643 1119 697 mitione
1133 643 1168 698 ed
1183 644 1324 714 laborem;
1341 645 1409 716 quia
1425 661 1538 701 necesse
1567 653 1608 702 est
1623 655 1656 703 nt
1669 650 1719 720 qui
1744 651 1849 707 rarita-

94 730 277 798 dimittebat
302 731 356 786 soli
370 731 605 802 contemplationi
622 732 763 800 intendat,
783 731 945 802 injungitur
997 737 1057 786 tem
1077 732 1230 802 predicere
1255 733 1390 803 disponit,
1420 734 1498 805 prius
1524 734 1561 789 ad
1589 736 1698 808 agenda
1724 754 1758 793 ea
1783 755 1849 811 qtae

94 818 120 874 ei
145 819 180 874 de
206 821 330 874 aliorum
365 820 592 874 contirmatione.
629 821 662 874 lit
682 819 727 873 bic
752 820 814 890 egit
838 819 873 874 de
896 818 945 874 illa
998 819 1289 892 predicaeessurgat,
1316 837 1351 875 ne
1377 822 1613 893 eliispredieaus
1633 826 1848 897 ipsereprobus

94 908 272 963 successione
299 909 439 975 Ecclesie,
470 924 534 981 que
563 908 865 978 cstinhocpresenti
890 924 946 963 se·
999 907 1154 974 elliciatur;
1180 909 1226 962 cui
1256 909 1407 980 subjuncta
1434 911 1520 964 verba
1547 913 1728 979 conveniunt,
1754 915 1851 969 liunus

94 996 552 1067 cnlo,ebilloscilicettempore,
570 995 792 1068 quoplenitudo
816 996 945 1067 gentium
998 1011 1063 1051 mee
1099 996 1311 1064 distillaverunt,
1334 1003 1386 1052 etc.
1425 999 1463 1053 Et
1491 1000 1577 1067 digiti
1602 1002 1655 1054 mci
1678 1002 1754 1071 pleni
1788 1008 1852 1058 sunt

94 1086 252 1140 intraverat
280 1101 370 1157 usque
398 1084 434 1140 ed
460 1085 547 1139 tinam
578 1084 688 1153 mundi,
716 1085 830 1157 quando
853 1083 945 1141 iudei
999 1085 1121 1153 myrrha.
1144 1085 1240 1156 Digiti,
1264 1085 1294 1140 id
1317 1090 1359 1140 est
1377 1085 1849 1150 discretio,utsolocontuitnsu·

94 1175 257 1241 intrabunt;
282 1180 312 1228 et
334 1175 454 1228 hicnon
482 1173 594 1228 videtur
623 1173 946 1228 miltiadomuimodus
999 1189 1097 1244 perne
1127 1174 1333 1238 retributionis,
1373 1189 1430 1228 nun
1461 1175 1656 1245 probumauo
1697 1177 1849 1233 commodo

95 1263 237 1324 infideles,
264 1263 312 1318 sed
337 1263 431 1333 petius
458 1264 492 1317 ad
523 1279 570 1317 eos
590 1263 791 1330 exhortandos,
818 1262 947 1332 quisunt
999 1263 1326 1334 ostendanturepcreri.
1356 1262 1435 1318 Sicut
1462 1263 1582 1318 enimin
1603 1267 1851 1321 manusuntdis·

95 1351 184 1422 tepidi
209 1351 240 1405 in
255 1351 388 1417 Ecclesia,
402 1355 431 1406 et
445 1350 520 1421 :dicit
546 1350 644 1422 itaque
658 1350 722 1421 ipse
736 1350 872 1405 Ecclesia:
888 1352 946 1418 ligo
999 1350 1069 1404 creti
1093 1350 1194 1423 digiti:
1222 1349 1261 1404 sic
1285 1349 1315 1403 in
1339 1350 1475 1420 operibns
1502 1355 1614 1421 oportet
1643 1351 1844 1409 discretionem

97 1438 215 1494 dormio.
228 1440 314 1509 Aperi
328 1440 407 1506 milti,
427 1454 503 1494 seror
527 1455 596 1506 meu,
611 1444 666 1494 etc.
683 1439 773 1510 Surge
796 1439 832 1493 ab
844 1438 904 1493 otio
918 1442 947 1493 et
999 1437 1139 1501 adhiberi,
1155 1437 1283 1510 alioquin
1298 1454 1356 1493 non
1370 1438 1475 1494 valent.

97 1528 195 1598 quiete
225 1528 486 1597 contemplationis,
516 1534 545 1583 at
570 1527 649 1598 aperi
669 1527 766 1593 corde,
782 1531 814 1580 ut
828 1528 946 1583 remotis
1038 1527 1155 1581 Vaesb.
1177 1557 1212 1567 -
1236 1525 1376 1581 Peccatum
1399 1526 1473 1581 ostii.
1490 1527 1609 1583 Causam
1627 1528 1787 1599 peccati,id
1806 1537 1851 1587 est

95 1615 231 1670 vitiorum
258 1616 410 1669 obstaculis
438 1618 529 1670 lucem
556 1615 683 1670 recitatis
716 1616 865 1687 perspicua
895 1616 944 1670 ed·
962 1655 982 1709 B
1000 1614 1286 1691 incredulitatem,ct
1313 1614 1472 1684 quamlibet
1502 1614 1851 1688 eliam:,quiautpessu·

99 1709 223 1758 mittant.
253 1704 290 1757 De
328 1704 468 1774 sangiune
501 1720 574 1771 meo,
613 1719 691 1759 soror
725 1719 805 1770 meu:
833 1719 948 1759 accessu
1004 1703 1075 1769 lum,
1104 1703 1229 1767 ostium:
1250 1696 1300 1757 'sic
1326 1718 1411 1756 causa
1439 1702 1548 1757 detinet
1561 1710 1720 1774 peccatum,
1735 1722 1793 1778 qua
1807 1724 1852 1763 re·

99 1795 317 1862 mcu,prom'mu
338 1808 414 1860 meu:
443 1793 478 1847 de
505 1792 608 1864 spiritu
638 1808 702 1846 meo
728 1792 851 1847 columba
870 1807 946 1859 meu;
1004 1790 1852 1863 motaremovetur,etsublatopeccetupatetriaChristo.

98 1879 134 1934 de
162 1896 295 1935 sermone
324 1896 387 1935 meo
415 1897 502 1952 quam
529 1880 644 1951 plenius
667 1895 701 1935 ex
730 1881 788 1934 otio
813 1880 947 1947 didicisti,
1005 1881 1131 1947 Dixerat,
1159 1879 1228 1951 quia
1252 1879 1372 1933 dilectus
1397 1879 1586 1933 manumissa
1611 1881 1851 1952 perforamense

96 1971 219 2037 perlecto
234 1984 302 2022 meu.
319 1959 560 2038 reprimente
576 1973 616 2022 est
632 1966 702 2023 fides
727 1983 800 2033 mea,
817 1973 846 2023 et
867 1984 949 2023 emor
966 1993 968 1999 ¹
1002 1968 1128 2039 tetigerit
1156 1984 1188 2023 ac
1202 1974 1326 2023 tremore
1348 1969 1541 2023 concusserit:
1556 1969 1637 2040 cujus
1662 1976 1738 2027 tactu
1766 1973 1851 2028 relac-

98 2057 155 2111 mei
178 2057 206 2111 iu
219 2056 352 2111 cordibus
365 2072 466 2111 eorum
489 2057 635 2111 excaecatis
655 2073 752 2111 amore
768 2062 948 2112 terrenorum
1003 2063 1117 2111 menter
1127 2056 1315 2122 inllerumate,
1329 2057 1477 2127 eupicjam
1489 2072 1545 2111 nou
1560 2073 1617 2129 per
1628 2059 1793 2129 augustiam
1808 2061 1850 2116 lo-

98 2144 218 2211 relrixit,
243 2151 271 2199 et
291 2146 373 2217 qnasi
398 2162 516 2216 prorsus
539 2145 651 2201 deiecit.
682 2146 808 2202 cincinni
834 2148 896 2201 met.
917 2146 947 2201 ld
1003 2145 1123 2200 reminis
1149 2147 1211 2215 ejus
1244 2159 1330 2199 manu
1347 2145 1487 2215 contingi,
1517 2146 1565 2200 sed
1595 2148 1738 2217 patefacta
1761 2150 1854 2204 cordis
1913 2157 1917 2165 ’

100 2241 234 2290 estemur
253 2236 461 2305 proximorum,
478 2234 529 2306 qui
559 2239 627 2288 sunt
653 2234 709 2289 mei
738 2233 834 2306 capilli
862 2235 949 2305 capiti
1001 2234 1091 2305 janua
1117 2233 1355 2303 felicissimoejus
1379 2235 1514 2304 amplexu
1541 2234 1660 2304 perleui,
1678 2235 1707 2290 id
1731 2242 1854 2292 estana-

102 2322 369 2378 edharenteszsunt
380 2324 456 2394 pleni
469 2327 555 2390 guttis
570 2322 699 2390 noctium,
716 2323 743 2378 id
760 2328 811 2391 est,
834 2324 949 2395 patiun·
1003 2322 1090 2376 ritate
1116 2322 1220 2377 divine
1246 2321 1445 2377 illustrationis
1469 2336 1555 2392 quam
1577 2323 1682 2393 raptim
1711 2332 1851 2392 senserat,

101 2415 150 2465 tur
164 2410 347 2483 greeelrigus
361 2411 798 2481 persecutionistenebrosorum,
809 2410 836 2466 id
853 2416 895 2465 est
907 2427 951 2465 eu·
1004 2411 1118 2482 plenius
1132 2410 1239 2477 satiari,
1266 2410 1314 2465 scd
1339 2410 1407 2482 quie
1425 2411 1498 2465 nielli
1513 2411 1670 2466 electurum
1685 2413 1715 2466 in
1728 2412 1781 2467 hec
1795 2413 1855 2468 vite

103 2498 950 2571 rumquietergamesuntinlideles,etproximosperse·
1004 2499 1170 2554 conceditur
1186 2499 1312 2571 perlecta
1334 2497 1405 2553 risio
1436 2504 1619 2564 eternorum,
1649 2516 1713 2571 que
1740 2500 1770 2556 in
1797 2502 1854 2556 elia

101 2593 230 2660 quantur
242 2607 250 2655 3
261 2592 289 2642 et
313 2604 398 2642 ceu-a
423 2589 527 2643 horum
543 2587 777 2655 corrigendorum
794 2594 906 2660 oportet
921 2594 950 2645 te
1005 2587 1061 2641 vite
1078 2593 1248 2654 reservatur,
1274 2586 1407 2640 subditur
1419 2592 1514 2641 recte:
1545 2590 1584 2641 At
1600 2587 1850 2645 illedcclinuoerut.

100 2676 281 2730 dulcedinem
292 2675 741 2747 contemplationis(interpolare)
754 2677 947 2748 interponere.
1005 2677 1107 2731 Anima
1122 2691 1190 2744 meu,
1206 2680 1260 2730 etc.
1276 2675 1344 2729 Ecce
1355 2675 1416 2746 jam
1440 2675 1542 2729 tertius
1559 2675 1685 2745 gradus:
1708 2677 1854 2747 primitiva

135 2765 218 2821 vaes.
239 2766 268 2820 3.
286 2793 321 2803 -
335 2765 497 2834 Euspoliuoi
509 2781 559 2819 me.
575 2766 697 2819 Ecclesia
709 2781 766 2819 uon
778 2765 950 2821 inobediens
1004 2763 1059 2818 luit
1081 2779 1115 2818 ex
1139 2762 1243 2819 iudeis
1269 2778 1424 2830 converse;
1447 2761 1503 2834 'per
1528 2778 1625 2834 quem,
1650 2766 1679 2817 et
1701 2771 1852 2836 postquem

97 2853 133 2908 de
158 2853 287 2923 injuncto
313 2852 419 2920 cilicio,
447 2853 496 2908 sed
517 2858 647 2908 metuens
659 2853 688 2907 iu
704 2853 877 2909 assumenda
890 2853 948 2909 lra·
1003 2852 1065 2907 bec
1078 2851 1202 2922 gentilis,
1230 2851 1264 2905 de
1291 2866 1348 2922 qua
1369 2851 1506 2905 hactenus
1517 2855 1611 2906 ectum
1624 2859 1685 2919 est3
1698 2868 1762 2924 que
1778 2853 1852 2909 Gen·

97 2947 173 2997 trum
188 2958 266 3007 cura,
292 2957 327 2996 ne
353 2947 469 2996 corruet
488 2942 518 2996 in
538 2948 663 3013 paccata,
678 2942 739 2996 sine
767 2942 873 3014 quibus
887 2958 944 2997 uun
963 2937 984 2990 t'·
1002 2941 1061 2996 tilis
1073 2946 1106 2995 ut
1114 2941 1249 3005 diximus,
1275 2940 1328 2994 hac
1340 2940 1454 2994 tertiam
1478 2939 1613 3009 instituit,
1637 2940 1672 2995 de
1689 2957 1746 3013 qua
1766 2943 1852 2998 modo

97 3030 268 3102 transigitur
302 3028 364 3083 hec
403 3029 470 3097 rita,
498 3030 668 3101 respondet:
696 3031 858 3100 Ecspctiuei
896 3045 946 3086 me.
1002 3027 1180 3100 exsequitur:
1212 3044 1277 3099 que
1294 3028 1434 3099 usquead
1465 3027 1647 3082 novissimam
1669 3029 1852 3086 intrationem

97 3119 250 3185 Quomodo
272 3118 335 3173 lieri
354 3124 493 3190 potestat
509 3118 682 3173 decnlmine
697 3118 948 3190 contemplationis
1002 3118 1192 3189 reliquiarum
1216 3116 1301 3171 lsrael
1331 3115 1446 3172 durabit
1472 3131 1602 3170 successu
1624 3116 1809 3186 prelatorum
1825 3123 1854 3172 et

98 3207 260 3279 egrediens,
283 3206 640 3262 rursusmundisurdibus
668 3207 791 3277 polluar,
817 3208 948 3279 quiere·
1002 3205 1193 3261 subditurum.
1222 3204 1322 3260 Transi
1361 3203 1490 3276 quidem,
1521 3205 1570 3259 sed
1603 3209 1699 3260 temen
1741 3205 1852 3261 locutus

98 3295 949 3368 ceptasollicitudinetemporaliumsubsidiorum,quamli·
1003 3299 1045 3348 est
1074 3294 1145 3349 mibi
1187 3294 1322 3349 mandate
1354 3310 1405 3347 sua
1442 3293 1617 3364 relinquens,
1644 3297 1676 3347 ut
1709 3294 1854 3364 patienter

99 3383 595 3450 heteximiusdoctur,dillicilevitat
610 3388 769 3456 peecatum.
781 3382 949 3455 (Gereloui
1003 3399 1070 3438 eum
1094 3388 1309 3454 exspectarem:
1325 3387 1353 3436 et
1373 3387 1525 3453 postquam
1539 3381 1649 3436 loeutus
1677 3386 1729 3451 est,
1749 3383 1853 3439 Anima

99 3472 136 3527 ed
151 3471 372 3526 sollicitudinem
388 3471 579 3543 regendarum
596 3471 756 3527 animarum
774 3488 803 3526 se
815 3473 948 3545 accingit,
1002 3488 1061 3527 meu
1080 3472 1231 3543 liquefacto
1257 3476 1305 3526 est.
1337 3471 1455 3538 Quasici
1478 3476 1503 3525 ct
1517 3486 1571 3526 non
1583 3471 1676 3525 inueni
1694 3471 1789 3527 dmm:
1806 3487 1853 3528 uo·

100 3559 668 3632 restetntquibuseternepredicat,ad
685 3561 949 3635 providendaquo·
996 3565 1071 3630 caui,
1100 3567 1154 3616 etc.
1187 3563 1243 3615 Vox
1259 3561 1387 3632 ejusdem
1414 3560 1554 3629 Ecclesiae,
1584 3575 1648 3631 que
1667 3561 1852 3632 aperuit,se·

99 3664 156 3721 que
169 3649 207 3703 sis
229 3647 433 3720 temporalium
449 3649 648 3704 necessitatum
667 3648 794 3704 subsidia
808 3647 948 3720 invigilet.
1002 3649 1127 3705 cundum
1141 3650 1205 3704 illos
1227 3665 1302 3720 quos
1331 3649 1444 3719 aperuit
1459 3665 1466 3716 ;
1479 3664 1544 3720 que
1568 3648 1647 3719 prius
1670 3652 1733 3704 erat
1753 3656 1854 3706 venter

136 3738 214 3792 vaes.
231 3737 257 3793 4.
277 3767 312 3777 -
329 3739 542 3793 Dilectusmeus.
572 3737 694 3792 Ecclesia
709 3737 829 3792 timente
840 3753 948 3804 cesum,
1002 3737 1262 3808 retruxipsorum.
1327 3787 1333 3798 ,

99 3827 167 3899 quia
194 3827 474 3882 Dominueamorcm
496 3841 565 3898 erge
588 3842 617 3880 se
645 3825 832 3893 nostrum,in
849 3825 949 3896 proxi·
1039 3827 1118 3880 Vaes.
1144 3829 1173 3880 7.
1201 3855 1238 3864 -
1271 3825 1401 3879 merrom
1425 3824 1555 3893 pultium.
1590 3823 1699 3894 (Grec.)
1728 3825 1852 3882 Pettium

99 3931 212 3970 murum
227 3914 350 3969 maximo
371 3929 470 3968 amora
486 3916 545 3968 rrrlt
558 3913 702 3985 cognosci,
714 3918 779 3984 apte
794 3913 946 3968 subditur:
1002 3913 1106 3968 tollunt
1130 3911 1337 3983 predicatores,
1353 3911 1479 3983 quando,
1503 3911 1603 3982 siquid
1616 3927 1729 3983 pompe
1739 3915 1854 3968 secula·

96 4005 215 4059 dilectus
242 4019 326 4068 meus,
355 4003 455 4075 quasi:
495 4001 668 4057 pertimesco
706 4001 823 4074 quidem
852 4001 948 4056 seculi
1002 3999 1203 4056 risresiduum
1231 4005 1301 4066 eret,
1318 3999 1353 4054 ab
1381 3999 1479 4053 anima
1504 3998 1758 4065 auferunt,rel,si
1775 4000 1852 4072 qrrod

96 4093 359 4158 conversationam;
377 4091 426 4146 sed
445 4091 586 4163 intelligo,
611 4092 688 4164 quod
713 4091 836 4146 ebaritas
855 4090 948 4161 operit
1002 4093 1150 4162 peccalum
1164 4104 1215 4160 per
1231 4087 1425 4160 ignorantiam
1440 4087 1544 4155 inerat,
1559 4089 1707 4158 detegunt.

96 4181 314 4236 multitudinem
339 4180 705 4253 peccatorum3elconildu
726 4180 757 4235 in
777 4180 871 4235 dilecti
891 4179 982 4271 mein
1037 4178 1119 4233 Vuae.
1147 4180 1174 4232 8.
1197 4206 1231 4216 -
1260 4176 1372 4245 Aujorc
1395 4176 1531 4246 neemiae
1549 4177 1709 4245 leuantem,
1731 4179 1758 4232 et
1776 4179 1851 4233 inoc-

97 4270 247 4336 anxilie,e
270 4285 327 4341 quo
349 4269 411 4340 jem
432 4274 500 4323 sunt
526 4276 699 4341 compuncta
723 4269 808 4324 corde
833 4284 944 4323 eorum.
999 4269 1105 4335 neritis,
1122 4271 1175 4320 etc.
1191 4264 1415 4320 adolescentule
1433 4265 1495 4336 jem
1520 4265 1556 4321 ad
1573 4265 1699 4337 aliquem
1713 4265 1851 4336 cognitio·

98 4356 214 4411 Manum
231 4371 318 4411 suum.
349 4355 520 4427 operantem
549 4355 811 4426 compunctionem,
838 4354 895 4424 vel,
912 4357 947 4410 ad
1002 4359 1235 4426 namprometae,
1265 4354 1299 4408 ed
1327 4353 1449 4409 famulos
1474 4353 1534 4423 Dei,
1557 4370 1630 4426 quos
1649 4354 1852 4425 angelicemin

98 4445 267 4500 memoriam
279 4448 406 4499 nostram
421 4443 535 4498 reduxit
549 4443 756 4515 operationem,
774 4459 862 4515 quem
879 4460 947 4515 ope-
1001 4443 1085 4498 terris
1114 4442 1202 4497 ritem
1226 4457 1311 4515 egere
1340 4443 1470 4511 credunt,
1495 4443 1597 4497 devote
1620 4442 1739 4498 veniunt
1760 4447 1851 4497 etecs

98 4534 273 4590 ratusestin
296 4533 390 4598 nobis,
416 4532 483 4605 qnia
498 4533 606 4587 nullius
620 4531 766 4604 egens,de
780 4531 948 4603 siuupatris
1001 4535 1130 4598 exorent,
1164 4536 1196 4586 ut
1218 4531 1249 4586 in
1274 4537 1404 4603 tempore
1427 4547 1487 4587 sue
1511 4531 1648 4586 orationis
1674 4531 1796 4587 Domino
1822 4548 1851 4587 se

98 4622 259 4694 egrediens,
287 4622 317 4675 in
353 4625 431 4675 terre
456 4636 508 4691 pru
545 4619 629 4674 nobis
657 4619 819 4674 conversari
845 4619 945 4673 voluit.
1000 4619 1211 4675 commendent.
1242 4621 1296 4674 Vos
1323 4620 1561 4675 tilieterusalem
1577 4636 1769 4692 supernorum
1784 4621 1846 4693 spi-

98 4711 301 4765 ldunumsuum
324 4707 423 4776 mittit,
448 4724 513 4763 cum
529 4708 632 4763 virtute
656 4724 708 4762 sua
741 4707 871 4762 animum
896 4722 949 4779 per
1000 4707 1120 4776 rituum,
1152 4708 1201 4781 qui
1219 4708 1280 4780 jam
1308 4725 1374 4763 cum
1401 4709 1459 4764 Deo
1482 4715 1615 4781 regnant.
1642 4710 1850 4781 Vel,pertllias

98 4797 231 4852 subtilem
261 4797 438 4851 intellectum
460 4796 566 4868 parisat.
589 4799 623 4852 Et
642 4801 743 4851 uerter.
772 4797 868 4851 Potest
895 4810 947 4866 per
999 4797 1156 4853 Jerusalem
1180 4814 1332 4869 possumus
1359 4797 1488 4869 accipere
1522 4798 1609 4853 etiem
1630 4797 1791 4866 interiores,
1817 4799 1850 4854 in

96 4890 224 4940 ventrem
246 4885 369 4957 intelligi
398 4885 533 4940 mollities
556 4890 584 4939 rt
611 4884 750 4955 fragilitas
765 4884 881 4939 illorum
896 4883 946 4956 qui
1001 4886 1132 4956 Ecclesia,
1143 4903 1215 4959 quos
1234 4886 1319 4941 etiam
1336 4886 1492 4942 admouent
1516 4887 1688 4959 superiores,
1705 4892 1737 4942 ut
1751 4902 1848 4942 secum

95 4975 305 5047 praedicationis
337 4974 464 5029 cilicium
490 4972 660 5045 suscipiunt,
692 4972 760 5044 quia
791 4988 820 5026 se
849 4971 945 5026 minus
999 4974 1656 5050 querantzqniaquodepluribusqueriter,
1674 4976 1848 5048 quaudoque

95 5063 212 5118 idoneos
239 5068 457 5135 recognoscunt,
491 5068 519 5117 et
553 5063 665 5118 timent.
702 5062 807 5116 Venter.
842 5060 874 5115 ld
903 5065 946 5116 est
998 5063 1081 5119 citius
1096 5064 1247 5135 reperitur,
1272 5068 1311 5135 et,
1342 5069 1373 5119 ut
1407 5065 1514 5137 ubique
1537 5064 1660 5120 charites
1685 5064 1848 5120 dilectionis

95 5153 195 5207 molles
210 5157 237 5207 et
252 5152 329 5207 tluxa
355 5167 422 5223 pars
444 5151 520 5206 inter
547 5165 613 5216 uos:
635 5147 690 5218 rel,
704 5148 812 5204 ventris
827 5149 944 5204 numine
999 5153 1177 5208 ostendatur.

95 5257 144 5295 eur
168 5241 345 5313 designatur,
361 5239 411 5312 qui
431 5238 574 5295 sicutcibi
591 5238 748 5299 inventre:
772 5237 813 5293 ita
837 5237 943 5309 cogite·
1034 5242 1115 5297 Vres.
1140 5243 1167 5295 s.
1191 5269 1226 5279 -
1250 5240 1344 5307 Qualis
1375 5245 1415 5296 est
1440 5241 1564 5297 dilectus.
1588 5241 1653 5296 llec
1680 5257 1846 5312 sponsare·

94 5329 188 5384 boues
207 5330 237 5384 in
261 5328 347 5384 corde
375 5332 582 5398 excoquuntur.
613 5327 670 5380 tior
693 5325 898 5394 contremiscit,
919 5327 943 5382 si
997 5329 1211 5386 colensiutima
1233 5329 1425 5397 conscientie,
1455 5330 1625 5400 expavescit,
1641 5336 1670 5385 et
1698 5330 1846 5402 pigritiam

94 5416 187 5472 iaccre
210 5421 322 5472 recusat
339 5432 391 5488 pro
416 5415 563 5488 proximis,
593 5415 670 5488 quod
696 5416 771 5470 Deus
798 5412 865 5471 lecit
890 5430 943 5487 pru
997 5433 1078 5472 suem
1094 5433 1227 5471 accusans
1247 5432 1280 5471 ex
1293 5416 1456 5473 humilitate
1470 5417 1504 5473 ad
1518 5417 1646 5473 laborem
1666 5417 1795 5490 festinat,
1807 5419 1849 5475 di·

94 5505 229 5561 inimicis.
255 5505 290 5561 Et
307 5509 407 5560 sente
421 5504 600 5571 intremiscit,
615 5504 683 5576 quia
699 5503 852 5561 iufirmitas
870 5520 942 5576 gau·
996 5520 1081 5560 cens:
1097 5504 1230 5574 Obsecro,
1245 5504 1312 5577 quia
1336 5520 1376 5561 erc
1393 5504 1531 5575 adjurasti
1545 5522 1598 5562 nus
1610 5505 1721 5563 lemare
1739 5507 1845 5565 divine
