3892 6106
52 264 96 317 ttt
636 258 762 316 GLOSSd
782 259 982 316 otttttrttttta
1003 290 1037 300 -
1057 259 1122 317 ttss.
1142 260 1221 319 GEN.
1753 267 1806 322 tta

47 381 182 446 Quiahis
199 398 264 454 quse
281 380 454 437 denomino
482 381 652 452 loquuntur,
680 379 710 435 in
736 379 898 451 semetipsis
917 380 1027 437 Atiosa
1054 383 1164 437 mansio
1178 387 1231 450 est,
1263 382 1292 437 in
1310 383 1394 438 corde
1417 383 1557 440 auditoris
1573 384 1694 442 latitudo
1715 388 1806 444 cbari-

50 472 192 525 rirtutum
216 469 332 525 divitias
357 470 521 540 ostendunt,
536 475 569 525 ut
591 472 672 524 tanto
687 468 771 524 citius
798 468 835 524 ad
859 485 902 524 sa·
958 472 1039 537 tatis;
1058 471 1136 524 uude
1160 470 1292 526 secundae
1317 469 1444 527 Corinth.
1468 476 1567 527 sexto:
1599 493 1611 521 ι
1640 473 1702 528 Non
1719 489 1807 546 angu-

48 557 203 629 quendum
219 559 309 613 iteum
324 557 455 623 invitent,
471 562 579 629 quanto
594 557 652 612 suis
666 556 845 612 auditoribus
872 556 903 612 in
957 558 1085 612 stiamini
1097 559 1128 613 in
1145 558 1237 622 nobis,
1257 558 1304 614 sed
1330 558 1362 614 in
1376 559 1530 615 visceribus
1545 559 1665 628 restris,
1683 578 1696 614 a
1724 564 1806 634 quasi

49 647 153 719 seipsis
168 651 333 702 monstrant
346 662 411 719 quae
426 650 551 701 narrant.
958 647 1145 719 sucipiendae
1157 647 1295 703 doctrinae
1309 647 1402 703 luctam
1428 648 1533 704 mentis
1558 648 1684 717 dilatata,
1708 651 1743 706 ad
1759 666 1806 707 co-

85 736 174 791 Vens.
197 738 290 791 tt·t3.
307 754 372 786 -a
400 733 483 789 iuxta
510 736 641 805 puteum.
657 751 671 785 s
690 733 799 803 (Gneo.)
821 733 904 788 Juxta
957 734 1073 807 gitanda
1087 735 1371 792 corneliacoarctate.

51 826 163 878 tantem
182 823 270 890 stetit,
286 828 316 878 et
332 839 364 878 ex
383 821 663 893 praelixasententia,
687 837 752 894 quoe
768 819 904 876 esseteli·
993 825 1072 879 l'sns.
1101 826 1196 881 29-32.
1216 854 1251 864 -
1276 845 1296 875 a.
1315 823 1453 893 ilabebat,
1470 848 1483 876 a
1500 832 1553 882 etc.
1581 825 1654 893 Ouia
1681 828 1807 883 carnales

48 912 148 982 gunda
185 911 347 984 proposuit,
385 911 452 982 quia
475 909 565 965 sancti
592 907 793 982 predicatores
818 906 906 962 rerba
958 910 1091 968 fidelibus
1103 912 1258 984 cunjuncti,
1276 912 1345 968 dum
1355 913 1515 986 spiritualia
1530 915 1605 971 dona
1617 915 1807 989 conspiciunt,

50 999 174 1055 liuentia
189 1000 382 1054 considerant.
406 998 483 1054 Unde
495 997 728 1070 colliguntquem
742 997 786 1052 rel
799 995 904 1069 quibus
958 997 1148 1053 admiratione
1163 999 1305 1070 suspensi,
1321 999 1345 1054 si
1364 1016 1423 1055 non
1438 1017 1529 1073 usque
1545 1003 1581 1058 ad
1595 1019 1692 1076 opera,
1711 1010 1808 1060 tamen

50 1087 238 1143 auditoribus
253 1087 387 1143 fiduciam
403 1086 581 1142 certitudinis
595 1088 752 1141 assumant.
959 1085 1098 1158 usquead
1113 1086 1199 1142 tidem
1215 1087 1425 1159 suscipiendam
1442 1090 1674 1162 predicationem
1703 1093 1807 1149 admit·
1867 1118 1871 1125 ·

88 1176 175 1230 Vsus.
195 1175 288 1229 tt-tu.
303 1193 374 1225 -a
406 1173 497 1245 igitur
520 1172 626 1244 puella,
653 1177 738 1227 acte.
762 1170 857 1243 (itum,
871 1170 901 1238 0.
958 1177 1023 1229 tunt
1043 1191 1051 1230 :
1075 1175 1144 1230 dum
1159 1176 1238 1231 enim
1258 1175 1349 1232 bonos
1375 1178 1521 1233 miraculis
1544 1179 1654 1251 lutgere
1677 1180 1808 1236 conside-

52 1268 80 1316 r'n
107 1263 186 1330 Gen.)
198 1260 391 1326 (inurendum
406 1264 449 1315 est
468 1259 539 1332 qnid
551 1258 684 1314 differant
697 1257 803 1314 illicitae
817 1272 905 1330 augu-
959 1267 1031 1325 rant,
1049 1279 1114 1335 qua
1127 1264 1161 1319 de
1171 1265 1332 1320 eternitate
1344 1265 1466 1320 audiunt
1480 1282 1538 1321 non
1550 1274 1694 1335 recusant,
1709 1285 1810 1342 quem-

53 1349 369 1422 ratiouesapetitione
392 1349 445 1405 lrao
464 1353 528 1412 etc..
548 1362 633 1418 moue
653 1345 691 1403 ud
718 1361 775 1419 quo
794 1349 905 1401 tentare
959 1350 1002 1403 cis
1024 1352 1174 1406 Ecclesiam
1207 1350 1337 1409 moribus
1367 1369 1424 1408 non
1450 1361 1612 1426 sequentes,
1640 1356 1669 1411 in
1703 1357 1810 1411 carnali

54 1442 147 1495 iteum
163 1438 347 1510 prohibetur.
959 1439 1127 1509 operatione
1140 1446 1317 1497 remaneant.

89 1550 104 1578 a
124 1527 236 1583 inclina
250 1527 381 1599 hydriam
396 1530 484 1581 ittam.
503 1544 518 1576 a
534 1523 660 1580 Humilia
674 1524 839 1578 aaectllttl'em
863 1523 905 1578 fa·
997 1547 1011 1576 «
1038 1527 1165 1584 Habebat
1178 1532 1314 1584 autem.»
1336 1529 1409 1596 Quia
1436 1535 1503 1585 sunt
1526 1531 1654 1586 carnales
1677 1531 1810 1589 fidelibus

52 1617 191 1672 cundiam
213 1615 248 1671 ad
263 1615 453 1671 hauriendum
468 1614 667 1687 propheticum
678 1628 851 1682 sermonem,
872 1620 904 1668 ut
960 1615 1117 1686 conjuncti,
1135 1631 1257 1688 quorum
1274 1617 1465 1673 familiaritate
1477 1618 1632 1691 aliquando
1645 1619 1681 1675 sd
1695 1620 1812 1676 audien-

56 1706 237 1761 cotnntatem
252 1709 331 1760 tuam
345 1701 523 1775 persuasioni
544 1716 615 1756 meas
624 1698 771 1763 inclinem.
960 1704 1029 1759 dum
1055 1705 1172 1760 verbum
1189 1705 1342 1777 prodeunt,
1359 1707 1527 1763 stridentes
1543 1708 1619 1763 dona
1639 1709 1690 1764 llei
1708 1710 1811 1765 collate

92 1795 180 1849 Vsus.
208 1796 297 1848 liat.
329 1820 364 1834 -
385 1791 570 1862 occurritque
595 1789 621 1844 ei
649 1805 758 1858 servus,
786 1792 814 1843 et
842 1787 903 1843 ait:
960 1793 1092 1851 fidelibus
1109 1795 1812 1873 mirantur,etrerbomcordapercipiunt,quud

56 1907 68 1929 «ι
87 1881 265 1946 Pauxillum,
285 1902 299 1930 o
312 1885 365 1936 etc.
382 1879 496 1950 (Caro.)
512 1878 670 1947 Atlcporice.
690 1877 790 1934 Omnis
804 1875 907 1947 predi·
960 1882 1043 1937 bonis
1059 1883 1187 1938 moribus
1206 1884 1394 1955 implerenon
1410 1889 1554 1957 satagunt.

55 1976 136 2024 rator
163 1970 293 2024 animam
322 1966 461 2022 auditoris
485 1966 555 2034 sitit,
594 1967 659 2021 ideo
699 1981 797 2020 servus
825 1965 906 2037 petit,
997 1971 1076 2026 viras.
1108 1974 1203 2027 :ta-36,
1225 2001 1259 2011 -
1289 1973 1352 2027 Non
1367 1974 1524 2029 comedam.
1543 1995 1557 2022 o
1579 1973 1651 2039 Quia
1677 1980 1744 2032 sunt
1763 1976 1812 2048 qui

58 2058 189 2114 Rebecca
200 2062 302 2128 potum
319 2055 436 2111 tribuit:
459 2054 526 2126 quia
539 2053 691 2110 electorem
721 2053 844 2109 Ecclesia
858 2053 906 2108 de·
961 2057 1093 2115 doctores
1113 2076 1145 2114 ex
1173 2061 1379 2132 temporalibus
1405 2062 1555 2134 stipendiis
1575 2064 1700 2120 retinere
1721 2066 1813 2138 parati

61 2146 166 2203 §derio
182 2145 405 2219 proedieatorum
421 2160 453 2198 ex
473 2143 577 2198 virtute
592 2160 649 2197 suoe
665 2142 732 2198 lidei
759 2141 905 2197 satisfacit.
961 2151 1028 2202 sunt
1043 2164 1050 2202 :
1063 2148 1110 2203 sed
1126 2147 1168 2203 illi
1188 2148 1242 2204 nisi
1258 2149 1338 2220 prius
1365 2149 1515 2206 obtineant
1541 2155 1660 2218 aterne,
1687 2152 1813 2225 recipere

58 2237 124 2301 Quae
141 2236 223 2291 enim
240 2235 341 2302 Deum,
351 2248 436 2305 quem
449 2232 537 2296 audit,
550 2232 712 2298 confltetur,
724 2228 907 2303 predicatori
960 2236 1072 2292 nolunt.
1086 2237 1114 2292 si
1130 2237 1208 2293 enim
1224 2238 1253 2292 iu
1269 2238 1421 2293 animabus
1436 2239 1560 2294 lructum
1576 2255 1635 2294 non
1650 2241 1811 2310 inueniunt,

55 2340 160 2396 equam
182 2323 349 2379 relectionis
376 2326 405 2375 et
427 2320 569 2392 refrigerii
590 2320 683 2375 offert.
700 2321 732 2374 at
751 2317 907 2374 notandum
961 2339 1074 2379 sumere
1088 2325 1232 2398 stipendia
1246 2327 1417 2399 corporibus
1428 2333 1618 2383 contemnunt
1630 2349 1638 2397 ;
1652 2330 1740 2400 pedes
1753 2346 1812 2386 non

55 2421 131 2490 qrrod
148 2418 286 2490 hydriam
303 2417 340 2474 eb
355 2418 476 2474 humero
490 2416 629 2472 inclinans
649 2416 753 2489 posuit,
767 2415 835 2486 quia
859 2414 908 2469 illa
960 2410 1066 2481 lavant,
1078 2414 1147 2486 quia
1160 2414 1265 2470 loboris
1287 2415 1426 2471 desideria
1450 2415 1529 2470 nulla
1556 2417 1750 2473 consolatione
1766 2435 1814 2474 re-

54 2507 199 2563 conlessio
214 2507 327 2580 placida
353 2512 395 2562 est
422 2522 488 2578 quas
513 2524 531 2562 a
557 2506 633 2561 bono
660 2521 746 2576 opere
769 2504 905 2577 procedit.
961 2502 1066 2557 lerant.

55 2591 909 2670 l'elaquampraebuit,quianonineoquodcredidit,vacua
997 2591 1078 2645 Vnus.
1108 2593 1198 2646 ³7-tt.
1223 2612 1287 2642 -ι
1310 2593 1342 2647 lit
1366 2591 1517 2661 adjurarit,
1550 2596 1631 2647 neto.
1660 2594 1742 2659 (duo
1766 2594 1815 2649 udi

57 2703 112 2740 non
133 2684 287 2741 remansit.
304 2685 364 2740 lior
394 2683 471 2738 enim
499 2681 664 2754 praedicarit
687 2680 762 2754 quod
786 2679 906 2747 audivit,
962 2679 1068 2748 supro.)
1081 2677 1229 2734 Sententia
1254 2684 1296 2735 est
1318 2681 1430 2747 eadem,
1455 2679 1541 2734 rerba
1560 2681 1743 2747 nonomnia,
1769 2682 1813 2737 vel

55 2780 81 2828 et
91 2774 220 2830 dicendo
235 2773 341 2828 multos
356 2787 388 2827 ex
413 2787 443 2825 ss
456 2769 657 2841 predicatores
676 2768 806 2841 protulit.
827 2770 908 2838 Aqua
964 2766 1036 2839 ipsa,
1052 2765 1096 2820 rel
1111 2765 1151 2820 ita
1163 2766 1237 2821 dicta
1253 2771 1335 2834 sunt;
1353 2766 1430 2838 quod
1444 2771 1562 2838 propter
1576 2783 1625 2822 eos
1648 2766 1813 2836 dicendum,

56 2864 132 2917 enim
154 2863 186 2916 in
210 2861 323 2932 hydria,
351 2858 468 2913 scientio
484 2856 696 2929 predicationis
711 2856 741 2910 in
763 2870 906 2911 mensura.
963 2854 1815 2928 quievangelistascalumnianturquodinaliquibusverbis

55 2950 156 3005 Studet
178 2949 257 3005 enim
274 2964 331 3002 non
356 2948 421 3018 plus
439 2961 538 3018 sapere
563 2960 650 3017 qnam
671 2948 785 3016 oportet
795 2959 904 3014 sapore.
924 2949 944 3007 c
965 2959 1022 2996 non
1033 2942 1152 2998 omnino
1168 2942 1355 3004 conveniunt,
1372 2959 1436 2997 oum
1449 2959 1493 2998 res
1509 2945 1813 3014 etsententiaeadem;

57 3039 164 3108 ilydria
190 3039 221 3091 in
242 3037 321 3104 ulna,
349 3050 485 3089 mensura
507 3033 719 3105 predicationis
751 3031 781 3086 in
810 3047 908 3103 opere.
965 3031 1040 3089 bunc
1069 3030 1147 3085 enim
1174 3032 1280 3086 librum
1306 3047 1380 3089 uuus
1395 3031 1518 3103 scripsit,
1533 3031 1583 3104 qui
1599 3049 1632 3088 ea
1647 3050 1712 3105 quor
1728 3052 1815 3108 supra

59 3129 111 3182 bec
126 3124 376 3181 solomomnibus
397 3122 547 3177 comitibus
574 3123 647 3193 ejus,
673 3122 765 3176 sedet
792 3120 911 3176 camelis
966 3120 1047 3188 dixit,
1072 3135 1137 3174 cum
1165 3120 1482 3186 mandaretrlbraham,
1509 3123 1551 3176 vel
1572 3121 1683 3195 reliqua
1708 3140 1816 3194 ponere
1909 3166 1911 3170 .

58 3220 156 3287 potum
173 3209 660 3286 praebetquiarerbumvitoenon
676 3209 911 3280 solumpruden·
966 3208 1071 3280 potuit,
1084 3207 1109 3263 si
1124 3208 1158 3263 ad
1186 3224 1247 3262 rem
1273 3208 1416 3279 pertinere
1440 3207 1603 3280 Judicaret:
1631 3224 1696 3264 cum
1712 3209 1817 3265 raritas

58 3301 140 3369 tibus,
158 3301 211 3356 sed
227 3299 314 3354 etiam
329 3298 422 3353 stultis
437 3298 623 3369 preadicatur.
657 3297 787 3351 Romi:
813 3318 827 3345 o
857 3295 909 3350 Sa·
968 3295 1139 3350 narrationis
1159 3312 1217 3350 mm
1240 3296 1338 3367 exigit,
1355 3295 1409 3350 nisi
1433 3300 1576 3351 utrarum
1596 3296 1818 3352 sententiamm·

60 3389 204 3460 pientibus
228 3393 256 3443 et
272 3387 475 3459 insipientibus
499 3385 613 3441 debitor
639 3402 713 3442 aum.
729 3407 742 3436 »
760 3386 809 3441 Vel
835 3400 911 3456 aqua
968 3399 1023 3456 qrre
1038 3383 1143 3438 veritas
1165 3385 1213 3452 sit,
1238 3384 1343 3456 quibus
1360 3384 1492 3439 voluntas
1506 3383 1734 3458 (propterquam
1749 3386 1815 3441 inti·

60 3478 143 3533 ctiam
156 3477 301 3549 jumentis
324 3477 418 3545 dator,
432 3490 496 3529 cum
516 3490 585 3529 curo
605 3475 698 3528 carnis
712 3474 858 3545 qrromodo
873 3472 911 3528 sit
969 3471 1295 3543 mandamrerbatlunt)
1312 3471 1379 3527 satis
1394 3477 1540 3545 appareat.

61 3566 188 3622 babendo
204 3565 380 3637 disponitur,
397 3570 471 3619 utex
488 3563 699 3633 voluptatenon
712 3561 912 3633 impendatur,
1004 3561 1090 3616 Vnus.
1106 3562 1201 3617 ta-aa.
1218 3592 1252 3601 —
1270 3560 1363 3618 «Veni
1380 3577 1447 3633 ergo
1457 3561 1553 3628 hodie,
1566 3582 1580 3613 a
1595 3567 1648 3617 etc.
1666 3562 1816 3633 (liranus.)
1900 3624 1910 3629 ,

64 3663 90 3712 et
114 3673 150 3711 ex
183 3654 355 3710 necessitate
383 3668 442 3707 non
477 3655 612 3723 negetur;
640 3649 714 3704 unde
744 3649 826 3704 Rom.
843 3665 912 3703 xrrr:
969 3647 1000 3702 lu
1024 3649 1142 3705 liebreo
1172 3649 1380 3721 scriptumest,
1409 3654 1476 3716 eto,
1504 3649 1647 3719 usquead
1668 3652 1821 3707 ostendant

68 3767 78 3793 ι
106 3743 208 3799 carnis
239 3757 336 3798 curam
364 3754 401 3794 ne
426 3738 550 3794 faceritis
577 3738 607 3792 in
648 3736 813 3804 desideriis;
848 3758 859 3785 ι
887 3740 915 3791 et
969 3736 1818 3808 igiturlndmialicubipositumulmo,ubiadolescentulam

68 3834 157 3904 Ephes
187 3830 364 3886 rzuNemo
384 3827 605 3899 enimunquam
624 3840 836 3882 caanemsuam
851 3824 915 3881 odio
970 3831 1067 3880 elnon
1083 3825 1328 3895 virginamsonot.

68 3918 206 3974 hafflig,
1005 3915 1084 3968 Vsns,
1105 3916 1201 3968 tit-58.
1220 3943 1255 3953 -
1284 3932 1298 3964 a
1328 3912 1514 3984 Prolatisque,
1540 3932 1554 3964 a
1584 3916 1822 3983 stultissumi
1894 3974 1896 3979 Α

101 4009 184 4062 vens.
209 4006 306 4061 Μ.
335 4034 370 4044 -
400 4025 411 4053 ι
442 4001 563 4058 Protulit
590 4001 642 4068 air,
672 4022 685 4052 s
720 4006 772 4057 etc.
812 3999 916 4073 (lirun)
971 4003 1079 4072 supro)
1095 4000 1385 4074 Postquamconjugii
1397 4016 1595 4074 causampuer
1606 4001 1740 4073 obtinuit,
1753 4012 1819 4074 etc,

72 4098 137 4152 driu
153 4095 248 4182 (ripn).
268 4094 345 4167 quod
371 4093 416 4147 bic
425 4108 477 4164 pro
506 4091 702 4146 didrachmate
724 4090 851 4162 ponitur,
876 4106 917 4143 sc-
971 4089 1107 4160 usquead
1123 4111 1134 4138 ι
1153 4088 1237 4143 Dedit
1251 4105 1282 4143 ea
1298 4088 1440 4144 [lebeccae.
1457 4110 1471 4137 a
1490 4088 1614 4144 Rebecca
1628 4106 1687 4146 non
1701 4099 1820 4150 ornatur

71 4185 195 4241 minucia
222 4187 266 4238 cst
283 4199 290 4236 :
310 4181 418 4238 Scbedet
444 4194 511 4235 vero
532 4164 627 4267 (Splai),
656 4178 706 4250 qui
731 4177 839 4245 Latine,
867 4177 916 4232 sed
935 4193 1042 4285 neutro
1058 4176 1212 4243 Batbuelis,
1231 4177 1299 4249 quia
1318 4176 1819 4248 nonsuntdignaornumentabar·
1901 4182 1907 4190 '

70 4278 212 4346 corrupte,
232 4272 315 4327 siclus
336 4268 558 4338 dicitur,uncia.
583 4267 693 4339 (Gneo.)
708 4267 779 4334 Quia
812 4266 915 4337 proedi·
972 4265 1032 4320 bari
1059 4269 1088 4320 at
1116 4264 1250 4336 imperiti.
1281 4264 1320 4320 [le
1346 4264 1432 4320 domo
1454 4265 1577 4321 abrahe
1601 4267 1703 4340 accipit
1735 4283 1819 4324 orna·

71 4368 147 4418 rator
169 4361 303 4417 auditum
323 4358 454 4415 Ecclesiae
468 4373 521 4430 per
548 4356 751 4420 obedientiam,
768 4360 797 4411 et
814 4370 917 4409 mantis
972 4357 1078 4422 menta,
1094 4353 1312 4426 quiapatientia
1326 4353 1462 4409 dedomo
1478 4353 1628 4427 sapientia
1650 4361 1788 4425 ornatum
1804 4372 1820 4412 a

71 4467 119 4521 per
128 4449 330 4523 operationem
350 4451 479 4502 exornat.
496 4447 613 4501 inaures
628 4446 752 4501 duorum
780 4443 916 4498 siclorum
971 4458 1062 4514 puero
1071 4442 1192 4498 Abrahae
1206 4441 1324 4515 suscipit
1337 4441 1464 4508 inaurea,
1488 4442 1518 4499 id
1543 4449 1595 4512 est,
1618 4461 1704 4500 aurea
1718 4445 1747 4501 in
1769 4461 1819 4501 au·

72 4546 144 4606 sunt,
162 4536 283 4594 armilla
297 4536 407 4603 decem,
423 4534 492 4607 quia
514 4533 607 4606 prima
629 4532 719 4588 virtus
747 4531 917 4587 obedientiae
971 4530 1050 4585 ribus
1064 4531 1173 4598 rerba;
1205 4534 1233 4587 et
1247 4530 1394 4595 brachilia,
1410 4531 1440 4586 id
1464 4536 1508 4586 est
1522 4548 1609 4587 aurea
1635 4532 1665 4587 in
1689 4533 1820 4589 manibus

73 4626 97 4681 in
111 4625 252 4680 charitate
272 4628 323 4690 est,
335 4638 400 4695 quae
415 4619 531 4677 dileetio
556 4619 606 4676 bei
619 4623 648 4674 et
668 4618 793 4690 proximi
809 4622 866 4684 est3
889 4621 919 4674 et
971 4635 1070 4691 opera,
1088 4625 1118 4675 et
1135 4619 1192 4674 alia
1215 4624 1399 4687 ornamenta;
1416 4621 1521 4693 quibus
1536 4619 1697 4691 ligurantur
1711 4620 1821 4677 diuersa

73 4714 179 4769 bonnm
189 4728 263 4785 opus
276 4710 404 4783 decalogi
418 4708 609 4781 completione
623 4707 779 4781 perlinitur,
799 4709 832 4762 ut
852 4722 917 4762 curu
972 4711 1109 4765 virtutum
1125 4725 1241 4780 genera.

72 4805 145 4860 buna
158 4803 207 4876 agi
219 4800 367 4874 coepcrint,
383 4799 549 4857 malanulla
564 4802 695 4869 agontur.
1008 4799 1088 4854 Vsus.
1105 4800 1199 4854 att-60.
1217 4819 1276 4847 -ι
1306 4799 1339 4854 Εἰ
1356 4796 1496 4853 nutricem
1513 4796 1600 4853 illius.
1618 4818 1632 4846 o
1662 4797 1819 4855 ilonestnm

103 4888 553 4948 Vns.25-28.-1Paleamm
582 4901 738 4959 quoque.»
766 4882 839 4950 Ouia
867 4884 919 4940 Ec-
973 4889 1034 4943 erat
1054 4890 1087 4942 ut
1104 4887 1140 4943 ad
1165 4885 1280 4958 nuptias
1306 4885 1413 4959 absque
1427 4884 1598 4958 parentibus
1616 4884 1822 4958 virgoprofici·
1881 4880 1889 4896 “

73 4981 155 5036 alesia
179 4977 325 5050 recipiens
360 4975 530 5050 spiritualia,
565 4974 660 5030 reddit
687 4973 919 5045 predicatoribus
973 4991 1063 5044 scens,
1079 4975 1196 5031 nutricis
1211 4975 1311 5030 solatio
1326 4975 1478 5030 foveretur.

74 5067 353 5141 terrenastipendia;
370 5066 445 5122 unde
460 5065 471 5120 l
484 5065 548 5121 Cor.
561 5080 587 5118 rx
605 5080 613 5118 t
634 5082 648 5114 a
674 5062 702 5117 si
731 5060 810 5116 vobis
833 5059 919 5133 spiri·
1010 5064 1091 5119 Vens.
1108 5066 1152 5119 dl.
1167 5094 1198 5106 -
1213 5083 1227 5115 a
1242 5063 1333 5135 igitur
1347 5062 1485 5129 ilebecea,
1503 5084 1517 5113 »
1542 5065 1595 5117 etc.
1622 5063 1733 5134 (Gneo.)
1749 5064 1823 5129 Ouia

73 5160 160 5215 tualia
172 5156 392 5223 seminavimus,
405 5168 542 5226 magnum
557 5157 601 5207 cst
617 5151 641 5206 ai
661 5167 712 5206 nos
733 5149 858 5206 carnalia
873 5167 918 5204 ve·
974 5151 1097 5206 Ecclesia
1118 5151 1205 5207 babet
1231 5166 1326 5206 secum
1353 5149 1474 5206 minoris
1502 5149 1730 5218 meritianimas,
1757 5169 1822 5225 quas

73 5254 126 5304 stra
141 5253 301 5305 meumes.
975 5239 1068 5311 ipsam
1097 5240 1227 5295 moribus
1251 5243 1433 5310 sequuntur:
1455 5239 1503 5294 sed
1519 5239 1554 5294 ad
1574 5240 1823 5313 contemplationis

103 5359 118 5386 s
130 5336 223 5394 Locm
237 5333 418 5409 spatiosus.»
433 5329 566 5403 Apriore
578 5329 687 5402 populo
703 5332 812 5383 natura
826 5328 921 5399 legem
975 5328 1092 5384 thorum
1105 5343 1163 5383 noo
1180 5327 1389 5399 provebuntur.
1419 5328 1528 5384 Pueros
1550 5344 1666 5402 quoque
1684 5329 1822 5402 quosdam

74 5441 100 5480 se
128 5424 254 5481 &alesia
277 5420 392 5478 norissa
423 5418 603 5486 monstrarit,
633 5421 663 5472 et
687 5415 920 5490 pradicationem
976 5414 1282 5482 habuitincomitatu,
1301 5413 1369 5486 quia
1392 5416 1621 5489 conprophetis
1643 5417 1823 5490 fueruntqui

75 5515 165 5588 amplo
179 5511 333 5570 charitatis
349 5506 461 5583 merulo
477 5506 601 5578 suscepit
615 5522 622 5560 z
639 5504 749 5563 doctori
763 5504 839 5560 enim
860 5520 922 5577 spa-
976 5505 1049 5559 bene
1060 5501 1266 5577 virerentsetsi
1276 5503 1434 5576 prophetice
1446 5503 1578 5578 spiritum
1592 5520 1650 5561 non
1663 5504 1823 5564 baberent:
