3892 6106
90 266 147 320 575
401 265 598 321 waltrami
617 267 739 322 statut
762 265 860 322 ratu.
881 266 962 320 tlon.
982 264 1058 321 OPP.
1082 264 1169 319 rttts
1189 264 1211 319 l.
1231 291 1267 302 -
1285 259 1513 318 attitulentur.
1789 262 1843 314 sta

89 386 242 441 verborum
269 385 451 442 contumeliis
479 403 595 457 pressus
628 386 763 441 virtutem
792 385 975 458 patieutiaett
994 386 1104 442 braum
1120 386 1224 458 quibus
1239 401 1291 457 pro
1315 384 1493 440 naturalibus
1512 383 1672 439 utebatur:
1693 383 1845 439 eratenim

90 490 201 530 serrare
226 490 285 530 nou
312 479 406 547 potest
431 474 474 528 vel
489 474 594 529 suflicit
609 478 676 541 etc..
701 489 786 545 usque
808 474 847 529 od
868 491 939 546 qua·
995 475 1124 530 claudus.

93 578 158 617 rum
187 563 361 630 interventu,
394 562 451 617 Deo
473 562 579 633 judice,
606 578 692 633 poeua
720 563 834 634 gravior
853 563 939 620 decli·
1029 563 1174 618 vassus.
1201 592 1233 602 -
1255 563 1294 616 Tu
1320 567 1346 616 et
1360 561 1428 616 sibu
1443 562 1584 631 tutanos..
1604 562 1701 631 quast.
1716 559 1846 616 Heinia

94 655 188 706 natur.
993 649 1070 722 tien.)
1083 652 1115 705 111
1132 649 1253 717 Hebraeo
1273 666 1280 703 :
1306 651 1384 715 Dici,
1402 651 1442 704 Tu
1468 653 1494 705 et
1512 649 1581 707 Stoa
1596 648 1713 703 dividite
1732 664 1839 717 aarum.

129 739 321 794 11111113.-
334 737 421 795 Semei
445 743 543 792 cutem.
567 738 661 810 111111.)
688 737 737 793 liic
760 743 812 794 ast*
831 739 940 794 Nabalia
994 739 1075 804 Quod
1088 738 1186 804 David,
1203 738 1357 792 immemor
1379 737 1493 793 loederis
1516 743 1544 792 et
1567 737 1739 808 Jurameuti
1759 743 1839 802 etc..

92 830 173 897 pater
186 825 340 880 Jeroboam
366 825 523 880 secuudum
549 826 694 892 Hebraeos,
713 827 763 898 qui
790 827 868 883 lilius
891 829 939 882 te·
996 843 1078 897 usque
1099 827 1137 881 ud
1162 827 1247 881 rerba
1268 826 1443 898 obliquando
1467 825 1588 896 protulit
1608 829 1710 880 contra
1729 825 1844 881 11111εεί-

91 913 163 968 mini
178 913 291 980 dicitur,
313 917 341 968 et
355 913 386 969 in
401 915 461 969 zelo
477 915 579 969 domus
593 915 661 972 Saul
676 916 820 972 maledicit
841 917 939 973 David.
994 930 1085 969 mum.

92 1003 202 1058 Nomen
227 1016 294 1055 vero
320 1002 364 1056 avi
388 1002 450 1073 ejus
474 1003 578 1058 semini
607 1005 670 1059 11ιί1.
699 1007 761 1076 lpse
788 1005 882 1061 semei
907 1022 940 1061 ex
1030 1003 1221 1057 11111137.-
1243 1003 1291 1056 ast
1316 1006 1414 1056 autem.
1447 1003 1493 1056 Est
1520 1005 1617 1056 autem
1646 1000 1677 1055 in
1707 1001 1840 1057 llebraeo:

90 1090 168 1145 tribu
193 1088 327 1160 Ephraim
351 1090 403 1145 lilii
434 1091 538 1161 loseph
562 1092 678 1160 exstitit,
707 1093 784 1148 uude
810 1093 879 1148 dicit
904 1093 940 1149 ad
994 1093 1060 1145 Ecce
1084 1104 1177 1145 seruus
1203 1094 1274 1144 tuus.
1294 1089 1428 1145 Hebraice
1453 1089 1561 1160 legitur
1579 1090 1744 1147 Glimettua
1767 1091 1837 1147 cna-

92 1177 180 1233 111νί1
197 1193 204 1231 :
225 1179 334 1232 Primus
357 1180 419 1232 ueni
441 1178 518 1233 hodic
542 1179 663 1234 dramni
677 1181 750 1236 tribu
764 1181 869 1250 Joseplt.
886 1181 939 1235 Sed
993 1194 1078 1245 staua,
1095 1190 1196 1238 natta.
1214 1179 1349 1234 chanaan
1363 1179 1737 1249 interpretatnrsusptruas3
1749 1195 1840 1250 quan·

94 1265 198 1332 Setuci,
215 1272 247 1320 ut
261 1265 392 1335 superius
411 1267 525 1336 legitur,
555 1269 589 1321 da
607 1268 776 1338 cognatione
794 1269 860 1323 Saul
875 1269 939 1323 luit.
994 1267 1042 1322 diu
1062 1283 1127 1321 cum
1141 1273 1222 1338 patre
1234 1267 1299 1336 luit,
1310 1267 1457 1338 suspirans
1473 1273 1641 1322 vocatusest
1656 1282 1663 1320 :
1680 1271 1835 1338 postquam

93 1354 160 1410 Saul
176 1370 243 1408 rero
271 1354 306 1408 de
330 1354 490 1424 Benjamin.
519 1356 551 1410 111
576 1356 662 1410 Esdra
684 1356 776 1411 Semel
800 1356 876 1411 lilios
896 1359 941 1413 Cis
996 1371 1061 1410 sero
1078 1356 1113 1409 ad
1137 1355 1296 1410 doctrinam
1324 1355 1411 1410 David
1433 1355 1557 1418 transiit,
1575 1371 1631 1409 nou
1648 1355 1844 1411 Chaucensed

90 1442 205 1512 legitur,
232 1441 300 1514 quia
326 1447 355 1497 et
370 1443 416 1498 Cis
443 1447 472 1497 et
496 1444 566 1498 Gera
589 1445 752 1505 vocabatur.
770 1449 851 1515 pater
878 1446 940 1516 ejus
996 1445 1139 1499 Chamaau
1154 1448 1270 1498 vocatus
1292 1448 1345 1509 est,
1361 1443 1389 1498 id
1405 1449 1457 1511 est,
1474 1444 1576 1510 tidelis,
1595 1447 1659 1505 etc..
1680 1459 1768 1514 usque
1787 1443 1842 1498 od:

92 1530 168 1586 filins
195 1530 311 1597 temini,
337 1529 365 1585 id
389 1535 432 1585 est
446 1531 595 1601 Benjamiu
613 1531 658 1586 hic
681 1532 803 1603 legitur3
833 1533 882 1588 sed
905 1534 941 1589 da
994 1533 1128 1602 Ephraim
1142 1536 1168 1587 et
1186 1533 1324 1586 ttuausses
1339 1536 1471 1601 tanquam
1486 1531 1579 1587 Buten
1603 1534 1630 1585 et
1645 1530 1753 1585 Simeon
1765 1534 1842 1584 ucat

90 1619 168 1675 tribu
182 1619 286 1690 ioseph
302 1618 414 1689 primus
440 1618 551 1673 vonisse
576 1620 690 1688 dicitur,
718 1620 788 1692 quia
811 1619 841 1673 in
862 1619 937 1675 tribu
994 1619 1070 1675 mitt.
1088 1620 1205 1691 Magnos
1220 1619 1316 1692 itaque
1331 1621 1420 1675 tiosos
1443 1625 1472 1673 et
1496 1620 1582 1674 iosus
1608 1617 1671 1690 ejus
1698 1633 1843 1673 sucoessm

91 1707 198 1778 loseph
213 1704 361 1762 habitavit.
996 1708 1141 1780 duplicem
1155 1708 1213 1763 illis
1223 1707 1387 1764 tribuerunt
1400 1713 1517 1763 sortem.

128 1795 209 1850 Vens.
229 1797 269 1850 ts.
289 1823 326 1835 -
340 1794 511 1864 achitophel.
528 1795 624 1866 (Rae.)
637 1797 845 1868 interpretatur
858 1799 942 1852 ruiao
1329 1832 1441 1888 CAPUT
1456 1833 1498 1887 xx

92 1883 203 1950 fratris.
224 1881 312 1937 iudas
326 1881 455 1937 deroina
469 1882 575 1938 Christi
601 1899 700 1954 agens,
724 1884 877 1939 consilium
892 1885 940 1941 de·
1502 1874 1508 1886 ⁹

93 1969 136 2026 dit
160 1969 268 2026 tudoeis
300 1969 434 2025 adversus
458 1970 613 2039 Christum,
640 1977 761 2044 uterque
787 1973 942 2044 suspendio

94 2056 213 2113 interiit.

1030 1940 1208 1994 111111.11.-
1221 1938 1262 1993 Et
1276 1940 1372 2005 tenuit,
1391 1943 1443 1994 etc.
1465 1938 1587 2007 Dextera
1610 1940 1742 1992 meatum
1763 1939 1842 1991 teue-

994 2043 1036 2094 re‚
1050 2032 1093 2082 est
1107 2027 1189 2098 quasi
1202 2043 1235 2081 ex
1254 2025 1432 2098 benignitate
1462 2025 1597 2081 blandiri.
1622 2025 1675 2081 Sed
1699 2025 1842 2079 sinistram

410 2148 524 2204 CAPUT
546 2150 626 2204 xm
994 2115 1029 2170 ad
1054 2113 1182 2186 gladium
1211 2113 1309 2181 mittit,
1338 2113 1389 2185 qui
1420 2115 1544 2169 latenter
1571 2128 1603 2167 ex
1638 2112 1750 2168 malitia
1778 2128 1841 2184 per·

995 2204 1075 2259 cutit.

1030 2293 1115 2347 Vnus.
1142 2293 1184 2346 19.
1208 2321 1243 2331 -
1266 2292 1369 2348 Nonne.
1392 2290 1484 2362 (Rae.)
1508 2291 1562 2345 lste
1588 2291 1632 2344 est
1645 2304 1741 2345 sermo
1762 2288 1841 2360 legis,

995 2381 1025 2435 in
1037 2396 1095 2452 qua
1106 2379 1226 2451 jubetur
1237 2384 1269 2434 ut
1284 2379 1337 2435 lilii
1347 2380 1431 2434 Israel
1446 2378 1569 2450 ingressi
1582 2381 1689 2433 terram
1708 2378 1843 2434 Chauaau

994 2469 1075 2540 prius
1089 2484 1190 2541 pacem
1205 2468 1336 2531 offerant,
1354 2473 1383 2523 et
1401 2483 1449 2523 eos
1471 2467 1521 2539 qui
1539 2482 1639 2539 pacem
1655 2465 1842 2537 susceperint,

995 2557 1163 2612 tributarios
1190 2557 1313 2624 laciant3
1342 2573 1391 2611 eos
1415 2572 1480 2611 raro
1495 2555 1546 2627 qui
1575 2572 1634 2610 non
1653 2556 1840 2627 susceperint,

94 2675 194 2731 dmm
222 2681 346 2748 oportet,
374 2682 440 2740 αὖ.
467 2694 551 2747 usque
574 2679 611 2733 ad
638 2695 655 2733 a
678 2680 845 2751 cujusfacio
869 2681 942 2753 fugit
995 2645 1141 2700 deleant:
1168 2644 1232 2742 ideo
1254 2645 1358 2700 mulier
1383 2643 1497 2742 sapiens
1532 2644 1705 2741 enxclarnasse
1739 2643 1843 2698 dicitnr

95 2763 224 2819 Christus
240 2765 355 2836 qrtando
381 2781 446 2821 ram
472 2766 597 2820 desernit
611 2772 639 2822 et
654 2767 690 2822 ad
704 2772 804 2840 gentes
817 2769 939 2823 transiit.
995 2735 1097 2790 Nm·
1114 2732 1217 2797 ⁰⁰⁸⁵¹²
1236 2732 1292 2787 cur
1302 2731 1426 2787 demum
1439 2729 1514 2785 hm
1527 2734 1670 2786 muntem
1685 2735 1842 2803 antequam

130 2853 210 2907 VERS.
230 2854 476 2910 lie-tibilim-
496 2854 812 2912 AliiAbsalomludam
827 2857 942 2913 trddlio·
995 2837 1094 2892 pacem
1117 2821 1220 2876 offeras
1245 2821 1400 2875 seeundum
1433 2818 1551 2891 legem?
1581 2835 1632 2874 cur
1658 2836 1718 2874 non
1745 2818 1840 2874 sem-⁸

94 2954 154 2993 reni
171 2941 323 3012 accipiunt,
342 2942 572 3014 quemchristus
587 2944 706 3015 pertulit
720 2950 858 3017 tanquam
880 2946 941 3017 eJ'us
956 2973 977 3030 c
995 2910 1087 2981 ¹⁰3⁰¹¹¹
1103 2908 1247 2976 ¹⁵m⁰¹i¹i⁸⁹
1264 2924 1330 3010 Ψ
1342 2909 1413 3010 οῙῙΠῖ
1427 2912 1539 2962 ’ΨΜ
1553 2905 1784 3006 ⁰³t³¹i⁰¹ffiss⁰⁰i³
1834 2992 1840 3003 Ι

93 3028 281 3099 cogitationes
304 3031 488 3101 ignoraverit,
516 3037 545 3087 et
563 3016 727 3088 convivium
763 3033 944 3105 participavit
1032 3000 1112 3052 vm·
1137 3000 1179 3053 Ὦ·
1208 3027 1244 3040 “““
1271 2997 1323 3063 ⁰¹¹⁸
1338 2997 1494 3052 almum·
1512 2994 1577 3066 (¹⁰·)
1609 2994 1727 3049 R⁰d¹l¹¹⁵
1742 2994 1843 3065 t>⁰e¹¹¹1

94 3117 131 3184 ej,
147 3117 250 3190 inquo
278 3119 406 3192 corporis
430 3126 459 3176 et
481 3121 630 3202 §anguinis
653 3121 777 3193 figuram
796 3121 943 3193 discipulis
996 3087 1030 3141 ad
1048 3085 1133 3142 David
1164 3089 1231 3156 post
1256 3084 1485 3139 interiectionem
1512 3083 1647 3149 Absalon,
1672 3086 1738 3150 etc,
1756 3097 1840 3152 usque

94 3205 315 3261 commendavit.
343 3210 375 3262 tn
389 3208 452 3279 ipsa
474 3225 540 3263 vero
561 3209 714 3264 traditione
734 3209 769 3265 ab
784 3210 847 3281 ipso
861 3227 942 3264 oscu-
996 3176 1033 3231 “d
1045 3175 1073 3231 id
1089 3179 1132 3230 ⁰³²
1146 3174 1289 3230 Christum
1306 3173 1409 3228 Pinum
1427 3173 1477 3228 M
1492 3171 1587 3226 mdiu·

95 3291 155 3345 luni
176 3293 293 3363 accepit,
322 3293 387 3349 ideo
412 3295 546 3350 Absalom
561 3312 621 3366 pou
637 3300 717 3366 pacis
738 3297 852 3364 dicitur,
876 3297 943 3369 quia
986 3287 993 3300 '
1321 3279 1432 3334 CAPUT
1452 3279 1515 3333 ΧΧῙ·

95 3381 767 3455 pacempaterhabuitquamillenonhahuit.
1033 3388 1117 3442 Vens.
1150 3391 1177 3442 t.
1208 3417 1249 3444 ,-
1273 3388 1358 3442 Facto
1379 3390 1427 3441 est.
1470 3383 1561 3457 (Rau.)
1590 3385 1689 3438 rames
1710 3382 1787 3437 lacta
1814 3382 1844 3437 iu

130 3470 296 3540 Actittoplet
321 3470 412 3540 (aaa.)
446 3471 499 3537 Qui
533 3472 670 3528 recedens
703 3488 720 3528 a
749 3473 849 3544 David,
878 3478 942 3540 eta,
997 3476 1082 3530 lsrael
1111 3480 1229 3546 propter
1244 3474 1424 3540 Gabaonitas,
1446 3478 1511 3540 eta,
1539 3488 1624 3542 usque
1653 3471 1691 3526 cd
1706 3469 1844 3526 navitam

96 3571 181 3625 usque
199 3557 238 3612 ud
253 3556 326 3613 sicut
338 3559 507 3630 achitophel
526 3560 554 3614 in
576 3560 692 3633 propria
715 3562 800 3617 domo
823 3578 943 3634 suspen·
997 3579 1096 3618 eorum
1111 3579 1198 3634 prave
1213 3562 1394 3635 suggerendo
1410 3566 1595 3632 corrumpant
1604 3561 1735 3615 ulterius.

95 3645 143 3698 dio
159 3644 275 3711 interiit,
294 3647 344 3718 qui
360 3647 499 3704 inalieua
517 3649 582 3705 sitae
609 3650 697 3705 David
718 3650 870 3705 insidiatus
890 3656 942 3705 ast.
1031 3653 1113 3707 Vnus.
1139 3655 1165 3708 8.
1191 3681 1226 3692 -
1256 3649 1592 3720 Tutitttoquereoduos.
1610 3648 1746 3714 Quicum
1764 3648 1842 3718 lioeg

96 3734 150 3801 Qut
164 3737 235 3790 enim
248 3736 321 3803 fodit
335 3740 451 3806 foueam,
469 3739 568 3795 incidit
590 3742 619 3794 ta
633 3755 701 3795 eum.
715 3742 750 3796 Et
760 3739 871 3796 insidiis
886 3741 943 3795 suis
997 3740 1125 3796 lduniaeo
1141 3741 1232 3795 adhuc
1247 3738 1331 3811 pueri
1344 3739 1503 3793 sacerdotes
1522 3742 1550 3791 et
1572 3735 1744 3792 Gabaonitas
1764 3735 1841 3790 occi·

95 3824 238 3891 capientur
256 3826 347 3894 iniqui
362 3825 451 3898 (Pron.
468 3843 495 3882 xi
511 3828 605 3898 μιν).
996 3830 1110 3896 derunt,
1130 3828 1250 3884 armoni
1264 3827 1369 3882 scilicet
1384 3833 1413 3882 et
1427 3825 1625 3898 lliphiboseth.

133 3912 249 3968 chusai.
280 3913 341 3984 (ln.)
370 3914 517 3970 Ararhites
547 3915 682 3988 antiquus
705 3916 813 3971 amicus
843 3916 941 3980 David,
1030 3920 1113 3974 Filios
1135 3918 1233 3972 Mictot
1247 3918 1320 3986 titia,
1334 3920 1386 3970 etc.
1412 3914 1487 3981 Quos
1502 3913 1609 3969 scilicet
1633 3912 1745 3993 llichol,
1770 3925 1842 3966 uxor

96 4003 254 4070 clamaque
266 4001 304 4057 od
314 4008 345 4057 ut
357 4010 560 4060 convertentur
572 4004 776 4060 beneficiorum
788 4005 942 4060 occasione.
997 4005 1095 4072 David,
1113 4020 1177 4076 quse
1192 4010 1220 4059 et
1235 4005 1303 4075 Egla
1317 4003 1432 4068 dicitur,
1444 4001 1589 4075 adoptavit
1603 4000 1657 4055 sibi
1666 4000 1742 4054 inter
1757 3998 1843 4066 lilios,

132 4089 194 4157 1111.)
227 4089 309 4154 Quod
347 4097 443 4148 autem
477 4094 627 4160 Jonathan,
657 4093 707 4166 qui
740 4093 944 4166 interpretatur
997 4110 1068 4165 quos
1083 4094 1177 4149 lleroh
1188 4109 1269 4147 soror
1283 4093 1344 4163 ejus
1359 4093 1394 4147 de
1409 4091 1468 4147 lilio
1484 4090 1619 4146 Berzellai
1634 4088 1769 4159 suscepit.

97 4176 356 4244 cotumtaedomum‚
387 4182 942 4254 111111111111111111111111111111,1111111110-
1032 4183 1110 4237 Vaas.
1125 4184 1167 4237 18.
1192 4211 1228 4222 -
1254 4181 1318 4238 (iot.
1347 4179 1430 4246 Quod
1452 4179 1758 4250 interpretaturtccus,
1774 4177 1843 4248 quia

98 4263 220 4317 randum
249 4265 355 4319 lactum
384 4268 518 4322 absalom
546 4275 573 4323 et
602 4270 686 4324 [levid
716 4270 941 4326 renuntiandum
958 4288 979 4343 p
997 4269 1114 4325 sicutin
1130 4271 1193 4324 lacu
1217 4271 1331 4324 leonum
1347 4268 1411 4339 quis
1438 4267 1572 4332 mittitur,
1596 4265 1637 4320 ita
1655 4265 1843 4337 semetipsum

97 4348 203 4404 decreti
219 4351 361 4422 fugientes
384 4354 529 4423 absalom,
555 4361 620 4422 etc,
647 4371 731 4427 usque
748 4359 786 4412 od
806 4363 834 4413 et
848 4358 942 4413 homi·
998 4358 1076 4413 misit
1091 4357 1178 4414 David
1193 4361 1290 4412 contra
1305 4356 1425 4413 Goliam.

99 4455 148 4493 nes
162 4456 176 4493 a
192 4441 390 4511 persecutione
403 4443 491 4498 hostis
506 4445 627 4514 protecti
643 4445 811 4502 liberantur.
1035 4448 1114 4502 Vens.
1130 4448 1282 4514 11111-
1300 4446 1431 4501 Tertium.
1451 4444 1540 4514 (Rau.)
1552 4441 1693 4513 Iosephus
1707 4441 1743 4496 de
1760 4441 1845 4496 tertio

408 4532 522 4587 CAPUT
541 4533 634 4588 XVlll.
842 4537 849 4552 '
998 4534 1098 4606 praelio
1118 4534 1158 4589 ita
1185 4533 1346 4602 dicit,'etc.‚
1362 4549 1446 4602 usque
1467 4533 1505 4587 od
1518 4531 1696 4587 adeodatum
1715 4530 1845 4601 appella·

135 4617 251 4674 vanati.
262 4619 416 4675 -Accidit
425 4624 514 4676 cuum
523 4628 553 4675 ut
564 4623 848 4679 occurreretdbsutom
858 4627 942 4680 suuis
997 4625 1070 4678 serit
1080 4625 1123 4678 vel
1139 4623 1297 4695 quemlibet
1313 4622 1402 4677 alium
1416 4621 1515 4691 etiam,
1524 4619 1664 4674 incertum
1675 4620 1726 4673 est.

82 4705 388 4763 'Dauidaedcnsmuto
406 4707 498 4780 (Rau.)
515 4708 647 4764 Absalom
673 4710 751 4764 mulo
777 4711 888 4782 lugiens
913 4712 942 4766 in
1034 4713 1179 4780 Quartum,
1212 4710 1324 4767 Goliatli
1352 4711 1482 4775 iteratur,
1512 4725 1568 4779 qtto
1600 4707 1659 4778 egit
1679 4705 1768 4762 David
1788 4706 1848 4778 pri·

96 4806 204 4862 quercu
234 4809 285 4866 per
310 4795 456 4851 caesariem
485 4797 586 4868 capitis
612 4813 767 4867 suspensus
795 4804 848 4868 est,
877 4804 943 4868 etc..
998 4804 1086 4855 mttus
1111 4805 1240 4871 tempore
1266 4797 1368 4854 Saulis.
1400 4799 1470 4853 Nam
1493 4796 1525 4850 in
1544 4794 1847 4866 Pardipomenisuun

97 4894 182 4950 usque
201 4883 238 4938 ud
255 4882 285 4937 iu
298 4883 505 4956 dispersionem
521 4884 651 4954 gentium
665 4889 876 4956 pertranseunt,
889 4887 943 4959 ipsi
999 4888 1054 4942 nisi
1081 4887 1166 4943 tertio
1193 4887 1391 4959 principaliter
1400 4901 1542 4957 pugnasse
1564 4889 1663 4938 contra
1682 4883 1844 4938 Philistoeos

99 4969 292 5043 principatum
308 4972 419 5043 pariter
432 4978 460 5026 et
479 4972 618 5044 populum
634 4973 801 5028 amiserunt.
999 4977 1115 5047 legitur.

422 5060 536 5116 CAPUT
554 5061 620 5116 11111.
1034 5064 1123 5136 (Rea.)
1139 5064 1268 5129 Quatuor
1279 5063 1355 5119 bella
1371 5061 1459 5118 David
1474 5065 1502 5116 et
1515 5073 1664 5115 servorum
1680 5059 1753 5129 ejus,
1770 5063 1846 5125 etc..

136 5146 215 5200 Vens.
230 5149 275 5202 22.
305 5177 340 5189 -
365 5149 437 5215 Ouid
463 5149 540 5204 milti.
556 5149 686 5205 Timebat
701 5148 786 5205 liavid
815 5149 839 5204 si
855 5149 942 5205 inter·
997 5153 1134 5231 usquead
1158 5152 1257 5208 unde:
1293 5153 1372 5208 Voau
1392 5151 1466 5206 solut
1494 5149 1640 5203 minum.
1665 5150 1697 5203 la
1717 5149 1772 5203 Deo
1798 5150 1847 5217 to-

98 5231 232 5288 liceretor
258 5235 362 5303 Semel,
391 5238 468 5308 quod
496 5237 601 5309 reliqui
617 5237 667 5310 qui
690 5237 821 5294 similiter
847 5255 944 5311 regern
999 5244 1098 5297 eternus
1119 5243 1257 5311 virtutem,
1273 5245 1298 5295 et
1312 5242 1371 5310 ipse
1385 5238 1422 5294 od
1435 5235 1670 5292 aititumreducit
1683 5235 1847 5293 moranus

98 5320 288 5388 offenderant,
302 5323 411 5379 nonant
423 5341 489 5380 aum
505 5325 559 5382 sibi
573 5327 666 5382 lacere
680 5342 788 5398 regem.
999 5330 1234 5402 aios(Psot.cr11.)

134 5410 279 5465 vanati.
300 5440 336 5450 —
362 5412 456 5468 illotis.
472 5414 508 5469 tn
527 5413 659 5483 Hebraeo,
685 5415 803 5482 intectis.
830 5416 946 5472 Fecerat
1034 5420 1246 5480 Bethletemites.
1271 5421 1325 5472 eto.
1343 5414 1415 5481 Quia
1431 5413 1532 5470 Noemi
1546 5418 1574 5469 et
1598 5412 1676 5469 Ruth
1688 5428 1722 5468 ex
1737 5413 1842 5487 quibam

97 5495 176 5551 enim
193 5496 248 5553 sibi
274 5498 462 5571 lliphiboseth
479 5500 583 5572 ligneo.
600 5503 687 5574 pedes
713 5504 871 5560 secuudum
887 5505 940 5560 lia·
1001 5510 1082 5561 ortns
1113 5511 1165 5574 est,
1183 5511 1314 5577 tempore
1343 5502 1481 5559 ubertatis
1508 5515 1629 5557 sesamae
1656 5505 1724 5556 eunt
1745 5501 1777 5557 iu
1793 5504 1843 5557 Be·

130 2235 214 2290 Vaas.
237 2237 278 2293 to.
295 2266 328 2276 -
345 2238 381 2292 Et
401 2238 579 2304 fortissimus.
594 2238 738 2310 (1111111011.)
748 2241 778 2294 ln
796 2239 915 2296 liebraeo
932 2258 939 2297 r

94 2325 268 2379 Fortissimus
282 2326 341 2396 ipse
353 2339 431 2394 cujus
445 2330 484 2380 est
499 2341 544 2380 cor
558 2328 616 2396 ipsa
627 2329 709 2397 quusi
723 2328 763 2384 tto
777 2344 878 2398 pauore
887 2331 941 2385 sot·

92 2417 181 2480 uetur,
203 2412 340 2468 subaudis
363 2429 421 2468 nou
436 2413 611 2469 fortissimus
626 2415 680 2470 iste
696 2415 783 2471 David
798 2416 940 2489 iutelligi-

94 2505 151 2556 tur.
168 2500 247 2557 Unde
264 2518 271 2555 :
287 2502 344 2558 Scit
358 2504 438 2557 cutm.

130 2587 206 2658 (isto.
221 2589 251 2641 iu
276 2587 325 2645 tto.
341 2591 355 2644 1
368 2589 456 2661 Rea.)
484 2589 647 2645 Secundum
667 2590 832 2663 allegoriam
847 2592 940 2648 consi-
