3892 6106
55 255 108 309 aut

616 253 746 311 GL⁰SSd
764 254 966 312 ouuluaals.
988 283 1019 296 -
1041 257 1108 313 LlB.
1127 254 1249 311 Psaltl.

55 373 129 429 serit
143 374 264 444 malam,
279 373 329 445 qui
345 372 438 444 diligit
457 389 545 445 snper
569 374 778 446 benignitatem
794 391 801 443 ;
826 381 856 430 et
880 376 942 432 sia
960 376 1077 443 buntur,
1093 381 1125 432 ut
1138 375 1311 445 generaliter
1325 376 1438 447 legatur
1452 374 1487 430 de
1501 374 1636 431 omnibus
1652 376 1744 445 malis,
1762 378 1812 433 sed

55 461 222 532 benignitas
242 461 336 532 tangit
350 461 491 528 animum,
507 461 621 531 refugit.

95 552 175 605 Vens.
192 553 217 604 6.
235 580 270 589 -
292 552 402 622 iinpua
425 549 528 604 dolosa.
546 549 645 622 (ibid.)
672 550 703 605 ld
728 555 780 618 est,
808 551 906 607 dolosa

55 639 275 694 rerhaiallaciae
297 637 437 697 ministra.
463 638 540 693 eliud
567 638 597 692 in
617 639 701 694 carde
723 641 907 711 gestantium,

56 727 137 782 aliud
153 727 183 780 in
203 742 252 782 ore
263 726 469 797 promentium.

94 816 176 870 Vans.
191 819 218 869 7.
240 818 435 884 -Propterea
453 817 532 870 Deus.
561 816 667 886 (Cass.)
698 816 835 871 [inceleri
850 817 908 873 line

56 903 161 974 iniqui.
188 904 229 958 Et
243 903 363 958 radicem
380 912 454 958 tuam
478 903 511 957 de
536 908 609 958 terra
623 907 780 959 uiuentium.
810 907 906 980 (huo.)

55 992 149 1048 Radix
165 997 263 1046 nostra
287 991 411 1046 charitas
438 996 490 1059 est,
513 995 579 1058 etc,
595 1007 679 1062 usque
698 993 736 1047 ad
756 993 804 1049 hic
830 995 907 1050 enim

55 1080 162 1151 pulsis,
177 1095 264 1150 quem
287 1080 401 1151 projicit
422 1085 523 1135 ventus
551 1097 568 1135 a
596 1080 667 1135 iacis
692 1086 787 1138 terrae.
810 1084 907 1151 (ibid.)

56 1169 148 1224 Radix
163 1169 231 1223 maii
245 1168 397 1239 cupiditas,
413 1185 477 1239 quae
493 1185 552 1224 non
565 1169 689 1225 fructum
705 1170 781 1240 parit
793 1171 908 1227 interra

56 1257 227 1311 viventium.
243 1256 305 1324 Vei,
335 1257 461 1327 loquitur
476 1256 511 1312 de
526 1257 709 1327 Antichristo,
734 1259 815 1330 cujus
830 1258 907 1314 radix

55 1344 194 1411 ministri,
206 1345 256 1416 qui
271 1360 336 1399 cum
349 1362 382 1400 eo
393 1345 464 1399 nihil
480 1346 627 1401 habebunt
640 1362 705 1401 cum
721 1347 835 1402 sanctis.

95 1435 175 1488 Vsus.
192 1437 218 1489 8.
236 1465 269 1474 —
293 1435 428 1491 Videbunt
439 1435 521 1504 justi.
549 1435 647 1503 (ibid.)
673 1437 726 1489 Pro
751 1435 907 1506 dejectione

56 1522 120 1593 ejus
134 1521 239 1576 irrisio.
269 1523 369 1590 (ibid.)
399 1522 534 1578 Videbunt
550 1524 630 1591 justi.
654 1522 728 1587 Quid
752 1522 835 1578 malis
860 1524 905 1591 sit,

56 1615 123 1677 etc,
148 1625 233 1680 usaue
245 1610 283 1665 ad
297 1610 365 1682 quia
391 1612 455 1682 plus
470 1610 605 1667 omnihus
620 1611 683 1665 aliis
699 1611 781 1666 malis
808 1612 907 1667 fideles

55 1698 192 1772 decipiet.

92 1787 176 1840 Vens.
202 1785 244 1840 tu.
272 1814 302 1825 -
328 1786 386 1854 Epo
412 1788 512 1854 autem,
542 1790 596 1841 etc.
632 1786 732 1853 (ibid.)
759 1786 908 1851 Quomodo

56 1879 158 1928 contra
172 1889 239 1928 eum
254 1872 349 1927 honus
366 1889 395 1929 se
409 1873 521 1929 habeat.
539 1875 643 1942 (Cass.)
663 1875 815 1946 Hucusque
830 1875 908 1929 ritu-

55 1963 168 2034 peratio
196 1962 284 2024 illius,
306 1961 352 2016 hic
378 1962 439 2017 laus
462 1963 613 2018 contrariae
627 1963 736 2034 pertis:
762 1979 906 2034 ecceper·

55 2051 130 2105 iacta
146 2050 364 2105 demonstratio.
381 2051 459 2107 Oliva
470 2053 630 2118 fructifera.
653 2053 753 2119 (Aac.)
782 2051 908 2123 Populus

56 2139 108 2193 Dei
124 2139 209 2205 oliva,
223 2139 301 2193 unde
316 2138 398 2193 iracti
412 2143 480 2193 sunt
494 2138 610 2211 superbi
637 2140 723 2206 rami,
737 2139 765 2194 id
782 2144 834 2206 est,
855 2140 907 2194 iu-

55 2227 123 2293 dai,
135 2231 164 2281 et
178 2227 303 2281 insertus
317 2231 361 2282 est
373 2227 538 2282 oleasterde
549 2227 691 2299 gentibus.
709 2226 817 2299 (Cass.)
828 2227 909 2283 Oliva

54 2316 215 2376 fructifera,
233 2316 268 2370 de
281 2316 363 2386 cujus
376 2315 506 2385 germine
522 2315 663 2371 Dominus
679 2316 807 2372 Christus
827 2315 907 2370 eiilo·

54 2403 126 2470 ruit,
143 2403 192 2476 qui
202 2403 348 2474 spirituali
358 2406 421 2459 oleo
430 2409 588 2475 perunctus
603 2411 646 2459 est
655 2421 715 2476 prae
728 2404 908 2460 consortibus

56 2508 129 2546 suas.

93 2580 131 2634 in
153 2584 283 2635 aurnum
313 2585 338 2635 et
361 2582 391 2635 in
419 2581 549 2636 secutum
572 2582 673 2636 saecaii.
700 2583 800 2650 (Aac.)
827 2581 908 2646 Quod

57 2667 135 2723 dixit
148 2671 178 2723 in
190 2673 329 2737 eternum,
354 2669 459 2739 repetit
479 2671 508 2723 in
534 2671 660 2725 seculum
672 2671 779 2726 secuti:
802 2675 835 2725 ut
862 2686 907 2726 re·

56 2756 180 2827 petendo
203 2757 365 2824 confirmet,
395 2773 482 2829 quam
507 2758 642 2813 fundatus
679 2762 722 2813 esi
749 2758 780 2814 in
807 2774 904 2814 amore

57 2845 143 2915 regni
156 2845 303 2900 caelorum.

96 2932 180 2989 Vnus.
209 2936 250 2989 ll.
265 2970 292 2980 -
305 2936 414 3000 Fecisti,
441 2938 467 2989 et
488 2934 648 3005 exspectabo
675 2950 780 2991 nomen.
811 2936 907 3004 (ibid.)

55 3022 200 3078 Praedicta
220 3021 336 3090 seilicet,
365 3023 440 3093 qaod
460 3023 514 3077 sim
542 3023 628 3091 oliva,
645 3025 722 3095 quod
745 3024 856 3097 speravi
876 3024 906 3080 in
922 3002 943 3058 C
960 2988 991 3042 ¹¹¹

55 3109 258 3166 misericordia
272 3110 301 3165 in
316 3114 467 3165 aeternum.

360 3284 520 3341 PSALMUS
541 3285 596 3340 ill.

93 3457 176 3512 Vens.
194 3461 205 3513 i
226 3487 258 3502 -
272 3457 398 3529 latinam
410 3475 471 3530 pro,
485 3463 539 3515 etc.
557 3460 660 3529 (Cass.)
676 3460 839 3516 Intellectus
853 3461 907 3516 iia·

55 3543 104 3597 rid
119 3543 279 3614 prophetes,
294 3550 360 3614 etc,
376 3561 461 3617 usque
482 3548 519 3603 ad
534 3547 580 3602 hic
604 3547 639 3604 de
658 3547 782 3603 adventu
793 3547 906 3619 judicii.

56 3634 219 3700 (Auo.)Vel
242 3651 294 3706 pro
310 3636 466 3704 mahalath,
481 3641 547 3704 etc,
575 3651 660 3707 usque
687 3637 725 3691 ad
750 3637 907 3693 consolatio

54 3720 91 3775 in
105 3720 164 3776 hue
181 3723 295 3793 psalmi.

93 3811 174 3865 Dicit
190 3809 332 3882 insipiens.
349 3812 443 3881 (ibid.)
457 3813 618 3884 increpatio
634 3813 785 3868 malorum.

93 3898 190 3966 (ibid.)
201 3902 346 3970 insipiens,
364 3901 457 3956 omnis
472 3901 523 3973 qui
537 3902 612 3958 male
627 3901 706 3969 vivit,
730 3904 795 3970 etc,
823 3915 908 3971 usque

10 3981 12 3986 ’
52 3987 96 4042 ad
111 3986 161 4041 ille
176 3987 326 4055 dicit,non
340 3990 481 4045 cetheus.

95 4077 178 4130 Vens.
196 4078 222 4131 3.
237 4106 272 4118 -
296 4081 365 4133 bnis
397 4079 439 4132 de.
464 4078 568 4149 (Cass.)
584 4078 633 4133 Vel
649 4078 685 4134 de
707 4079 788 4144 coelo,
802 4077 832 4132 id
852 4083 905 4145 est,

53 4180 111 4237 per
126 4168 237 4218 sanctas
257 4165 366 4219 animas
380 4166 540 4232 admonuit,
556 4171 589 4221 ut
602 4166 705 4234 videat,
723 4171 777 4221 etc.
794 4169 824 4224 Si
850 4171 902 4223 est.

962 467 1048 521 lsrael
1068 466 1233 521 salvabitur.
1712 493 1720 507 -

998 556 1079 610 Vens.
1094 559 1121 609 7.
1148 587 1181 596 —
1196 555 1261 621 Quis
1277 554 1355 609 dabit
1368 569 1412 623 en,
1429 557 1482 608 etc.
1500 557 1607 623 (huc.)
1620 553 1702 610 Salus
1716 559 1811 610 autem

960 643 1131 714 parturienti
1146 643 1283 698 Ecclesia.

1259 764 1417 820 Psauuus
1444 764 1513 820 illl.

996 873 1077 926 Vens.
1103 875 1129 925 2.
1159 899 1195 912 -
1214 869 1335 940 Zipbai.
1360 872 1461 940 (illan,
1488 872 1578 942 huc.)
1612 872 1742 927 Florente
1766 872 1811 926 in·

959 964 1167 1031 terpretantur,
1183 963 1250 1024 etc..
1267 974 1351 1027 usque
1365 959 1403 1013 ad
1417 965 1517 1014 monet
1534 960 1565 1014 in
1580 959 1705 1015 adversis
1719 961 1812 1015 Deum

960 1048 1088 1104 laudare.

996 1138 1075 1192 Vsas.
1093 1139 1119 1192 3.
1134 1167 1169 1176 -
1184 1139 1265 1204 Deus,
1281 1138 1311 1190 in
1324 1137 1440 1195 nomine.
1468 1138 1569 1204 (huc.)
1584 1137 1662 1191 Inter
1680 1135 1810 1206 Ziphaeos

960 1225 1273 1293 orat.(duc.,H1an.)
1299 1225 1348 1279 llic
1371 1225 1448 1279 salsa
1463 1225 1493 1279 in
1517 1225 1645 1293 nominc,
1661 1230 1727 1297 post
1753 1241 1812 1281 non

961 1313 1049 1368 timeo
1069 1313 1193 1384 judicari
1218 1313 1248 1367 in
1273 1312 1386 1368 virtute.
1412 1315 1511 1379 (Auo.)
1534 1313 1609 1367 Deus
1636 1313 1667 1368 in
1682 1313 1811 1380 nomine,

961 1401 1050 1455 verba
1063 1399 1193 1454 Ecclesia
1217 1400 1332 1454 latentis
1346 1400 1422 1454 inter
1447 1401 1586 1471 Ziphreos,
1606 1400 1687 1471 cujus
1701 1401 1810 1456 honum

961 1488 1039 1544 intus
1050 1494 1101 1556 est,
1118 1493 1146 1542 et
1155 1504 1265 1543 merces
1278 1488 1398 1557 occulta,
1409 1489 1458 1544 alii
1472 1488 1535 1543 aliis
1549 1493 1652 1560 petunt
1674 1488 1807 1544 liberari:

963 1594 1016 1650 ego
1032 1577 1062 1631 in
1077 1582 1126 1632 tuo
1141 1577 1273 1631 nomine.

922 1659 943 1714 Β
999 1667 1122 1721 Vacat.
1139 1694 1174 1708 -
1191 1664 1398 1730 Deus,eaaudi.
1430 1664 1534 1733 (Cass.)
1560 1666 1631 1721 item
1658 1666 1811 1732 heunuc-

961 1770 1027 1809 men
1050 1753 1198 1827 potentiae,
1214 1753 1318 1825 repetit
1339 1770 1375 1808 ne
1397 1754 1490 1810 tardet
1515 1754 1665 1809 auxilium.
1690 1755 1809 1824 Percipe.

961 1847 1060 1912 (ilua.)
1083 1842 1190 1913 Ziphaei
1217 1859 1250 1896 ea
1272 1842 1325 1897 etsi
1340 1842 1470 1911 andiunt,
1494 1858 1554 1896 non
1579 1846 1676 1897 tamen
1704 1841 1810 1897 intelli-

960 1936 1044 2002 gunt,
1054 1931 1104 2002 qui
1120 1945 1176 1984 nou
1192 1930 1248 1984 nisi
1260 1931 1432 2000 temporalia
1444 1934 1597 1984 noverunt.

997 2020 1078 2073 Vsus.
1096 2023 1125 2074 5.
1144 2049 1179 2058 -
1192 2019 1295 2074 Alieni.
1311 2017 1418 2090 (Aac.)
1446 2019 1516 2089 Ziph
1541 2018 1651 2073 viculos
1673 2020 1744 2085 erat,
1760 2016 1812 2089 qui

961 2108 1123 2179 pertinebat
1135 2107 1170 2161 ad
1183 2106 1380 2173 trihumiuda,
1398 2107 1473 2162 unde
1491 2107 1610 2179 Ziphaei.

998 2197 1078 2251 Vens.
1095 2196 1251 2250 6.—Ecce
1278 2196 1358 2250 enim.
1388 2194 1492 2266 (Cass.)
1517 2195 1708 2266 Diapsalmus.
1737 2193 1812 2260 Quid

961 2283 1016 2338 sihi
1030 2288 1058 2338 et
1070 2282 1192 2353 Ziphaeis
1207 2282 1292 2336 iaciat
1308 2283 1381 2336 licus
1394 2282 1470 2336 rende
1499 2282 1585 2336 solvit
1611 2282 1723 2338 laudes.
1749 2281 1813 2337 dd·

957 2372 1049 2441 juvat.
1065 2370 1168 2442 (dua.)
1189 2370 1268 2435 erod
1295 2369 1350 2440 ipsi
1374 2369 1506 2424 nesciunt
1525 2370 1602 2424 inter
1629 2386 1702 2441 quos
1716 2370 1809 2437 lateo;

964 2461 1013 2516 sed
1036 2459 1091 2514 hoc
1120 2458 1199 2531 qaod
1214 2474 1260 2513 ms
1288 2457 1404 2530 adjurat
1428 2458 1566 2526 riderent,
1582 2458 1607 2513 si
1637 2459 1728 2514 [teum
1743 2462 1811 2513 ante

963 2550 1075 2604 occulos
1091 2552 1244 2619 ponerent.

997 2638 1075 2692 Vsus.
1110 2641 1140 2691 7.
1176 2667 1211 2676 —
1240 2636 1340 2691 Aperte
1366 2635 1441 2690 mata
1479 2636 1609 2690 inimicis.
1631 2633 1727 2703 (ibid.)
1756 2636 1805 2689 Vel

962 2730 1067 2791 averte,
1082 2741 1135 2797 pro
1156 2723 1354 2779 convertendis
1377 2726 1537 2794 praecatur:
1560 2726 1589 2777 et
1613 2722 1675 2777 haec
1702 2726 1745 2778 est
1759 2723 1809 2778 ho·

962 2814 1016 2868 stin
1031 2829 1117 2885 quam
1134 2827 1187 2882 pro
1200 2811 1371 2866 liberatione
1386 2809 1481 2865 solvit.
1515 2812 1547 2864 in
1565 2811 1688 2864 ueritate.
1704 2808 1812 2880 (Auo.)

961 2901 1012 2956 Vel
1025 2899 1183 2955 secundum
1198 2899 1283 2953 aliam
1294 2898 1434 2953 litteram:
1454 2898 1486 2952 in
1500 2899 1611 2962 uirtute,
1636 2896 1725 2967 perde
1740 2912 1812 2969 quos

1006 2993 1057 3042 tna
1084 2986 1251 3042 infirmitate
1280 2985 1421 3042 tolerasti.
1457 2986 1617 3041 Voluntaria
1638 2983 1809 3056 sacrificabo.

961 3076 1057 3143 (ibid.)
1071 3075 1142 3140 Quia
1165 3079 1283 3145 propter
1309 3089 1350 3140 se,
1366 3089 1424 3128 non
1438 3079 1558 3143 propter
1574 3072 1664 3138 alind,
1682 3072 1760 3144 quod
1776 3071 1812 3127 ah

961 3177 995 3215 eo
1020 3161 1120 3216 selim.
1148 3160 1202 3226 Qui
1223 3165 1341 3231 propter
1359 3160 1439 3217 aliud
1462 3160 1569 3226 laudat,
1586 3176 1620 3215 ex
1643 3159 1812 3214 necessitate

960 3248 1074 3318 laudat3
1091 3249 1115 3302 si
1129 3249 1199 3304 illud
1214 3248 1342 3316 haberet,
1367 3264 1426 3303 non
1440 3248 1584 3305 laudaret.
1617 3249 1687 3304 liiii
1709 3251 1811 3315 autem,

961 3342 991 3392 et
1004 3353 1069 3410 quae
1078 3337 1157 3393 dedit
1167 3340 1285 3409 propter
1295 3336 1412 3391 dantem
1432 3337 1559 3408 placent.

1268 3443 1423 3499 PSALMUS
1442 3444 1509 3499 LIV.

997 3551 1080 3604 Vens.
1101 3553 1128 3628 l.
1144 3579 1177 3590 -
1193 3551 1227 3605 in
1240 3551 1322 3619 prtem
1336 3553 1366 3604 in
1380 3551 1557 3604 carminibus.
1573 3547 1682 3620 (duc.)
1700 3549 1810 3604 intelie-

961 3642 1029 3694 ctus.
1059 3637 1160 3708 lingna
1184 3653 1252 3692 cura
1277 3637 1362 3691 debet
1390 3636 1552 3710 intelligere
1588 3636 1809 3703 Ecclesiaste,
1845 3704 1846 3707 Ἴ

961 3741 1046 3796 usqae
1072 3726 1109 3780 ad
1134 3725 1185 3796 qai
1208 3740 1262 3796 pro
1277 3724 1405 3779 molestis
1430 3724 1535 3779 civium
1564 3724 1640 3796 iugit
1666 3724 1696 3778 in
1711 3724 1810 3780 solitu·

961 3813 1072 3869 dinem.

997 3903 1077 3956 Vens.
1103 3904 1134 3956 t.
1171 3929 1204 3943 -
1242 3899 1365 3970 Paaudi,
1402 3900 1485 3966 Deus,
1524 3903 1673 3955 orationem
1711 3915 1808 3955 meam

962 3990 1070 4063 (Cass.)
1086 3989 1193 4058 Oratio,
1224 3988 1372 4061 praemissa
1390 3993 1490 4042 contra
1519 3989 1603 4047 mala.
1633 3987 1678 4042 vel
1707 3988 1810 4043 fluctus

961 4079 1069 4134 saculi.
1085 4080 1124 4136 Ne
1142 4079 1296 4148 desperetis
1310 4077 1533 4146 deprecationem.
1560 4076 1658 4149 (itia.)
1685 4076 1715 4131 Si
1731 4075 1809 4131 enim

961 4168 1036 4223 Deus
1055 4166 1104 4220 dat
1120 4165 1290 4237 temporalia
1303 4165 1389 4220 alicui
1403 4164 1519 4237 petenti,
1548 4165 1610 4236 ejus
1631 4169 1728 4219 mmen
1744 4179 1809 4219 ora·

54 4257 113 4307 etc.
132 4251 222 4319 (ibid.)
239 4254 297 4306 Aut
310 4253 332 4306 si
344 4269 402 4308 non
417 4253 564 4326 intelligit,
591 4255 615 4309 si
630 4254 729 4310 saltem
755 4260 797 4310 est
809 4256 942 4332 requi-D
961 4255 1001 4310 tio
1016 4255 1043 4310 ei
1056 4260 1170 4309 nonest
1183 4259 1307 4326 accepta,
1324 4253 1480 4325 quieceret
1502 4252 1598 4309 debito
1613 4251 1682 4309 tine.

54 4356 127 4396 rens
140 4339 301 4411 intelligere
316 4342 416 4398 ileum.

93 4428 179 4482 Vens.
195 4431 221 4481 t.
240 4428 381 4485 -Omnes
404 4429 620 4486 declinaverunt.
648 4430 742 4498 (ibid.)
758 4429 907 4501 congruus

54 4516 141 4572 ordo.
159 4517 242 4571 Prius
256 4516 415 4584 declinant;
434 4522 503 4574 tanc
532 4518 671 4587 inutiles;
694 4518 761 4574 inde
784 4534 843 4573 ιιοιι
866 4524 909 4574 est

56 4603 112 4676 qui
120 4603 206 4659 iaciat
220 4604 340 4661 bonum.

95 4692 176 4746 Vaas.
204 4695 229 4749 ὅ.
256 4723 290 4736 ·-
305 4696 398 4752 Nonne
412 4696 504 4751 eciem.
521 4694 615 4763 (ibid.)
641 4693 831 4750 Comminatio
847 4710 908 4750 ma-

56 4779 155 4833 lorum
165 4794 218 4849 per
231 4780 330 4836 finem.
343 4783 445 4853 (Aac.)
462 4782 585 4837 Minatur
599 4781 666 4849 illis,
682 4786 746 4848 etc,
762 4797 848 4852 usque
859 4783 906 4838 ad.

57 4867 113 4922 Sed
131 4868 234 4923 merito
246 4868 299 4923 hoc
314 4870 364 4937 eis,
381 4870 464 4941 quia:

92 4955 174 5009 Vaas.
186 4958 212 5011 6.
238 4987 273 4997 -
294 4960 377 5013 Deum
391 4973 444 5013 non
471 4960 673 5014 tricacaaerunt.
706 4958 800 5027 (ibid.)
830 4959 908 5015 Con·

56 5042 170 5098 solatur
197 5057 353 5115 gementes,
375 5062 412 5102 ne
430 5052 631 5118 prosperantes
655 5045 815 5108 imitentur,
840 5046 909 5118 quia

56 5131 148 5186 Deum
174 5150 228 5191 non
260 5139 464 5203 inuocauerunt,
491 5136 569 5192 unde
600 5136 656 5190 cito
681 5136 804 5207 perituri
831 5142 908 5203 sunt,

57 5223 218 5284 consolatio
232 5223 372 5280 fideliam.
396 5226 573 5282 Ossa-eorum
601 5227 650 5295 qni
676 5224 827 5279 bominibus
845 5225 906 5294 pta·

56 5322 128 5373 cent.
145 5317 252 5385 (Cass.)
268 5313 340 5369 Boni
364 5312 419 5370 sibi
433 5313 593 5387 displicent,
607 5314 676 5369 dum
692 5328 807 5369 carnem
823 5313 907 5368 casti·

56 5410 129 5478 gant
140 5422 147 5461 :
160 5405 277 5476 placent
290 5402 368 5458 mali.

93 5491 404 5566 centurionatum.)
428 5491 459 5548 ld
474 5495 526 5559 eet,
543 5490 764 5558 contundentur,
792 5506 906 5563 separa·

996 4346 1076 4400 Vens.
1094 4347 1120 4412 3,
1135 4345 1161 4399 4.
1176 4374 1211 4384 —
1232 4346 1265 4399 la
1292 4346 1493 4410 coercitatione,
1509 4347 1562 4397 etc.
1589 4340 1691 4413 (ilua.)
1707 4340 1808 4399 Omnis

962 4435 1054 4489 malus
1073 4433 1151 4500 vivit,
1163 4434 1207 4488 rel
1226 4437 1256 4487 at
1271 4432 1442 4505 corrigatur,
1455 4433 1498 4487 rel
1514 4437 1547 4487 ut
1562 4447 1615 4502 per
1628 4446 1694 4485 eum
1715 4430 1810 4486 bonus

962 4526 1137 4577 exerceatur.
1166 4521 1348 4579 conturbatus
1376 4536 1436 4576 sam
1455 4536 1473 4574 a
1495 4535 1556 4576 uoce
1570 4521 1684 4575 inimici.
1712 4516 1809 4590 (duc.)

961 4611 994 4665 ln
1018 4610 1080 4681 ipsa
1112 4626 1221 4681 pugna,
1240 4611 1309 4665 dum
1338 4616 1367 4665 et
1390 4609 1521 4669 inimicos
1549 4609 1610 4664 vult
1633 4607 1765 4679 diligere,
1781 4608 1810 4661 et

962 4695 1125 4751 abundante
1146 4695 1251 4750 militia
1274 4695 1377 4768 incipit
1398 4695 1501 4762 odisse,
1526 4699 1555 4749 et
1579 4694 1619 4749 ita
1648 4692 1751 4764 incipit
1777 4691 1809 4746 in

961 4783 1094 4839 fluctibus
1109 4784 1211 4857 mergi.
1229 4784 1331 4855 (Hice.)
1354 4783 1556 4839 Conturbatus.
1573 4782 1633 4851 Vel,
1651 4780 1807 4836 conturba·

961 4875 1007 4926 tus
1036 4887 1137 4926 suma
1165 4888 1233 4927 roes
1251 4870 1373 4933 inimici,
1407 4870 1457 4941 qui
1480 4885 1527 4924 me
1549 4867 1761 4924 Samaritanum
1782 4870 1812 4923 et
1866 4917 1871 4931 ,

963 4960 1140 5016 daemonium
1154 4959 1308 5014 habentem
1328 4958 1467 5013 dicebant.

998 5051 1078 5105 Vnus.
1095 5053 1172 5105 5.-
1186 5050 1237 5106 Gor
1265 5063 1351 5103 meum
1378 5047 1576 5103 conturbatum.
1608 5045 1714 5118 (Cass.)
1734 5046 1809 5117 Lege

962 5138 1066 5206 earnis,
1083 5137 1197 5193 suimus
1207 5135 1341 5191 turbatur
1352 5135 1382 5190 in
1393 5151 1449 5206 me,
1464 5151 1522 5191 non
1542 5135 1598 5190 exit
1613 5152 1630 5190 a
1644 5150 1699 5189 me.

999 5227 1079 5281 Vens.
1096 5228 1122 5281 6.
1143 5255 1178 5265 -
1206 5226 1298 5279 timor
1323 5229 1348 5279 et
1381 5229 1489 5279 tremor.
1520 5223 1616 5295 (ibid.)
1648 5221 1809 5293 Proprietas

962 5313 1125 5380 mortisesi,
1140 5317 1246 5367 uteam
1272 5312 1352 5384 prius
1365 5312 1528 5381 timeamus,
1553 5312 1629 5367 unde
1654 5310 1808 5367 contremi-

962 5418 1083 5457 scamus.
1108 5403 1289 5458 conteaerunt
1324 5417 1365 5457 me
1393 5400 1517 5456 tenebra.
1551 5400 1654 5469 (titan)
1686 5399 1809 5456 Perrebrae

962 5497 1030 5546 sunt
1054 5490 1121 5545 mali
1148 5488 1292 5559 homines,
1327 5489 1378 5561 qui
1403 5493 1616 5560 persequuntur
1643 5489 1807 5545 Ecclesiam.

1760 257 1918 325 sn.
