3892 6106
543 276 890 337 Gtosss0hh1ttttttt.
909 309 945 321 -
965 283 1029 338 tlh.
1048 283 1187 341 llllll'l'll.
1689 296 1743 352 7³8

74 406 109 448 ts.
133 395 159 447 5.
185 423 219 433 -
240 412 254 445 ι
274 396 308 450 Et
324 411 414 466 panes
439 400 600 454 etcaseum.
620 420 635 450 »
654 401 719 456 Erec
743 402 878 457 omuiad
896 405 977 459 vohis
997 409 1168 477 potestatem
1202 407 1329 463 calcandi
1351 425 1438 481 super
1460 417 1608 482 serpentes
1626 420 1655 470 et
1669 432 1747 472 scor·

74 496 127 553 pro
138 481 349 553 dispensatione
361 483 486 540 dominre
497 503 556 542 sue
570 488 710 546 observat.
724 491 838 547 lustum
892 491 993 564 pionsv
1012 498 1041 549 et
1066 510 1154 566 super
1175 511 1276 551 omnes
1302 495 1420 553 virtutes
1442 499 1554 555 inimici
1579 502 1657 573 (hue.
1674 509 1745 576 x).»

74 568 126 637 im,
151 572 256 643 utqui
284 588 343 627 non
369 574 449 628 novit
474 574 673 633 moderamina
698 579 838 636 vitoesuae
929 583 1009 638 Vens.
1037 586 1081 641 19.
1106 613 1140 625 -
1167 586 1201 639 Et
1226 599 1331 653 ecce,»
1361 592 1413 641 etc.
1445 588 1550 645 Scitote
1578 597 1687 662 quanta
1710 594 1748 650 sit
1834 613 1840 625 *

74 672 93 725 t,
110 674 169 714 non
183 659 277 714 subito
291 660 343 716 flat
357 662 574 721 rectoraticum.
892 669 1066 742 malignitas,
1080 677 1188 743 quauta
1215 672 1292 728 fraus
1307 672 1416 729 inimici
1436 677 1537 747 nostri,
1567 685 1674 750 quanta
1683 681 1745 758 pie3

74 745 256 818 ueruutque,
272 753 348 804 »etc
360 749 439 805 Sicut
451 750 648 808 dominatione
657 756 837 812 saecularium
893 762 951 812 tate
965 758 1074 814 anobis
1088 765 1238 833 superatus
1266 761 1314 829 sit,
1327 777 1399 833 quos
1427 765 1566 820 Dominus
1592 767 1696 823 illesos
1708 770 1745 825 ab

76 850 147 906 pum
166 835 255 890 libere
271 853 387 892 manere
412 841 617 910 permiserunt.
634 842 713 897 Sicut
739 844 837 916 Traja·
893 845 1087 903 omnilraude
1101 858 1129 904 et
1154 850 1258 905 erroris
1281 852 1528 908 contaminatione
1553 856 1686 925 custodit,
1710 864 1745 914 ut

74 929 117 979 cat
130 923 275 994 imprimis
290 926 393 981 Christi
403 927 584 983 confessores
609 938 776 1001 persecutus
790 935 836 1001 sit,
892 933 937 988 his
949 933 1084 1006 inspectis
1099 937 1246 992 Conditori
1272 941 1301 993 et
1323 939 1512 1011 Redemptori
1529 947 1625 998 nostro
1637 947 1745 1015 gratias

74 1038 75 1055 ι
94 1013 221 1068 secundo
249 1014 433 1082 admonente,
460 1016 615 1073 levioribus
630 1019 751 1075 decretis
775 1022 837 1078 edi·
891 1021 992 1092 agatis,
1006 1023 1085 1089 ,uude
1101 1040 1108 1078 :
1127 1045 1141 1074 ιι
1156 1024 1250 1080 Sobrii
1264 1030 1353 1081 estote
1364 1013 1529 1099 et‘vigitate
1540 1031 1562 1100 (l
1587 1032 1660 1087 Pelr.
1678 1032 1714 1103 v).
1728 1055 1743 1084 a

74 1115 158 1155 suurn
174 1105 354 1171 temperavit.
384 1103 472 1159 AElius
496 1122 612 1178 quoque
630 1108 772 1164 Adrianus
786 1127 839 1182 per
892 1110 925 1164 Et
941 1127 948 1167 z
966 1111 1092 1167 «Timeo
1115 1129 1152 1168 ne
1176 1113 1250 1169 sicut
1268 1130 1385 1186 serpens
1406 1117 1518 1172 seduxit
1545 1119 1745 1176 Evanaastutia

74 1193 156 1243 'atum
182 1190 353 1260 discipulum
385 1194 593 1263 apostolorum,
629 1201 658 1251 et
682 1197 837 1254 Aristidem
876 1215 955 1268 ‚sua,
969 1199 1009 1255 ita
1022 1204 1053 1255 et
1066 1217 1165 1256 seusus
1184 1201 1275 1257 nostri
1303 1211 1526 1275 corrumpantur
1555 1205 1666 1278 (licor.
1682 1209 1711 1279 1).
1727 1231 1742 1260 a

74 1276 186 1331 leusem
209 1277 315 1346 virum,
338 1278 373 1333 de
393 1280 554 1336 Christiana
573 1282 715 1354 religione
738 1284 836 1339 eradi·
892 1289 925 1343 Et
939 1289 1027 1344 item:
1047 1311 1058 1340 a
1083 1289 1291 1345 confortemini
1315 1291 1346 1345 in
1369 1292 1490 1348 Domino
1513 1299 1539 1350 et
1560 1296 1589 1351 iu
1616 1297 1745 1367 potentia

74 1359 258 1415 dltunitium
273 1363 441 1418 Fundanum
460 1367 662 1436 proconsulem
686 1367 761 1424 Asiae
775 1367 838 1439 epi·
892 1375 1004 1431 virtutis
1018 1376 1148 1448 ejuszet
1170 1377 1280 1432 induite
1296 1394 1344 1433 vos
1368 1396 1447 1434 arma
1460 1380 1511 1435 [lei
1537 1381 1646 1452 (Eples.
1678 1399 1744 1439 rr.»

74 1449 184 1515 imisit,
204 1455 234 1504 ut
245 1451 356 1506 nemini
371 1452 471 1508 liceret
484 1453 677 1512 Christianum
695 1455 757 1512 aine
781 1457 836 1512 cri·
927 1466 1008 1521 Vaas.
1023 1466 1068 1520 25.
1084 1496 1120 1506 -
1134 1484 1148 1518 ι
1161 1465 1232 1530 Quia
1243 1467 1328 1522 hodie
1343 1484 1448 1523 nouren
1463 1474 1557 1537 tuum,
1572 1489 1586 1522 a
1603 1476 1656 1527 etc.
1671 1472 1745 1527 hans

84 1536 246 1609 objectione
259 1545 308 1594 eut
326 1540 495 1612 probatione
511 1543 658 1599 damnare·
893 1552 1023 1608 Ecclesiae
1033 1570 1093 1609 non
1105 1555 1217 1609 recedet
1231 1555 1267 1610 de
1283 1571 1332 1610 ore
1347 1557 1509 1622 hominum,
1535 1557 1585 1628 qui
1602 1574 1744 1614 memores

314 1664 426 1719 CAPUT
445 1666 488 1720 XL
851 1687 873 1742 B
893 1646 959 1695 srrnt
972 1641 1060 1697 studii
1073 1646 1102 1696 et
1116 1657 1236 1712 operum
1247 1643 1318 1713 ejus,
1336 1659 1402 1714 quae
1416 1660 1468 1714 per
1495 1644 1676 1702 dilectionem
1692 1647 1745 1703 Dei

891 1734 920 1783 et
931 1729 1052 1800 proximi
1076 1735 1232 1801 praesentes
1258 1731 1460 1787 tribulationes
1490 1750 1590 1789 secura
1613 1735 1742 1802 sustinet,

74 1795 97 1835 ³·
113 1781 140 1835 4·
153 1812 188 1820 ““
206 1802 220 1830 “
245 1783 278 1836 Et
300 1782 373 1838 dim
398 1783 439 1839 iffi
455 1784 574 1841 ¹¹¹dith²
600 1784 687 1842 sunm
706 1787 834 1858 verbm
889 1816 945 1871 lide
960 1817 1047 1889 plena
1061 1823 1088 1873 et
1103 1835 1154 1890 spe
1168 1819 1261 1886 firma,
1273 1820 1423 1875 attendens
1447 1822 1636 1878 eminentiam
1656 1824 1743 1878 coele-

74 1870 238 1936 lne.,serm.
257 1874 309 1925 229
329 1871 363 1927 de
384 1872 477 1944 temp.)
506 1873 620 1945 Species
634 1876 755 1931 custodit
769 1893 834 1948 quae

74 1955 138 2022 itur,
153 1962 217 2026 etc,
231 1973 315 2028 usque
329 1959 366 2014 ad
394 1960 442 2016 sed
463 1977 549 2034 sopor
562 1961 615 2016 tihi
640 1978 727 2034 quem
750 1963 835 2019 ferias
889 1993 997 2049 lorum‘

74 2045 166 2100 travit.

74 2148 100 2191 a.
122 2137 164 2189 17.
179 2165 214 2175 -
230 2152 244 2185 ιι
269 2134 351 2190 llissa
371 2152 474 2191 sum.»
502 2137 596 2192 Prima
610 2138 656 2193 via
670 2137 769 2193 salutis
781 2138 836 2193 fuit

74 2237 126 2291 tus,
138 2223 340 2293 praedicatores
367 2225 510 2297 Evangelii
534 2232 682 2298 gratanter
708 2227 834 2298 recipere

74 2324 103 2366 m
116 2313 257 2382 prebere,
274 2317 303 2367 et
327 2329 380 2383 per
393 2329 492 2369 eorum
513 2314 674 2370 doctrinam
698 2314 734 2371 ad
758 2314 836 2387 agui·

74 2416 96 2456 n
109 2402 236 2457 veritatis
251 2404 358 2458 venire.

925 2082 1116 2138 11111129.-
1134 2101 1148 2134 ι
1164 2082 1268 2137 Videns
1297 2088 1393 2139 autern
1411 2084 1526 2142 Achior.
1540 2108 1555 2137 a
1572 2088 1625 2142 Per
1638 2088 1745 2144 achior

887 2170 1047 2242 principem
1063 2171 1297 2227 Ammonitarum
1320 2174 1426 2243 pagani
1450 2175 1494 2229 vel
1518 2176 1645 2231 haeretici
1668 2176 1743 2233 desi·

888 2263 1024 2331 guantur,
1041 2258 1091 2330 qui
1106 2259 1235 2314 videntes
1252 2261 1382 2315 Ecclesiae
1408 2261 1495 2317 tidem
1521 2263 1743 2336 hostiumsope·

887 2363 964 2403 rasse
988 2347 1175 2416 ferocitatem,
1202 2348 1292 2404 nimio
1308 2364 1414 2420 pavore
1431 2350 1638 2407 concutiuntur
1652 2358 1681 2407 et
1695 2369 1741 2407 sn-

888 2435 1019 2507 perbiam
1044 2452 1126 2491 suam
1155 2436 1341 2491 humiliantes
1362 2437 1515 2492 Ecclesiam
1541 2446 1741 2506 venerantur;

303 2527 416 2582 CAPUT
453 2528 509 2583 xil,
888 2528 916 2578 et
928 2539 1064 2596 sequaces
1092 2539 1157 2578 suos
1185 2540 1312 2579 errorem
1338 2526 1503 2596 relinquere
1526 2531 1554 2581 et
1573 2527 1630 2582 flde
1653 2528 1738 2585 liberi

887 2612 1066 2669 seaesoclare
1091 2611 1268 2681 hortantur;
1299 2614 1374 2668 unde
1395 2614 1480 2670 lsaias
1496 2631 1536 2668 :a
1563 2617 1683 2671 Venient
1706 2618 1740 2673 ud

74 2654 100 2693 s.
116 2640 159 2693 19.
188 2641 301 2694 -aEt
323 2642 441 2712 accepit.
469 2643 560 2698 »Nou
583 2640 834 2713 inquinatureibis
999 2701 1005 2714 ,
1055 2701 1071 2713 ..
1252 2701 1257 2712 ,
1405 2703 1432 2713 ..

887 2706 915 2757 te
927 2717 1008 2757 curvi
1020 2700 1073 2756 filu
1088 2716 1189 2756 eorum
1209 2717 1261 2774 qur
1285 2707 1313 2756 te
1331 2702 1567 2770 humiliaverunt,
1598 2710 1626 2759 et
1639 2705 1742 2760 adora·

73 2723 134 2780 ium
147 2730 197 2779 aut
209 2726 425 2796 superstitione.
441 2729 563 2784 Ecclesia
578 2729 655 2785 enim
672 2729 749 2783 iuter
762 2744 833 2800 gen·

74 2813 180 2881 bium,
203 2815 365 2870 idololatria
396 2832 455 2870 non
479 2818 629 2887 polluitur,
653 2816 833 2889 sedhisquae
887 2788 1087 2862 buntvsstigia
1103 2789 1210 2861 pedum
1232 2794 1348 2844 tuorum
1372 2791 1537 2862 omnesqui
1554 2792 1743 2848 detrahebant

75 2902 237 2958 ofidelium
262 2919 313 2975 per
336 2903 529 2958 obedientiam
555 2909 708 2975 preparat,
731 2904 830 2970 utitur,
886 2879 939 2935 tibi
954 2879 1017 2950 (Μ
1038 2877 1122 2949 ¹·¹·)’
1188 2918 1193 2925 ·

74 3006 78 3045 t
96 3012 112 3041 ιι
121 2991 198 3046 ileos
220 2990 300 3044 cibus
321 2995 417 3046 estut
443 2991 545 3048 faciam
570 2991 748 3048 voluntatem
770 2963 870 3062 ejusc
1204 2948 1316 3065 “pm
1356 2949 1424 3004 XIV·

74 3077 125 3134 isit
139 3095 185 3134 me
200 3079 291 3135 Patris
304 3079 398 3148 (donar.
412 3080 462 3152 vv).
480 3101 491 3132 ι
921 3058 1001 3111 Vens.
1017 3058 1060 3111 13.
1076 3084 1111 3096 -
1138 3054 1246 3109 «Tunc
1273 3069 1429 3125 1ngressus.
1449 3072 1464 3106 a
1488 3055 1579 3110 Duces
1606 3072 1740 3127 persecu.

886 3151 981 3201 torum
994 3144 1063 3200 deos
1075 3159 1141 3198 suos
1149 3146 1248 3196 centra
1263 3142 1415 3198 Ecclesiam
1424 3149 1575 3212 poscentes
1586 3144 1739 3212 auxilium,

297 3207 414 3263 CAPUT
437 3206 505 3261 xm·
886 3227 1038 3283 inveniunt
1051 3243 1099 3282 eos
1112 3225 1230 3299 propria
1255 3227 1381 3313 foeditate
1400 3228 1600 3299 spurcissimos
1615 3234 1643 3285 et
1660 3231 1741 3286 omni

74 3337 98 3376 a,
112 3320 194 3390 4,-{
208 3340 222 3374 a
238 3324 271 3379 111
290 3323 402 3378 lecto..
432 3320 567 3377 Nefanda
595 3321 763 3387 securitatis,
775 3337 832 3394 qna
886 3315 992 3371 virtute
1005 3313 1166 3381 destitutos,
1195 3314 1272 3370 unde
1286 3314 1364 3386 fugae
1392 3331 1421 3370 se
1437 3318 1673 3373 commendantes
1693 3334 1741 3374 re-

74 3426 146 3482 pone
160 3411 408 3481 peceareconfidit
424 3427 431 3478 ;
446 3411 545 3465 unde.-
563 3430 577 3460 «
591 3409 700 3481 Impius
720 3425 785 3465 cum
800 3411 833 3465 ia
886 3404 1024 3477 linquunt
1061 3419 1095 3459 ea
1131 3402 1291 3475 inquibus
1318 3403 1516 3474 temporaliter
1547 3406 1739 3464 confidebant.

74 3496 158 3553 ndum
188 3503 370 3569 peccatorum
396 3498 516 3567 venerit,
553 3497 711 3552 contemnit
739 3498 828 3563 (Pron
887 3493 983 3549 «Nou
997 3495 1040 3547 est
1057 3491 1310 3564 enimprudentin
1325 3508 1383 3547 ¹¹⁰⁰
1399 3494 1597 3565 fislstpitnlit
1612 3512 1742 3552 11000011·

84 3606 100 3637 »
886 3582 984 3637 silium
999 3582 1224 3650 contraham,
1241 3600 1255 3632 a
1275 3582 1352 3637 unde
1380 3581 1540 3638 llieremiss
1566 3583 1650 3639 alez·
1679 3585 1742 3641 Nou

74 3690 104 3732 s.
124 3678 165 3730 11.
196 3704 230 3717 -
247 3697 258 3724 ι
276 3675 367 3746 Caput
381 3673 549 3729 holofernis.
568 3673 833 3730 altecordationena
886 3670 978 3743 fugiet
1006 3671 1087 3726 velox
1112 3674 1142 3725 et
1156 3686 1215 3724 non
1243 3669 1398 3726 salvabitur
1420 3670 1511 3738 furtis,
1535 3693 1550 3722 a
1580 3677 1633 3729 etc.
1651 3673 1738 3745 (Hier.

74 3761 104 3818 ai
116 3763 184 3818 helii
196 3762 315 3818 sollicite
326 3761 579 3834 jubetmemorari,
596 3761 693 3817 unde:
711 3780 726 3812 ι
740 3761 834 3816 Sobrii
887 3758 968 3831 aava).

83 3849 417 3921 elvigilateffetnvt.»
1225 3828 1339 3883 CAPUT
1367 3829 1421 3884 XV·

75 3953 99 3993 s.
117 3941 159 3993 13.
183 3956 248 3988 -a
277 3938 446 3994 Custodibus
462 3953 621 3993 murorum.
638 3957 653 3987 »
670 3937 702 3993 ld
717 3942 759 3992 est
779 3937 834 3992 do·
937 3935 1016 3992 Vns.
1039 3937 1065 3990 3.
1088 3962 1123 3974 -
1139 3953 1154 3983 ιι
1182 3932 1316 3988 videntes
1352 3932 1460 4003 itaque.
1489 3952 1504 3986 a
1532 3937 1587 3989 etc.
1626 3935 1741 3991 Gedeon

74 4023 281 4095 us,quiverb0
297 4029 326 4079 et
347 4024 477 4095 exemplo
504 4024 655 4079 Ecclesiam
682 4023 833 4091 muniunt,
888 4026 988 4077 matra
999 4022 1369 4092 uadianitaspugnatums,
1386 4036 1443 4076 non
1458 4022 1581 4087 hastam,
1606 4024 1740 4094 noncly·

74 4112 161 4169 sitam
176 4118 314 4168 eetermm
330 4112 523 4177 introducunt,
541 4113 577 4168 de
592 4113 833 4185 quibusdicitnr:
888 4126 986 4184 psum,
1014 4111 1065 4166 aed
1098 4110 1183 4165 tubas
1206 4114 1236 4164 et
1258 4109 1406 4180 lampades
1432 4109 1510 4180 tulit,
1549 4110 1741 4182 praefigurans

74 4217 116 4257 ser
142 4216 241 4256 muros
267 4206 332 4256 tuos
354 4202 512 4256 Jerusalem
539 4201 675 4256 constitui
702 4202 833 4257 custodes
888 4198 1034 4272 Evangelii
1060 4214 1218 4270 precones,
1235 4197 1340 4270 quibus
1364 4213 1424 4252 nou
1440 4205 1484 4254 est
1508 4198 1671 4255 colluctatio
1689 4200 1740 4256 ad·

74 4291 164 4361 ml.»
193 4289 243 4342 tlet
268 4286 403 4358 angelicis
435 4285 593 4358 spiritibus,
619 4286 668 4358 qui
695 4285 778 4340 nobis
801 4285 833 4341 iu
888 4305 986 4345 versus
1001 4302 1117 4344 carnem
1132 4292 1161 4342 et
1188 4285 1367 4359 sanguinem,
1385 4287 1433 4343 sed
1460 4292 1560 4344 eontra
1579 4288 1741 4360 spiritualia

74 4379 142 4434 hum
156 4376 247 4443 missi,
263 4376 405 4447 malignos
419 4376 536 4446 spiritua
568 4374 731 4430 excludunt.
888 4375 1024 4449 nequitiae
1038 4375 1069 4431 iu
1083 4375 1252 4444 coelestibus,
1269 4379 1335 4442 etc,
1354 4379 1384 4430 et
1397 4381 1529 4448 pugnant
1555 4376 1740 4448 praedicatio·

73 4468 166 4540 perite
176 4469 307 4536 portas.»
322 4464 353 4519 ld
367 4468 410 4519 est
431 4464 615 4519 devotionem
640 4462 744 4529 cordis,
755 4461 834 4518 uude
887 4466 933 4521 nis
948 4480 1016 4521 voce
1030 4470 1059 4520 et
1073 4464 1276 4519 miraculorum
1291 4463 1414 4534 fulgore.

74 4572 99 4612 r:
121 4573 136 4607 ι
160 4553 214 4619 Qui
242 4553 329 4608 habet
356 4568 440 4607 aures
462 4552 599 4607 audiendi
628 4551 734 4616 audiet,
764 4550 835 4622 quid
923 4575 938 4606 ι
963 4553 1062 4611 Omnis
1088 4553 1196 4624 itaque.
1211 4573 1226 4602 a
1251 4552 1294 4607 nd
1321 4551 1552 4624 praedicationem
1579 4552 1661 4609 verbi
1680 4553 1741 4626 illei

74 4658 105 4698 ns
118 4641 194 4697 dicat
208 4639 333 4695 ecclesiis
355 4638 450 4710 (Apoc.
468 4639 527 4711 1).»
555 4639 718 4694 Secundum
741 4639 831 4694 illud:
888 4658 921 4697 ex
935 4642 1054 4716 singulis
1082 4641 1214 4713 gentibus
1223 4639 1264 4711 tet
1286 4640 1441 4712 provinciis
1465 4640 1593 4712 probatu
1609 4656 1740 4713 personae

74 4730 178 4803 tusqui
192 4745 307 4784 causam
331 4745 413 4783 suam
437 4728 565 4800 loquitur
577 4727 608 4782 in
632 4744 700 4782 auro
714 4727 833 4784 audien·
887 4735 917 4786 et
938 4731 1046 4787 viribus
1075 4729 1207 4786 accincta
1231 4728 1267 4784 ad
1281 4728 1422 4783 malitiam
1454 4728 1569 4784 Domini
1597 4729 1740 4798 veniunt3

74 4818 233 4891 et.xxv).»
264 4818 402 4874 Dominus
422 4817 557 4871 virtutem
584 4816 692 4887 populo
717 4816 832 4871 suoda·
887 4819 1080 4876 undelsaias:
1099 4840 1113 4870 ιι
1143 4819 1211 4873 Eece
1236 4816 1283 4873 isti
1298 4817 1333 4872 de
1360 4817 1446 4888 longe
1472 4816 1597 4886 venient,
1626 4823 1656 4873 et
1674 4834 1739 4875 ecee

74 4927 117 4966 rm
132 4925 189 4980 quo
204 4907 323 4976 scilicet,
339 4906 450 4978 apicem
464 4905 585 4960 coelestis
599 4902 681 4975 regni
694 4902 832 4969 ascendit,
886 4907 927 4964 illi
942 4907 978 4963 ab
991 4908 1134 4979 hqussone
1150 4911 1180 4962 et
1194 4905 1267 4961 mari
1281 4903 1352 4977 (feu.
1366 4903 1450 4977 auu),
1468 4923 1482 4958 n
1498 4909 1551 4961 ete.

74 5015 114 5056 :a
128 4998 217 5054 Nemo
235 4996 402 5052 ascenditin
416 4995 521 5050 eoelum
544 4991 600 5048 nisi
615 4990 666 5064 qui
686 4990 833 5047 descendit
922 4996 1003 5052 Vana.
1020 4998 1067 5051 13.
1097 5025 1129 5037 -
1152 4995 1236 5050 «Per
1260 4993 1320 5050 dies
1338 4999 1477 5049 autem.»
1505 4993 1558 5058 Qui
1573 4993 1740 5052 universum

74 5087 102 5144 lc
117 5087 206 5160 (loon.
224 5087 303 5155 1113.»
885 5081 1036 5157 praesentis
1050 5081 1116 5138 vitre
1130 5086 1244 5154 tempus
1268 5078 1442 5152 significant,
1466 5097 1524 5152 quo
1538 5082 1664 5153 populus
1688 5082 1741 5138 liei

76 5192 98 5230 s.
116 5177 159 5230 te.
174 5203 210 5215 -
226 5192 241 5225 ι
256 5173 306 5228 llta
319 5175 414 5227 autem
430 5167 596 5226 ascendens.
622 5187 637 5218 a
652 5167 695 5223 Ad
709 5167 834 5224 coelestia
886 5173 921 5228 de
940 5172 1021 5229 hoste
1034 5170 1215 5242 triumphans
1229 5167 1417 5240 spiritualiter
1441 5168 1579 5240 exspoliat
1594 5188 1602 5237 ;
1617 5170 1740 5226 undede

74 5269 119 5322 ata
141 5280 305 5321 sermonem
327 5266 507 5327 convertens,
537 5262 566 5313 et
589 5256 625 5312 ad
655 5257 833 5313 laudandum
887 5260 1010 5316 Ecclesia
1036 5258 1162 5315 dicitur:
1180 5279 1194 5309 ιι
1218 5256 1345 5313 confidit
1371 5255 1403 5311 in
1424 5271 1460 5313 ea
1485 5272 1536 5312 eor
1549 5257 1605 5314 viri
1632 5258 1687 5327 sui,
1713 5264 1742 5316 et

87 5369 141 5428 pro
156 5352 301 5408 beneflciis
312 5350 371 5406 suia
384 5349 529 5405 auditores
542 5346 688 5403 attollens.
887 5349 987 5423 spatiis
996 5364 1055 5404 non
1066 5346 1208 5418 indigebit
1223 5347 1311 5417 (Pron.
1321 5343 1409 5418 xxxi).
1425 5364 1440 5399 a

74 5459 87 5498 s
101 5445 143 5499 18.
154 5473 188 5483 -
209 5463 223 5494 ι
237 5443 270 5497 Et
293 5439 444 5496 interfecit.
469 5458 484 5490 a
501 5439 541 5494 lle
561 5452 638 5509 quo:
657 5437 753 5508 «lpse
764 5450 833 5490 con·
922 5437 1003 5492 Vens.
1019 5435 1063 5491 tt.
1075 5463 1111 5477 -
1127 5457 1138 5483 ι
1167 5434 1256 5489 Porro
1282 5439 1389 5489 autern.
1405 5452 1420 5487 a
1441 5432 1487 5491 Sic
1502 5434 1625 5507 populus
1638 5435 1691 5491 llei
1704 5435 1740 5491 ab

74 5535 166 5604 eaput,
180 5534 232 5586 stc.
249 5529 330 5601 (Gen.
345 5528 386 5600 u).
409 5528 469 5584 »nt
484 5526 515 5582 iu
532 5525 709 5598 Evangelio:
726 5523 833 5582 «Dabo
886 5522 1161 5596 AEgyptorecadeus,
1176 5520 1271 5594 ipsam
1289 5521 1450 5594 spolivavit,
1471 5523 1548 5581 uude
1573 5525 1743 5582 tuberum·

889 1906 1186 1975 stiumprtemiorum,
1210 1907 1258 1963 uhi
1275 1908 1432 1963 sociabitur
1455 1909 1629 1966 beatitudini
1652 1927 1743 1983 auge·
1845 1959 1848 1969 ,
