<?xml version="1.0" encoding="UTF-8"?>
<!DOCTYPE html PUBLIC "-//W3C//DTD XHTML 1.0 Transitional//EN"
    "http://www.w3.org/TR/xhtml1/DTD/xhtml1-transitional.dtd">
<html xmlns="http://www.w3.org/1999/xhtml" xml:lang="en" lang="en">
 <head>
  <title>
</title>
<meta http-equiv="Content-Type" content="text/html;charset=utf-8" />
  <meta name='ocr-system' content='tesseract 3.04.00' />
  <meta name='ocr-capabilities' content='ocr_page ocr_carea ocr_par ocr_line ocrx_word'/>
</head>
<body>
  <div class='ocr_page' id='page_1' title='image "./patrologiaecurs04migngoog/patrologiaecurs04migngoog_0252.png"; bbox 0 0 3892 6106; ppageno 0'>
   <div class='ocr_carea' id='block_1_1' title="bbox 671 278 1854 341">
    <p class='ocr_par' dir='ltr' id='par_1_1' title="bbox 671 278 1854 341">
     <span class='ocr_line' id='line_1_1' title="bbox 671 278 1854 341; baseline -0.001 -1"><span class='ocrx_word' id='word_1_1' title='bbox 671 285 801 341; x_wconf 74' lang='lat' dir='ltr'><strong>GLOSSA</strong></span> <span class='ocrx_word' id='word_1_2' title='bbox 813 285 1018 341; x_wconf 73' lang='lat' dir='ltr'><strong>oneratum.</strong></span> <span class='ocrx_word' id='word_1_3' title='bbox 1040 311 1072 321; x_wconf 84' lang='lat'>-</span> <span class='ocrx_word' id='word_1_4' title='bbox 1093 281 1158 337; x_wconf 83' lang='lat' dir='ltr'><strong>tte.</strong></span> <span class='ocrx_word' id='word_1_5' title='bbox 1181 278 1283 336; x_wconf 81' lang='lat' dir='ltr'><strong>DEUT·</strong></span> <span class='ocrx_word' id='word_1_6' title='bbox 1800 282 1854 339; x_wconf 76' lang='lat' dir='ltr'><strong>tut</strong></span> 
     </span>
    </p>
   </div>
   <div class='ocr_carea' id='block_1_2' title="bbox 52 402 1858 5615">
    <p class='ocr_par' dir='ltr' id='par_1_2' title="bbox 92 402 1856 1979">
     <span class='ocr_line' id='line_1_2' title="bbox 401 402 1853 479; baseline -0.001 -17"><span class='ocrx_word' id='word_1_7' title='bbox 401 424 513 479; x_wconf 70' lang='lat' dir='ltr'><strong>cgpgp</strong></span> <span class='ocrx_word' id='word_1_8' title='bbox 533 424 644 479; x_wconf 61' lang='lat' dir='ltr'><strong>xmp,</strong></span> <span class='ocrx_word' id='word_1_9' title='bbox 963 408 1142 476; x_wconf 72' lang='lat' dir='ltr'><strong>Apretatua</strong></span> <span class='ocrx_word' id='word_1_10' title='bbox 1166 402 1233 475; x_wconf 90' lang='lat' dir='ltr'><strong>quia</strong></span> <span class='ocrx_word' id='word_1_11' title='bbox 1256 402 1292 457; x_wconf 90' lang='lat' dir='ltr'><strong>de</strong></span> <span class='ocrx_word' id='word_1_12' title='bbox 1314 402 1437 457; x_wconf 77' lang='lat' dir='ltr'><strong>Ecclesia</strong></span> <span class='ocrx_word' id='word_1_13' title='bbox 1461 402 1590 473; x_wconf 89' lang='lat' dir='ltr'><strong>gentium</strong></span> <span class='ocrx_word' id='word_1_14' title='bbox 1614 403 1769 460; x_wconf 81' lang='lat' dir='ltr'><strong>virtutibus</strong></span> <span class='ocrx_word' id='word_1_15' title='bbox 1791 404 1853 460; x_wconf 87' lang='lat' dir='ltr'><strong>lra-</strong></span> 
     </span>
     <span class='ocr_line' id='line_1_3' title="bbox 1003 491 1856 566; baseline 0.001 -17"><span class='ocrx_word' id='word_1_16' title='bbox 1003 495 1095 566; x_wconf 88' lang='lat' dir='ltr'><strong>gilera</strong></span> <span class='ocrx_word' id='word_1_17' title='bbox 1119 494 1189 549; x_wconf 80' lang='lat' dir='ltr'><strong>sides</strong></span> <span class='ocrx_word' id='word_1_18' title='bbox 1217 491 1320 548; x_wconf 86' lang='lat' dir='ltr'><strong>Christi</strong></span> <span class='ocrx_word' id='word_1_19' title='bbox 1349 492 1557 563; x_wconf 73' lang='lat' dir='ltr'><strong>predicabatur</strong></span> <span class='ocrx_word' id='word_1_20' title='bbox 1579 495 1695 550; x_wconf 81' lang='lat' dir='ltr'><strong>Judaeis.</strong></span> <span class='ocrx_word' id='word_1_21' title='bbox 1726 496 1856 551; x_wconf 83' lang='lat' dir='ltr'><strong>Christus</strong></span> 
     </span>
     <span class='ocr_line' id='line_1_4' title="bbox 133 580 1856 654; baseline 0.003 -21"><span class='ocrx_word' id='word_1_22' title='bbox 133 580 212 633; x_wconf 85' lang='lat' dir='ltr'><strong>l&#39;aas.</strong></span> <span class='ocrx_word' id='word_1_23' title='bbox 231 583 256 634; x_wconf 88' lang='lat' dir='ltr'><strong>l.</strong></span> <span class='ocrx_word' id='word_1_24' title='bbox 275 608 309 620; x_wconf 92' lang='lat'>-</span> <span class='ocrx_word' id='word_1_25' title='bbox 338 582 401 634; x_wconf 80' lang='lat' dir='ltr'><strong>ileo</strong></span> <span class='ocrx_word' id='word_1_26' title='bbox 424 586 463 635; x_wconf 85' lang='lat' dir='ltr'><strong>cst</strong></span> <span class='ocrx_word' id='word_1_27' title='bbox 488 581 642 636; x_wconf 76' lang='lat' dir='ltr'><em>benedictio.</em></span> <span class='ocrx_word' id='word_1_28' title='bbox 665 582 739 636; x_wconf 90' lang='lat' dir='ltr'><strong>Bene</strong></span> <span class='ocrx_word' id='word_1_29' title='bbox 756 580 856 636; x_wconf 86' lang='lat' dir='ltr'><strong>intlne</strong></span> <span class='ocrx_word' id='word_1_30' title='bbox 873 583 950 636; x_wconf 90' lang='lat' dir='ltr'><strong>Deu·</strong></span> <span class='ocrx_word' id='word_1_31' title='bbox 1004 598 1072 652; x_wconf 88' lang='lat' dir='ltr'><strong>ergo</strong></span> <span class='ocrx_word' id='word_1_32' title='bbox 1099 581 1133 637; x_wconf 87' lang='lat' dir='ltr'><strong>de</strong></span> <span class='ocrx_word' id='word_1_33' title='bbox 1161 582 1441 652; x_wconf 86' lang='lat' dir='ltr'><strong>Pharanepparnit;</strong></span> <span class='ocrx_word' id='word_1_34' title='bbox 1461 582 1530 652; x_wconf 90' lang='lat' dir='ltr'><strong>quia</strong></span> <span class='ocrx_word' id='word_1_35' title='bbox 1552 587 1856 654; x_wconf 88' lang='lat' dir='ltr'><strong>quantocantraenm</strong></span> 
     </span>
     <span class='ocr_line' id='line_1_5' title="bbox 92 666 1853 740; baseline 0.003 -19"><span class='ocrx_word' id='word_1_36' title='bbox 92 666 254 721; x_wconf 88' lang='lat' dir='ltr'><strong>teronomii</strong></span> <span class='ocrx_word' id='word_1_37' title='bbox 282 666 512 721; x_wconf 68' lang='lat' dir='ltr'>benedictionem</span> <span class='ocrx_word' id='word_1_38' title='bbox 532 667 637 738; x_wconf 83' lang='lat' dir='ltr'><strong>posuit,</strong></span> <span class='ocrx_word' id='word_1_39' title='bbox 663 668 730 738; x_wconf 88' lang='lat' dir='ltr'><strong>quia</strong></span> <span class='ocrx_word' id='word_1_40' title='bbox 745 669 872 724; x_wconf 82' lang='lat' dir='ltr'><strong>Christus</strong></span> <span class='ocrx_word' id='word_1_41' title='bbox 887 674 951 740; x_wconf 88' lang='lat' dir='ltr'><strong>post</strong></span> <span class='ocrx_word' id='word_1_42' title='bbox 1004 669 1136 725; x_wconf 78' lang='lat' dir='ltr'><strong>ferocitas</strong></span> <span class='ocrx_word' id='word_1_43' title='bbox 1162 668 1321 724; x_wconf 86' lang='lat' dir='ltr'><strong>infidelium</strong></span> <span class='ocrx_word' id='word_1_44' title='bbox 1348 671 1462 736; x_wconf 85' lang='lat' dir='ltr'><strong>exarsit,</strong></span> <span class='ocrx_word' id='word_1_45' title='bbox 1484 675 1562 725; x_wconf 91' lang='lat' dir='ltr'><strong>tanto</strong></span> <span class='ocrx_word' id='word_1_46' title='bbox 1588 673 1672 726; x_wconf 86' lang='lat' dir='ltr'><strong>altius</strong></span> <span class='ocrx_word' id='word_1_47' title='bbox 1693 671 1853 728; x_wconf 82' lang='lat' dir='ltr'><strong>divinitatis</strong></span> 
     </span>
     <span class='ocr_line' id='line_1_6' title="bbox 92 754 1854 833; baseline 0.005 -25"><span class='ocrx_word' id='word_1_48' title='bbox 92 754 322 825; x_wconf 70' lang='lat' dir='ltr'><strong>complerionem</strong></span> <span class='ocrx_word' id='word_1_49' title='bbox 337 756 481 826; x_wconf 75' lang='lat' dir='ltr'><strong>Evangelii</strong></span> <span class='ocrx_word' id='word_1_50' title='bbox 498 758 837 823; x_wconf 85' lang='lat' dir='ltr'><strong>ascensurusincoelum‚</strong></span> <span class='ocrx_word' id='word_1_51' title='bbox 854 758 950 811; x_wconf 83' lang='lat' dir='ltr'><strong>eleva·</strong></span> <span class='ocrx_word' id='word_1_52' title='bbox 1006 760 1068 831; x_wconf 87' lang='lat' dir='ltr'><strong>ejus</strong></span> <span class='ocrx_word' id='word_1_53' title='bbox 1102 758 1205 813; x_wconf 90' lang='lat' dir='ltr'><strong>notitia</strong></span> <span class='ocrx_word' id='word_1_54' title='bbox 1236 758 1333 813; x_wconf 80' lang='lat' dir='ltr'><strong>crevit.</strong></span> <span class='ocrx_word' id='word_1_55' title='bbox 1361 758 1473 824; x_wconf 84' lang='lat' dir='ltr'><strong>Quanto</strong></span> <span class='ocrx_word' id='word_1_56' title='bbox 1502 758 1579 814; x_wconf 89' lang='lat' dir='ltr'><strong>enim</strong></span> <span class='ocrx_word' id='word_1_57' title='bbox 1608 760 1684 816; x_wconf 88' lang='lat' dir='ltr'><strong>inter</strong></span> <span class='ocrx_word' id='word_1_58' title='bbox 1711 761 1854 833; x_wconf 84' lang='lat' dir='ltr'><strong>passionis</strong></span> 
     </span>
     <span class='ocr_line' id='line_1_7' title="bbox 93 841 1852 918; baseline 0.005 -21"><span class='ocrx_word' id='word_1_59' title='bbox 93 844 134 897; x_wconf 81' lang='lat' dir='ltr'><strong>tis</strong></span> <span class='ocrx_word' id='word_1_60' title='bbox 172 844 307 898; x_wconf 90' lang='lat' dir='ltr'><strong>manibus</strong></span> <span class='ocrx_word' id='word_1_61' title='bbox 332 844 487 915; x_wconf 85' lang='lat' dir='ltr'><strong>discipulos</strong></span> <span class='ocrx_word' id='word_1_62' title='bbox 510 861 577 898; x_wconf 78' lang='lat' dir='ltr'><strong>siros</strong></span> <span class='ocrx_word' id='word_1_63' title='bbox 603 844 757 900; x_wconf 80' lang='lat' dir='ltr'><strong>benedixit.</strong></span> <span class='ocrx_word' id='word_1_64' title='bbox 785 845 948 900; x_wconf 79' lang='lat' dir='ltr'><strong>Benedictio</strong></span> <span class='ocrx_word' id='word_1_65' title='bbox 1004 841 1300 915; x_wconf 86' lang='lat' dir='ltr'><strong>contumeliaslatuit‚</strong></span> <span class='ocrx_word' id='word_1_66' title='bbox 1326 851 1406 902; x_wconf 91' lang='lat' dir='ltr'><strong>tanto</strong></span> <span class='ocrx_word' id='word_1_67' title='bbox 1430 862 1481 918; x_wconf 90' lang='lat' dir='ltr'><strong>per</strong></span> <span class='ocrx_word' id='word_1_68' title='bbox 1499 847 1634 904; x_wconf 77' lang='lat' dir='ltr'><strong>virtutem</strong></span> <span class='ocrx_word' id='word_1_69' title='bbox 1664 850 1852 906; x_wconf 89' lang='lat' dir='ltr'><strong>resurrectio-</strong></span> 
     </span>
     <span class='ocr_line' id='line_1_8' title="bbox 94 931 1856 1010; baseline 0.005 -25"><span class='ocrx_word' id='word_1_70' title='bbox 94 948 157 1003; x_wconf 89' lang='lat' dir='ltr'><strong>qna</strong></span> <span class='ocrx_word' id='word_1_71' title='bbox 172 931 239 986; x_wconf 89' lang='lat' dir='ltr'><strong>filiis</strong></span> <span class='ocrx_word' id='word_1_72' title='bbox 255 933 339 987; x_wconf 86' lang='lat' dir='ltr'><strong>lsrael</strong></span> <span class='ocrx_word' id='word_1_73' title='bbox 358 933 385 987; x_wconf 88' lang='lat' dir='ltr'><strong>in</strong></span> <span class='ocrx_word' id='word_1_74' title='bbox 410 933 634 988; x_wconf 85' lang='lat' dir='ltr'><strong>Deuteronomio</strong></span> <span class='ocrx_word' id='word_1_75' title='bbox 659 934 748 1006; x_wconf 89' lang='lat' dir='ltr'><strong>(quod</strong></span> <span class='ocrx_word' id='word_1_76' title='bbox 769 939 812 988; x_wconf 89' lang='lat' dir='ltr'><strong>est</strong></span> <span class='ocrx_word' id='word_1_77' title='bbox 827 934 951 989; x_wconf 90' lang='lat' dir='ltr'><strong>secunda</strong></span> <span class='ocrx_word' id='word_1_78' title='bbox 1004 938 1048 992; x_wconf 91' lang='lat' dir='ltr'><strong>nis</strong></span> <span class='ocrx_word' id='word_1_79' title='bbox 1064 936 1183 1004; x_wconf 88' lang='lat' dir='ltr'><strong>cUulsit;</strong></span> <span class='ocrx_word' id='word_1_80' title='bbox 1200 940 1227 991; x_wconf 89' lang='lat' dir='ltr'><strong>et</strong></span> <span class='ocrx_word' id='word_1_81' title='bbox 1243 935 1292 1007; x_wconf 88' lang='lat' dir='ltr'><strong>qui</strong></span> <span class='ocrx_word' id='word_1_82' title='bbox 1307 935 1387 1006; x_wconf 86' lang='lat' dir='ltr'><strong>prius</strong></span> <span class='ocrx_word' id='word_1_83' title='bbox 1401 935 1611 992; x_wconf 79' lang='lat' dir='ltr'><strong>incredulitatis</strong></span> <span class='ocrx_word' id='word_1_84' title='bbox 1639 937 1775 994; x_wconf 81' lang='lat' dir='ltr'><strong>ferociter</strong></span> <span class='ocrx_word' id='word_1_85' title='bbox 1791 955 1856 1010; x_wconf 91' lang='lat' dir='ltr'><strong>per·</strong></span> 
     </span>
     <span class='ocr_line' id='line_1_9' title="bbox 95 1020 1854 1097; baseline 0.006 -23"><span class='ocrx_word' id='word_1_86' title='bbox 95 1020 156 1090; x_wconf 82' lang='grc' dir='ltr'><strong>Ιιι)</strong></span> <span class='ocrx_word' id='word_1_87' title='bbox 172 1020 327 1089; x_wconf 83' lang='lat' dir='ltr'><strong>benedixit,</strong></span> <span class='ocrx_word' id='word_1_88' title='bbox 346 1022 381 1076; x_wconf 88' lang='lat' dir='ltr'><strong>ad</strong></span> <span class='ocrx_word' id='word_1_89' title='bbox 397 1023 519 1092; x_wconf 88' lang='lat' dir='ltr'><strong>gratiam</strong></span> <span class='ocrx_word' id='word_1_90' title='bbox 538 1022 666 1093; x_wconf 87' lang='lat' dir='ltr'><strong>pertinet</strong></span> <span class='ocrx_word' id='word_1_91' title='bbox 680 1022 749 1077; x_wconf 87' lang='lat' dir='ltr'><strong>Novi</strong></span> <span class='ocrx_word' id='word_1_92' title='bbox 764 1022 951 1091; x_wconf 71' lang='lat' dir='ltr'><strong>Testamenti,</strong></span> <span class='ocrx_word' id='word_1_93' title='bbox 1005 1026 1095 1082; x_wconf 87' lang='lat' dir='ltr'><strong>secuti</strong></span> <span class='ocrx_word' id='word_1_94' title='bbox 1118 1030 1194 1094; x_wconf 84' lang='lat' dir='ltr'><strong>sunt,</strong></span> <span class='ocrx_word' id='word_1_95' title='bbox 1220 1025 1404 1097; x_wconf 88' lang='lat' dir='ltr'><strong>postmodnm</strong></span> <span class='ocrx_word' id='word_1_96' title='bbox 1429 1025 1455 1080; x_wconf 89' lang='lat' dir='ltr'><strong>ei</strong></span> <span class='ocrx_word' id='word_1_97' title='bbox 1473 1026 1619 1081; x_wconf 87' lang='lat' dir='ltr'><strong>charitatis</strong></span> <span class='ocrx_word' id='word_1_98' title='bbox 1641 1028 1741 1083; x_wconf 87' lang='lat' dir='ltr'><strong>ardore</strong></span> <span class='ocrx_word' id='word_1_99' title='bbox 1755 1027 1854 1084; x_wconf 86' lang='lat' dir='ltr'><strong>adhae-</strong></span> 
     </span>
     <span class='ocr_line' id='line_1_10' title="bbox 97 1109 1854 1185; baseline 0.003 -21"><span class='ocrx_word' id='word_1_100' title='bbox 97 1109 132 1164; x_wconf 92' lang='lat' dir='ltr'><strong>in</strong></span> <span class='ocrx_word' id='word_1_101' title='bbox 158 1125 216 1181; x_wconf 90' lang='lat' dir='ltr'><strong>qno</strong></span> <span class='ocrx_word' id='word_1_102' title='bbox 243 1110 343 1181; x_wconf 79' lang='lat' dir='ltr'><strong>priscae</strong></span> <span class='ocrx_word' id='word_1_103' title='bbox 373 1110 447 1183; x_wconf 85' lang='lat' dir='ltr'><strong>legis</strong></span> <span class='ocrx_word' id='word_1_104' title='bbox 478 1111 613 1182; x_wconf 82' lang='lat' dir='ltr'><strong>mysteria</strong></span> <span class='ocrx_word' id='word_1_105' title='bbox 637 1117 811 1180; x_wconf 86' lang='lat' dir='ltr'><strong>reserantur,</strong></span> <span class='ocrx_word' id='word_1_106' title='bbox 841 1118 869 1166; x_wconf 92' lang='lat' dir='ltr'><strong>et</strong></span> <span class='ocrx_word' id='word_1_107' title='bbox 893 1111 953 1167; x_wconf 81' lang='lat' dir='ltr'><strong>reri</strong></span> <span class='ocrx_word' id='word_1_108' title='bbox 1008 1118 1122 1185; x_wconf 83' lang='lat' dir='ltr'><strong>serunt3</strong></span> <span class='ocrx_word' id='word_1_109' title='bbox 1147 1113 1182 1168; x_wconf 90' lang='lat' dir='ltr'><strong>de</strong></span> <span class='ocrx_word' id='word_1_110' title='bbox 1207 1111 1462 1184; x_wconf 86' lang='lat' dir='ltr'><strong>quibusanditur:</strong></span> <span class='ocrx_word' id='word_1_111' title='bbox 1492 1111 1532 1168; x_wconf 80' lang='lat' dir='ltr'><strong>Et</strong></span> <span class='ocrx_word' id='word_1_112' title='bbox 1559 1128 1620 1168; x_wconf 90' lang='lat' dir='ltr'><strong>cum</strong></span> <span class='ocrx_word' id='word_1_113' title='bbox 1646 1129 1676 1168; x_wconf 90' lang='lat' dir='ltr'><strong>eo</strong></span> <span class='ocrx_word' id='word_1_114' title='bbox 1698 1118 1854 1170; x_wconf 86' lang='lat' dir='ltr'><strong>sanctorum</strong></span> 
     </span>
     <span class='ocr_line' id='line_1_11' title="bbox 98 1197 1102 1271; baseline 0.008 -20"><span class='ocrx_word' id='word_1_115' title='bbox 98 1197 239 1253; x_wconf 86' lang='lat' dir='ltr'><strong>lsraelitae</strong></span> <span class='ocrx_word' id='word_1_116' title='bbox 264 1199 505 1266; x_wconf 83' lang='lat' dir='ltr'><strong>benedictionem,</strong></span> <span class='ocrx_word' id='word_1_117' title='bbox 534 1216 584 1270; x_wconf 89' lang='lat' dir='ltr'><strong>por</strong></span> <span class='ocrx_word' id='word_1_118' title='bbox 611 1201 723 1271; x_wconf 79' lang='lat' dir='ltr'><strong>lloysen</strong></span> <span class='ocrx_word' id='word_1_119' title='bbox 740 1201 886 1256; x_wconf 90' lang='lat' dir='ltr'><strong>hominem</strong></span> <span class='ocrx_word' id='word_1_120' title='bbox 902 1203 953 1256; x_wconf 91' lang='lat' dir='ltr'><strong>Dei</strong></span> <span class='ocrx_word' id='word_1_121' title='bbox 1005 1205 1102 1258; x_wconf 85' lang='lat' dir='ltr'><strong>millia.</strong></span> 
     </span>
     <span class='ocr_line' id='line_1_12' title="bbox 99 1286 1854 1361; baseline 0.003 -21"><span class='ocrx_word' id='word_1_122' title='bbox 99 1286 282 1358; x_wconf 73' lang='lat' dir='ltr'><strong>predictam,</strong></span> <span class='ocrx_word' id='word_1_123' title='bbox 310 1304 363 1360; x_wconf 88' lang='lat' dir='ltr'><strong>per</strong></span> <span class='ocrx_word' id='word_1_124' title='bbox 391 1287 538 1342; x_wconf 89' lang='lat' dir='ltr'><strong>hominem</strong></span> <span class='ocrx_word' id='word_1_125' title='bbox 563 1287 704 1343; x_wconf 85' lang='lat' dir='ltr'><strong>Christum</strong></span> <span class='ocrx_word' id='word_1_126' title='bbox 727 1295 950 1361; x_wconf 88' lang='lat' dir='ltr'><strong>consequuntur.</strong></span> <span class='ocrx_word' id='word_1_127' title='bbox 1040 1294 1072 1347; x_wconf 89' lang='lat' dir='ltr'><strong>ln</strong></span> <span class='ocrx_word' id='word_1_128' title='bbox 1100 1290 1214 1346; x_wconf 69' lang='lat' dir='ltr'><strong>matera</strong></span> <span class='ocrx_word' id='word_1_129' title='bbox 1243 1290 1301 1360; x_wconf 68' lang='lat' dir='ltr'><strong>ejus</strong></span> <span class='ocrx_word' id='word_1_130' title='bbox 1326 1290 1405 1357; x_wconf 78' lang='lat' dir='ltr'><strong>ignea</strong></span> <span class='ocrx_word' id='word_1_131' title='bbox 1428 1290 1489 1345; x_wconf 81' lang='lat' dir='ltr'><strong>len.</strong></span> <span class='ocrx_word' id='word_1_132' title='bbox 1507 1289 1623 1346; x_wconf 82' lang='lat' dir='ltr'><strong>Tabulae</strong></span> <span class='ocrx_word' id='word_1_133' title='bbox 1662 1290 1779 1361; x_wconf 89' lang='lat' dir='ltr'><strong>scilicet,</strong></span> <span class='ocrx_word' id='word_1_134' title='bbox 1823 1292 1854 1346; x_wconf 93' lang='lat' dir='ltr'><strong>in</strong></span> 
     </span>
     <span class='ocr_line' id='line_1_13' title="bbox 99 1378 1855 1453; baseline 0.001 -22"><span class='ocrx_word' id='word_1_135' title='bbox 99 1378 180 1432; x_wconf 88' lang='lat' dir='ltr'><strong>Bene</strong></span> <span class='ocrx_word' id='word_1_136' title='bbox 202 1383 298 1433; x_wconf 90' lang='lat' dir='ltr'><strong>autem</strong></span> <span class='ocrx_word' id='word_1_137' title='bbox 314 1378 484 1432; x_wconf 84' lang='lat' dir='ltr'><strong>imminente</strong></span> <span class='ocrx_word' id='word_1_138' title='bbox 504 1383 595 1433; x_wconf 88' lang='lat' dir='ltr'><strong>morte</strong></span> <span class='ocrx_word' id='word_1_139' title='bbox 615 1379 702 1451; x_wconf 85' lang='lat' dir='ltr'><strong>lloysi</strong></span> <span class='ocrx_word' id='word_1_140' title='bbox 718 1379 881 1435; x_wconf 90' lang='lat' dir='ltr'><strong>benedictio</strong></span> <span class='ocrx_word' id='word_1_141' title='bbox 901 1379 952 1434; x_wconf 89' lang='lat' dir='ltr'><strong>de·</strong></span> <span class='ocrx_word' id='word_1_142' title='bbox 1006 1379 1111 1453; x_wconf 89' lang='lat' dir='ltr'><strong>quibus</strong></span> <span class='ocrx_word' id='word_1_143' title='bbox 1136 1379 1190 1442; x_wconf 85' lang='lat' dir='ltr'><strong>lex,</strong></span> <span class='ocrx_word' id='word_1_144' title='bbox 1219 1393 1283 1450; x_wconf 82' lang='lat' dir='ltr'><strong>qnae</strong></span> <span class='ocrx_word' id='word_1_145' title='bbox 1306 1381 1410 1449; x_wconf 90' lang='lat' dir='ltr'><strong>purgat</strong></span> <span class='ocrx_word' id='word_1_146' title='bbox 1433 1382 1461 1432; x_wconf 88' lang='lat' dir='ltr'><strong>et</strong></span> <span class='ocrx_word' id='word_1_147' title='bbox 1489 1378 1547 1433; x_wconf 91' lang='lat' dir='ltr'><strong>urit</strong></span> <span class='ocrx_word' id='word_1_148' title='bbox 1580 1384 1704 1450; x_wconf 89' lang='lat' dir='ltr'><strong>peccata.</strong></span> <span class='ocrx_word' id='word_1_149' title='bbox 1734 1381 1855 1435; x_wconf 83' lang='lat' dir='ltr'><strong>Dextera</strong></span> 
     </span>
     <span class='ocr_line' id='line_1_14' title="bbox 99 1465 1854 1541; baseline 0 -21"><span class='ocrx_word' id='word_1_150' title='bbox 99 1471 161 1532; x_wconf 91' lang='lat' dir='ltr'><strong>tur,</strong></span> <span class='ocrx_word' id='word_1_151' title='bbox 188 1467 267 1539; x_wconf 89' lang='lat' dir='ltr'><strong>quia,</strong></span> <span class='ocrx_word' id='word_1_152' title='bbox 290 1467 361 1537; x_wconf 82' lang='lat' dir='ltr'><strong>legis</strong></span> <span class='ocrx_word' id='word_1_153' title='bbox 379 1465 481 1520; x_wconf 87' lang='lat' dir='ltr'><strong>umbra</strong></span> <span class='ocrx_word' id='word_1_154' title='bbox 505 1466 656 1533; x_wconf 85' lang='lat' dir='ltr'><strong>moriente,</strong></span> <span class='ocrx_word' id='word_1_155' title='bbox 681 1467 838 1522; x_wconf 81' lang='lat' dir='ltr'><strong>caelestium</strong></span> <span class='ocrx_word' id='word_1_156' title='bbox 861 1468 953 1522; x_wconf 90' lang='lat' dir='ltr'><strong>dono·</strong></span> <span class='ocrx_word' id='word_1_157' title='bbox 1007 1484 1122 1541; x_wconf 86' lang='lat' dir='ltr'><strong>quoque</strong></span> <span class='ocrx_word' id='word_1_158' title='bbox 1140 1465 1231 1522; x_wconf 87' lang='lat' dir='ltr'><strong>Patris</strong></span> <span class='ocrx_word' id='word_1_159' title='bbox 1246 1470 1290 1521; x_wconf 88' lang='lat' dir='ltr'><strong>est</strong></span> <span class='ocrx_word' id='word_1_160' title='bbox 1304 1465 1403 1531; x_wconf 86' lang='lat' dir='ltr'><strong>Filius,</strong></span> <span class='ocrx_word' id='word_1_161' title='bbox 1417 1466 1468 1537; x_wconf 85' lang='lat' dir='ltr'><strong>qui</strong></span> <span class='ocrx_word' id='word_1_162' title='bbox 1494 1466 1587 1521; x_wconf 88' lang='lat' dir='ltr'><strong>attulit</strong></span> <span class='ocrx_word' id='word_1_163' title='bbox 1601 1468 1693 1538; x_wconf 89' lang='lat' dir='ltr'><strong>legem</strong></span> <span class='ocrx_word' id='word_1_164' title='bbox 1710 1466 1854 1522; x_wconf 85' lang='lat' dir='ltr'><strong>charitatis</strong></span> 
     </span>
     <span class='ocr_line' id='line_1_15' title="bbox 96 1554 1852 1627; baseline 0.001 -18"><span class='ocrx_word' id='word_1_165' title='bbox 96 1571 167 1610; x_wconf 89' lang='lat' dir='ltr'><strong>rurn</strong></span> <span class='ocrx_word' id='word_1_166' title='bbox 183 1557 288 1609; x_wconf 82' lang='lat' dir='ltr'><strong>veritas</strong></span> <span class='ocrx_word' id='word_1_167' title='bbox 303 1554 439 1626; x_wconf 87' lang='lat' dir='ltr'><strong>aperitur.</strong></span> <span class='ocrx_word' id='word_1_168' title='bbox 464 1555 626 1610; x_wconf 77' lang='lat' dir='ltr'><strong>Praevidens</strong></span> <span class='ocrx_word' id='word_1_169' title='bbox 646 1572 714 1627; x_wconf 88' lang='lat' dir='ltr'><strong>ergo</strong></span> <span class='ocrx_word' id='word_1_170' title='bbox 731 1556 839 1627; x_wconf 78' lang='lat' dir='ltr'><strong>Moyses</strong></span> <span class='ocrx_word' id='word_1_171' title='bbox 855 1556 953 1611; x_wconf 85' lang='lat' dir='ltr'><strong>Salva·</strong></span> <span class='ocrx_word' id='word_1_172' title='bbox 1008 1557 1105 1611; x_wconf 85' lang='lat' dir='ltr'><strong>dicens</strong></span> <span class='ocrx_word' id='word_1_173' title='bbox 1121 1571 1128 1608; x_wconf 74' lang='grc' dir='ltr'><strong>ε</strong></span> <span class='ocrx_word' id='word_1_174' title='bbox 1144 1556 1235 1623; x_wconf 79' lang='lat' dir='ltr'><strong>ignem</strong></span> <span class='ocrx_word' id='word_1_175' title='bbox 1251 1555 1314 1608; x_wconf 86' lang='lat' dir='ltr'><strong>ueni</strong></span> <span class='ocrx_word' id='word_1_176' title='bbox 1323 1556 1431 1608; x_wconf 87' lang='lat' dir='ltr'><strong>mittere</strong></span> <span class='ocrx_word' id='word_1_177' title='bbox 1450 1556 1480 1608; x_wconf 88' lang='lat' dir='ltr'><strong>in</strong></span> <span class='ocrx_word' id='word_1_178' title='bbox 1496 1559 1607 1623; x_wconf 88' lang='lat' dir='ltr'><strong>terrum,</strong></span> <span class='ocrx_word' id='word_1_179' title='bbox 1624 1560 1677 1610; x_wconf 89' lang='lat' dir='ltr'><strong>etc.</strong></span> <span class='ocrx_word' id='word_1_180' title='bbox 1695 1554 1770 1626; x_wconf 84' lang='lat' dir='ltr'><strong>(Lao.</strong></span> <span class='ocrx_word' id='word_1_181' title='bbox 1792 1557 1852 1625; x_wconf 93' lang='grc' dir='ltr'><strong>ιιι.)</strong></span> 
     </span>
     <span class='ocr_line' id='line_1_16' title="bbox 98 1642 1852 1716; baseline 0.001 -18"><span class='ocrx_word' id='word_1_182' title='bbox 98 1645 172 1698; x_wconf 86' lang='lat' dir='ltr'><strong>toris</strong></span> <span class='ocrx_word' id='word_1_183' title='bbox 195 1643 351 1698; x_wconf 85' lang='lat' dir='ltr'><strong>adrentum</strong></span> <span class='ocrx_word' id='word_1_184' title='bbox 379 1648 407 1697; x_wconf 87' lang='lat' dir='ltr'><strong>et</strong></span> <span class='ocrx_word' id='word_1_185' title='bbox 428 1643 552 1715; x_wconf 82' lang='lat' dir='ltr'><strong>gratiam</strong></span> <span class='ocrx_word' id='word_1_186' title='bbox 578 1644 651 1698; x_wconf 85' lang='lat' dir='ltr'><strong>Novi</strong></span> <span class='ocrx_word' id='word_1_187' title='bbox 672 1644 846 1700; x_wconf 76' lang='lat' dir='ltr'><strong>Testamenti</strong></span> <span class='ocrx_word' id='word_1_188' title='bbox 870 1645 951 1716; x_wconf 87' lang='lat' dir='ltr'><strong>quasi</strong></span> <span class='ocrx_word' id='word_1_189' title='bbox 1043 1646 1075 1700; x_wconf 88' lang='lat' dir='ltr'><strong>ln</strong></span> <span class='ocrx_word' id='word_1_190' title='bbox 1102 1643 1215 1698; x_wconf 76' lang='lat' dir='ltr'><strong>deutera</strong></span> <span class='ocrx_word' id='word_1_191' title='bbox 1241 1643 1297 1712; x_wconf 73' lang='lat' dir='ltr'><strong>ejus</strong></span> <span class='ocrx_word' id='word_1_192' title='bbox 1308 1643 1388 1709; x_wconf 79' lang='lat' dir='ltr'><strong>ignea</strong></span> <span class='ocrx_word' id='word_1_193' title='bbox 1413 1642 1467 1697; x_wconf 82' lang='grc' dir='ltr'><strong>ιιι.</strong></span> <span class='ocrx_word' id='word_1_194' title='bbox 1497 1643 1625 1711; x_wconf 85' lang='lat' dir='ltr'><strong>Dextera,</strong></span> <span class='ocrx_word' id='word_1_195' title='bbox 1656 1644 1852 1716; x_wconf 85' lang='lat' dir='ltr'><strong>Evangelium,</strong></span> 
     </span>
     <span class='ocr_line' id='line_1_17' title="bbox 98 1729 1853 1804; baseline -0.001 -16"><span class='ocrx_word' id='word_1_196' title='bbox 98 1731 277 1804; x_wconf 74' lang='lat' dir='ltr'><strong>praeteritam</strong></span> <span class='ocrx_word' id='word_1_197' title='bbox 304 1732 457 1803; x_wconf 84' lang='lat' dir='ltr'><strong>explicans,</strong></span> <span class='ocrx_word' id='word_1_198' title='bbox 482 1748 550 1787; x_wconf 85' lang='lat' dir='ltr'><strong>vnce</strong></span> <span class='ocrx_word' id='word_1_199' title='bbox 570 1731 724 1803; x_wconf 79' lang='lat' dir='ltr'><strong>primitive</strong></span> <span class='ocrx_word' id='word_1_200' title='bbox 749 1732 880 1789; x_wconf 80' lang='lat' dir='ltr'><strong>Ecclesiae</strong></span> <span class='ocrx_word' id='word_1_201' title='bbox 900 1733 951 1788; x_wconf 81' lang='lat' dir='ltr'><strong>loe-</strong></span> <span class='ocrx_word' id='word_1_202' title='bbox 1006 1748 1059 1803; x_wconf 90' lang='lat' dir='ltr'><strong>per</strong></span> <span class='ocrx_word' id='word_1_203' title='bbox 1072 1730 1150 1804; x_wconf 88' lang='lat' dir='ltr'><strong>quod</strong></span> <span class='ocrx_word' id='word_1_204' title='bbox 1165 1729 1311 1785; x_wconf 90' lang='lat' dir='ltr'><strong>beatitudo</strong></span> <span class='ocrx_word' id='word_1_205' title='bbox 1320 1734 1428 1785; x_wconf 78' lang='lat' dir='ltr'><strong>aeterna</strong></span> <span class='ocrx_word' id='word_1_206' title='bbox 1447 1731 1643 1801; x_wconf 88' lang='lat' dir='ltr'><strong>promittitur;</strong></span> <span class='ocrx_word' id='word_1_207' title='bbox 1660 1733 1853 1803; x_wconf 67' lang='lat' dir='ltr'><strong>quedextera</strong></span> 
     </span>
     <span class='ocr_line' id='line_1_18' title="bbox 97 1818 1854 1892; baseline -0.002 -16"><span class='ocrx_word' id='word_1_208' title='bbox 97 1821 247 1876; x_wconf 90' lang='lat' dir='ltr'><strong>tabundus</strong></span> <span class='ocrx_word' id='word_1_209' title='bbox 284 1822 414 1889; x_wconf 86' lang='lat' dir='ltr'><strong>exsultat,</strong></span> <span class='ocrx_word' id='word_1_210' title='bbox 442 1821 539 1876; x_wconf 92' lang='lat' dir='ltr'><strong>dicens</strong></span> <span class='ocrx_word' id='word_1_211' title='bbox 560 1825 712 1877; x_wconf 79' lang='lat' dir='ltr'><strong>:Dominus</strong></span> <span class='ocrx_word' id='word_1_212' title='bbox 737 1821 770 1878; x_wconf 78' lang='lat' dir='ltr'><strong>aa</strong></span> <span class='ocrx_word' id='word_1_213' title='bbox 806 1822 873 1879; x_wconf 86' lang='lat' dir='ltr'><strong>Sina</strong></span> <span class='ocrx_word' id='word_1_214' title='bbox 906 1838 950 1877; x_wconf 87' lang='lat' dir='ltr'><strong>ue·</strong></span> <span class='ocrx_word' id='word_1_215' title='bbox 1006 1821 1121 1887; x_wconf 89' lang='lat' dir='ltr'><strong>dicitnr,</strong></span> <span class='ocrx_word' id='word_1_216' title='bbox 1146 1836 1204 1874; x_wconf 90' lang='lat' dir='ltr'><strong>non</strong></span> <span class='ocrx_word' id='word_1_217' title='bbox 1220 1818 1397 1890; x_wconf 86' lang='lat' dir='ltr'><strong>temporalis,</strong></span> <span class='ocrx_word' id='word_1_218' title='bbox 1414 1819 1488 1874; x_wconf 88' lang='lat' dir='ltr'><strong>sicut</strong></span> <span class='ocrx_word' id='word_1_219' title='bbox 1513 1820 1544 1875; x_wconf 92' lang='lat' dir='ltr'><strong>in</strong></span> <span class='ocrx_word' id='word_1_220' title='bbox 1570 1821 1642 1892; x_wconf 91' lang='lat' dir='ltr'><strong>lege,</strong></span> <span class='ocrx_word' id='word_1_221' title='bbox 1670 1836 1735 1891; x_wconf 86' lang='lat' dir='ltr'><strong>quae</strong></span> <span class='ocrx_word' id='word_1_222' title='bbox 1750 1819 1854 1875; x_wconf 88' lang='lat' dir='ltr'><strong>dicitnr</strong></span> 
     </span>
     <span class='ocr_line' id='line_1_19' title="bbox 96 1907 1854 1979; baseline -0.002 -14"><span class='ocrx_word' id='word_1_223' title='bbox 96 1915 151 1978; x_wconf 84' lang='lat' dir='ltr'><strong>nit,</strong></span> <span class='ocrx_word' id='word_1_224' title='bbox 169 1913 224 1966; x_wconf 88' lang='lat' dir='ltr'><strong>etc.</strong></span> <span class='ocrx_word' id='word_1_225' title='bbox 1006 1911 1087 1966; x_wconf 85' lang='lat' dir='ltr'><strong>laeva.</strong></span> <span class='ocrx_word' id='word_1_226' title='bbox 1104 1908 1206 1965; x_wconf 85' lang='lat' dir='ltr'><strong>Unde:</strong></span> <span class='ocrx_word' id='word_1_227' title='bbox 1232 1910 1352 1963; x_wconf 73' lang='lat' dir='ltr'><strong>Dextera</strong></span> <span class='ocrx_word' id='word_1_228' title='bbox 1375 1909 1452 1964; x_wconf 82' lang='lat' dir='ltr'><strong>iltius</strong></span> <span class='ocrx_word' id='word_1_229' title='bbox 1471 1909 1674 1979; x_wconf 74' lang='lat' dir='ltr'><strong>amplexabitur</strong></span> <span class='ocrx_word' id='word_1_230' title='bbox 1685 1924 1737 1964; x_wconf 87' lang='lat' dir='ltr'><strong>me.</strong></span> <span class='ocrx_word' id='word_1_231' title='bbox 1752 1907 1785 1963; x_wconf 94' lang='lat' dir='ltr'><strong>ln</strong></span> <span class='ocrx_word' id='word_1_232' title='bbox 1800 1908 1854 1963; x_wconf 87' lang='lat' dir='ltr'><strong>hac</strong></span> 
     </span>
    </p>

    <p class='ocr_par' dir='ltr' id='par_1_3' title="bbox 96 1995 1854 2247">
     <span class='ocr_line' id='line_1_20' title="bbox 136 1995 1854 2069; baseline 0.001 -18"><span class='ocrx_word' id='word_1_233' title='bbox 136 2000 227 2067; x_wconf 61' lang='lat' dir='ltr'><strong>(ilua,</strong></span> <span class='ocrx_word' id='word_1_234' title='bbox 240 2001 334 2068; x_wconf 77' lang='lat' dir='ltr'><strong>quaest.</strong></span> <span class='ocrx_word' id='word_1_235' title='bbox 351 1997 405 2066; x_wconf 79' lang='grc'><strong>36.)</strong></span> <span class='ocrx_word' id='word_1_236' title='bbox 422 1996 484 2051; x_wconf 81' lang='lat' dir='ltr'><strong>Alia</strong></span> <span class='ocrx_word' id='word_1_237' title='bbox 504 1995 609 2062; x_wconf 88' lang='lat' dir='ltr'><strong>littera,</strong></span> <span class='ocrx_word' id='word_1_238' title='bbox 625 1999 689 2064; x_wconf 83' lang='lat' dir='ltr'><strong>ete,</strong></span> <span class='ocrx_word' id='word_1_239' title='bbox 705 1997 840 2066; x_wconf 76' lang='lat' dir='ltr'><strong>usquead</strong></span> <span class='ocrx_word' id='word_1_240' title='bbox 853 1997 947 2053; x_wconf 91' lang='lat' dir='ltr'><strong>uude:</strong></span> <span class='ocrx_word' id='word_1_241' title='bbox 1006 1999 1121 2056; x_wconf 83' lang='lat' dir='ltr'><strong>dextera</strong></span> <span class='ocrx_word' id='word_1_242' title='bbox 1134 1998 1178 2053; x_wconf 79' lang='lat' dir='ltr'><strong>len</strong></span> <span class='ocrx_word' id='word_1_243' title='bbox 1194 1997 1288 2069; x_wconf 91' lang='lat' dir='ltr'><strong>ignea,</strong></span> <span class='ocrx_word' id='word_1_244' title='bbox 1305 1995 1334 2052; x_wconf 90' lang='lat' dir='ltr'><strong>id</strong></span> <span class='ocrx_word' id='word_1_245' title='bbox 1358 2001 1411 2065; x_wconf 89' lang='lat' dir='ltr'><strong>est,</strong></span> <span class='ocrx_word' id='word_1_246' title='bbox 1428 1997 1551 2052; x_wconf 86' lang='lat' dir='ltr'><strong>charitas</strong></span> <span class='ocrx_word' id='word_1_247' title='bbox 1575 2015 1591 2052; x_wconf 91' lang='lat' dir='ltr'><strong>a</strong></span> <span class='ocrx_word' id='word_1_248' title='bbox 1617 1997 1729 2069; x_wconf 89' lang='lat' dir='ltr'><strong>Spiritu</strong></span> <span class='ocrx_word' id='word_1_249' title='bbox 1756 2002 1854 2052; x_wconf 90' lang='lat' dir='ltr'><strong>sancto</strong></span> 
     </span>
     <span class='ocr_line' id='line_1_21' title="bbox 96 2084 1852 2155; baseline 0 -14"><span class='ocrx_word' id='word_1_250' title='bbox 96 2087 256 2151; x_wconf 67' lang='lat' dir='ltr'><strong>letamini,</strong></span> <span class='ocrx_word' id='word_1_251' title='bbox 275 2091 376 2155; x_wconf 81' lang='lat' dir='ltr'><strong>pentes,</strong></span> <span class='ocrx_word' id='word_1_252' title='bbox 397 2085 570 2154; x_wconf 91' lang='lat' dir='ltr'><strong>cumpoputo</strong></span> <span class='ocrx_word' id='word_1_253' title='bbox 585 2084 654 2154; x_wconf 81' lang='lat' dir='ltr'><strong>ejus.</strong></span> <span class='ocrx_word' id='word_1_254' title='bbox 683 2086 874 2152; x_wconf 77' lang='lat' dir='ltr'><strong>Quiacacitas</strong></span> <span class='ocrx_word' id='word_1_255' title='bbox 889 2103 951 2142; x_wconf 85' lang='lat' dir='ltr'><strong>con·</strong></span> <span class='ocrx_word' id='word_1_256' title='bbox 1006 2089 1035 2144; x_wconf 93' lang='lat' dir='ltr'><strong>in</strong></span> <span class='ocrx_word' id='word_1_257' title='bbox 1061 2089 1217 2143; x_wconf 88' lang='lat' dir='ltr'><strong>electorum</strong></span> <span class='ocrx_word' id='word_1_258' title='bbox 1243 2084 1377 2140; x_wconf 89' lang='lat' dir='ltr'><strong>cordibus</strong></span> <span class='ocrx_word' id='word_1_259' title='bbox 1389 2085 1577 2141; x_wconf 85' lang='lat' dir='ltr'><strong>inflammata.</strong></span> <span class='ocrx_word' id='word_1_260' title='bbox 1595 2086 1674 2141; x_wconf 91' lang='lat' dir='ltr'><strong>Unde</strong></span> <span class='ocrx_word' id='word_1_261' title='bbox 1688 2084 1852 2141; x_wconf 79' lang='lat' dir='ltr'><strong>dieittPle·</strong></span> 
     </span>
     <span class='ocr_line' id='line_1_22' title="bbox 98 2173 1853 2247; baseline 0.001 -18"><span class='ocrx_word' id='word_1_262' title='bbox 98 2176 164 2242; x_wconf 73' lang='lat' dir='ltr'><strong>noia</strong></span> <span class='ocrx_word' id='word_1_263' title='bbox 179 2190 213 2228; x_wconf 80' lang='lat' dir='ltr'><strong>ea</strong></span> <span class='ocrx_word' id='word_1_264' title='bbox 226 2178 307 2244; x_wconf 83' lang='lat' dir='ltr'><strong>parte</strong></span> <span class='ocrx_word' id='word_1_265' title='bbox 318 2177 347 2229; x_wconf 84' lang='lat' dir='ltr'><strong>in</strong></span> <span class='ocrx_word' id='word_1_266' title='bbox 361 2175 455 2239; x_wconf 82' lang='lat' dir='ltr'><strong>lsrael,</strong></span> <span class='ocrx_word' id='word_1_267' title='bbox 468 2173 550 2228; x_wconf 79' lang='lat' dir='ltr'><strong>doriec</strong></span> <span class='ocrx_word' id='word_1_268' title='bbox 560 2173 712 2243; x_wconf 83' lang='lat' dir='ltr'><strong>plenitudo,</strong></span> <span class='ocrx_word' id='word_1_269' title='bbox 728 2180 780 2229; x_wconf 90' lang='lat' dir='ltr'><strong>etc.</strong></span> <span class='ocrx_word' id='word_1_270' title='bbox 797 2177 883 2245; x_wconf 78' lang='lat' dir='ltr'><strong>(llam.</strong></span> <span class='ocrx_word' id='word_1_271' title='bbox 900 2176 950 2247; x_wconf 91' lang='grc' dir='ltr'><strong>ιι.)</strong></span> <span class='ocrx_word' id='word_1_272' title='bbox 1005 2177 1101 2232; x_wconf 83' lang='lat' dir='ltr'><strong>nitudo</strong></span> <span class='ocrx_word' id='word_1_273' title='bbox 1115 2177 1181 2245; x_wconf 85' lang='lat' dir='ltr'><strong>lepis</strong></span> <span class='ocrx_word' id='word_1_274' title='bbox 1196 2175 1304 2230; x_wconf 81' lang='lat' dir='ltr'><strong>dilectio</strong></span> <span class='ocrx_word' id='word_1_275' title='bbox 1320 2173 1411 2245; x_wconf 83' lang='lat' dir='ltr'><strong>(Rom.</strong></span> <span class='ocrx_word' id='word_1_276' title='bbox 1427 2177 1501 2244; x_wconf 90' lang='grc' dir='ltr'><strong>ιιιι).</strong></span> <span class='ocrx_word' id='word_1_277' title='bbox 1527 2175 1558 2229; x_wconf 90' lang='lat' dir='ltr'><strong>Et</strong></span> <span class='ocrx_word' id='word_1_278' title='bbox 1579 2174 1666 2229; x_wconf 88' lang='lat' dir='ltr'><strong>alibi:</strong></span> <span class='ocrx_word' id='word_1_279' title='bbox 1693 2173 1853 2230; x_wconf 73' lang='lat' dir='ltr'><strong>Mandatum</strong></span> 
     </span>
    </p>

    <p class='ocr_par' dir='ltr' id='par_1_4' title="bbox 98 2262 1853 2514">
     <span class='ocr_line' id='line_1_23' title="bbox 135 2262 1853 2336; baseline -0.001 -18"><span class='ocrx_word' id='word_1_280' title='bbox 135 2265 241 2331; x_wconf 77' lang='lat' dir='ltr'><strong>alapres</strong></span> <span class='ocrx_word' id='word_1_281' title='bbox 271 2263 358 2318; x_wconf 85' lang='lat' dir='ltr'><strong>bomo.</strong></span> <span class='ocrx_word' id='word_1_282' title='bbox 387 2263 494 2333; x_wconf 81' lang='lat' dir='ltr'><strong>lloysos</strong></span> <span class='ocrx_word' id='word_1_283' title='bbox 516 2262 656 2334; x_wconf 81' lang='lat' dir='ltr'><strong>significat</strong></span> <span class='ocrx_word' id='word_1_284' title='bbox 680 2265 784 2335; x_wconf 84' lang='lat' dir='ltr'><strong>legem,</strong></span> <span class='ocrx_word' id='word_1_285' title='bbox 800 2280 865 2336; x_wconf 76' lang='lat' dir='ltr'><strong>quae</strong></span> <span class='ocrx_word' id='word_1_286' title='bbox 884 2270 951 2321; x_wconf 89' lang='lat' dir='ltr'><strong>ante</strong></span> <span class='ocrx_word' id='word_1_287' title='bbox 1004 2265 1151 2321; x_wconf 85' lang='lat' dir='ltr'><strong>novumdo</strong></span> <span class='ocrx_word' id='word_1_288' title='bbox 1176 2265 1261 2328; x_wconf 84' lang='grc' dir='ltr'><strong>ιιιιιι.</strong></span> <span class='ocrx_word' id='word_1_289' title='bbox 1275 2269 1306 2319; x_wconf 92' lang='lat' dir='ltr'><strong>ut</strong></span> <span class='ocrx_word' id='word_1_290' title='bbox 1321 2264 1445 2330; x_wconf 74' lang='lat' dir='ltr'><strong>diligatis</strong></span> <span class='ocrx_word' id='word_1_291' title='bbox 1459 2265 1574 2319; x_wconf 84' lang='lat' dir='ltr'><strong>inuicem</strong></span> <span class='ocrx_word' id='word_1_292' title='bbox 1589 2263 1684 2333; x_wconf 75' lang='lat' dir='ltr'><strong>(donn.</strong></span> <span class='ocrx_word' id='word_1_293' title='bbox 1700 2263 1771 2332; x_wconf 82' lang='grc' dir='ltr'><strong>ιιιι).</strong></span> <span class='ocrx_word' id='word_1_294' title='bbox 1788 2263 1853 2318; x_wconf 79' lang='lat' dir='ltr'><strong>Uaec</strong></span> 
     </span>
     <span class='ocr_line' id='line_1_24' title="bbox 98 2348 1852 2426; baseline -0.002 -20"><span class='ocrx_word' id='word_1_295' title='bbox 98 2357 238 2421; x_wconf 89' lang='lat' dir='ltr'><strong>mortem,</strong></span> <span class='ocrx_word' id='word_1_296' title='bbox 254 2351 282 2406; x_wconf 92' lang='lat' dir='ltr'><strong>id</strong></span> <span class='ocrx_word' id='word_1_297' title='bbox 299 2357 351 2420; x_wconf 88' lang='lat' dir='ltr'><strong>est,</strong></span> <span class='ocrx_word' id='word_1_298' title='bbox 368 2356 524 2422; x_wconf 88' lang='lat' dir='ltr'><strong>antequam</strong></span> <span class='ocrx_word' id='word_1_299' title='bbox 540 2350 644 2423; x_wconf 86' lang='lat' dir='ltr'><strong>inipso</strong></span> <span class='ocrx_word' id='word_1_300' title='bbox 660 2352 802 2420; x_wconf 85' lang='lat' dir='ltr'><strong>liniretur,</strong></span> <span class='ocrx_word' id='word_1_301' title='bbox 818 2354 952 2425; x_wconf 76' lang='lat' dir='ltr'><strong>praedixit</strong></span> <span class='ocrx_word' id='word_1_302' title='bbox 1005 2354 1098 2425; x_wconf 80' lang='lat' dir='ltr'><strong>igneis</strong></span> <span class='ocrx_word' id='word_1_303' title='bbox 1112 2353 1218 2426; x_wconf 86' lang='lat' dir='ltr'><strong>linguis</strong></span> <span class='ocrx_word' id='word_1_304' title='bbox 1246 2352 1369 2424; x_wconf 86' lang='lat' dir='ltr'><strong>Spiritus</strong></span> <span class='ocrx_word' id='word_1_305' title='bbox 1396 2352 1485 2408; x_wconf 88' lang='lat' dir='ltr'><strong>sancti</strong></span> <span class='ocrx_word' id='word_1_306' title='bbox 1509 2349 1647 2422; x_wconf 85' lang='lat' dir='ltr'><strong>apostolis</strong></span> <span class='ocrx_word' id='word_1_307' title='bbox 1668 2348 1772 2416; x_wconf 81' lang='lat' dir='ltr'><strong>infusa,</strong></span> <span class='ocrx_word' id='word_1_308' title='bbox 1789 2364 1852 2403; x_wconf 91' lang='lat' dir='ltr'><strong>om·</strong></span> 
     </span>
     <span class='ocr_line' id='line_1_25' title="bbox 99 2436 1852 2514; baseline -0.003 -19"><span class='ocrx_word' id='word_1_309' title='bbox 99 2441 256 2495; x_wconf 78' lang='lat' dir='ltr'><strong>Ecclesiam</strong></span> <span class='ocrx_word' id='word_1_310' title='bbox 272 2441 301 2496; x_wconf 90' lang='lat' dir='ltr'><strong>in</strong></span> <span class='ocrx_word' id='word_1_311' title='bbox 317 2441 428 2498; x_wconf 83' lang='lat' dir='ltr'><strong>Christo</strong></span> <span class='ocrx_word' id='word_1_312' title='bbox 445 2440 684 2496; x_wconf 90' lang='lat' dir='ltr'><strong>benedicendum.</strong></span> <span class='ocrx_word' id='word_1_313' title='bbox 1007 2457 1072 2496; x_wconf 88' lang='lat' dir='ltr'><strong>nem</strong></span> <span class='ocrx_word' id='word_1_314' title='bbox 1093 2441 1163 2514; x_wconf 89' lang='lat' dir='ltr'><strong>legis</strong></span> <span class='ocrx_word' id='word_1_315' title='bbox 1183 2441 1393 2513; x_wconf 89' lang='lat' dir='ltr'><strong>plenitudinem</strong></span> <span class='ocrx_word' id='word_1_316' title='bbox 1410 2447 1546 2512; x_wconf 87' lang='lat' dir='ltr'><strong>tanquam</strong></span> <span class='ocrx_word' id='word_1_317' title='bbox 1568 2438 1659 2510; x_wconf 79' lang='lat' dir='ltr'><strong>digito</strong></span> <span class='ocrx_word' id='word_1_318' title='bbox 1683 2436 1733 2493; x_wconf 87' lang='lat' dir='ltr'><strong>Dei</strong></span> <span class='ocrx_word' id='word_1_319' title='bbox 1747 2437 1852 2491; x_wconf 86' lang='lat' dir='ltr'><strong>descri-</strong></span> 
     </span>
    </p>

    <p class='ocr_par' dir='ltr' id='par_1_5' title="bbox 100 2524 1853 3308">
     <span class='ocr_line' id='line_1_26' title="bbox 135 2524 1850 2604; baseline -0.002 -21"><span class='ocrx_word' id='word_1_320' title='bbox 135 2531 219 2585; x_wconf 84' lang='lat' dir='ltr'><strong>Vans.</strong></span> <span class='ocrx_word' id='word_1_321' title='bbox 236 2533 262 2584; x_wconf 80' lang='lat'><strong>2.</strong></span> <span class='ocrx_word' id='word_1_322' title='bbox 284 2561 317 2570; x_wconf 92' lang='lat'>—</span> <span class='ocrx_word' id='word_1_323' title='bbox 337 2532 466 2585; x_wconf 68' lang='lat' dir='ltr'><strong>maninus</strong></span> <span class='ocrx_word' id='word_1_324' title='bbox 494 2529 527 2584; x_wconf 87' lang='lat' dir='ltr'><strong>de</strong></span> <span class='ocrx_word' id='word_1_325' title='bbox 554 2530 634 2586; x_wconf 85' lang='lat' dir='ltr'><strong>Sinai</strong></span> <span class='ocrx_word' id='word_1_326' title='bbox 657 2533 743 2586; x_wconf 69' lang='lat' dir='ltr'><strong>venit.</strong></span> <span class='ocrx_word' id='word_1_327' title='bbox 773 2530 851 2586; x_wconf 88' lang='lat' dir='ltr'><strong>Sinai</strong></span> <span class='ocrx_word' id='word_1_328' title='bbox 870 2532 951 2604; x_wconf 67' lang='lat'>(³:³0)</span> <span class='ocrx_word' id='word_1_329' title='bbox 1007 2528 1072 2599; x_wconf 85' lang='lat' dir='ltr'><strong>psit,</strong></span> <span class='ocrx_word' id='word_1_330' title='bbox 1088 2534 1118 2582; x_wconf 93' lang='lat' dir='ltr'><strong>et</strong></span> <span class='ocrx_word' id='word_1_331' title='bbox 1135 2527 1238 2598; x_wconf 88' lang='lat' dir='ltr'><strong>spiritu</strong></span> <span class='ocrx_word' id='word_1_332' title='bbox 1252 2525 1393 2580; x_wconf 83' lang='lat' dir='ltr'><strong>terrentes</strong></span> <span class='ocrx_word' id='word_1_333' title='bbox 1409 2529 1437 2579; x_wconf 88' lang='lat' dir='ltr'><strong>et</strong></span> <span class='ocrx_word' id='word_1_334' title='bbox 1451 2525 1618 2598; x_wconf 83' lang='lat' dir='ltr'><strong>operatione</strong></span> <span class='ocrx_word' id='word_1_335' title='bbox 1633 2526 1760 2580; x_wconf 88' lang='lat' dir='ltr'><strong>lucentes</strong></span> <span class='ocrx_word' id='word_1_336' title='bbox 1773 2524 1850 2580; x_wconf 86' lang='lat' dir='ltr'><strong>iecit.</strong></span> 
     </span>
     <span class='ocr_line' id='line_1_27' title="bbox 100 2613 1853 2689; baseline -0.002 -18"><span class='ocrx_word' id='word_1_337' title='bbox 100 2616 309 2688; x_wconf 86' lang='lat' dir='ltr'><strong>iuterpretatur</strong></span> <span class='ocrx_word' id='word_1_338' title='bbox 335 2620 467 2689; x_wconf 77' lang='lat' dir='ltr'><strong>ampliora</strong></span> <span class='ocrx_word' id='word_1_339' title='bbox 498 2634 557 2674; x_wconf 87' lang='lat' dir='ltr'><strong>mea</strong></span> <span class='ocrx_word' id='word_1_340' title='bbox 588 2619 632 2674; x_wconf 82' lang='lat' dir='ltr'><strong>vel</strong></span> <span class='ocrx_word' id='word_1_341' title='bbox 660 2635 787 2674; x_wconf 83' lang='lat' dir='ltr'><strong>mensura</strong></span> <span class='ocrx_word' id='word_1_342' title='bbox 816 2636 875 2675; x_wconf 89' lang='lat' dir='ltr'><strong>mea</strong></span> <span class='ocrx_word' id='word_1_343' title='bbox 907 2622 950 2676; x_wconf 88' lang='lat' dir='ltr'><strong>vel</strong></span> <span class='ocrx_word' id='word_1_344' title='bbox 1006 2616 1060 2672; x_wconf 88' lang='lat' dir='ltr'><strong>Sed</strong></span> <span class='ocrx_word' id='word_1_345' title='bbox 1075 2616 1143 2688; x_wconf 83' lang='lat' dir='ltr'><strong>qrria</strong></span> <span class='ocrx_word' id='word_1_346' title='bbox 1158 2631 1216 2669; x_wconf 93' lang='lat' dir='ltr'><strong>non</strong></span> <span class='ocrx_word' id='word_1_347' title='bbox 1231 2614 1282 2668; x_wconf 89' lang='lat' dir='ltr'><strong>uni</strong></span> <span class='ocrx_word' id='word_1_348' title='bbox 1297 2614 1414 2684; x_wconf 89' lang='lat' dir='ltr'><strong>populo,</strong></span> <span class='ocrx_word' id='word_1_349' title='bbox 1430 2613 1521 2668; x_wconf 83' lang='lat' dir='ltr'><strong>utlex</strong></span> <span class='ocrx_word' id='word_1_350' title='bbox 1536 2614 1632 2686; x_wconf 85' lang='lat' dir='ltr'><strong>lloysi,</strong></span> <span class='ocrx_word' id='word_1_351' title='bbox 1658 2613 1853 2669; x_wconf 88' lang='lat' dir='ltr'><strong>sedomnibus</strong></span> 
     </span>
     <span class='ocr_line' id='line_1_28' title="bbox 101 2701 1567 2778; baseline -0.003 -16"><span class='ocrx_word' id='word_1_352' title='bbox 101 2707 276 2762; x_wconf 71' lang='lat' dir='ltr'><strong>mundatum.</strong></span> <span class='ocrx_word' id='word_1_353' title='bbox 306 2706 368 2761; x_wconf 89' lang='lat' dir='ltr'><strong>Seir</strong></span> <span class='ocrx_word' id='word_1_354' title='bbox 395 2707 490 2778; x_wconf 58' lang='lat' dir='ltr'><strong>(aare)</strong></span> <span class='ocrx_word' id='word_1_355' title='bbox 516 2709 620 2776; x_wconf 80' lang='lat' dir='ltr'><strong>pilosus</strong></span> <span class='ocrx_word' id='word_1_356' title='bbox 647 2707 690 2762; x_wconf 84' lang='lat' dir='ltr'><strong>vel</strong></span> <span class='ocrx_word' id='word_1_357' title='bbox 715 2708 848 2778; x_wconf 79' lang='lat' dir='ltr'><strong>hispidus.</strong></span> <span class='ocrx_word' id='word_1_358' title='bbox 876 2707 951 2762; x_wconf 88' lang='lat' dir='ltr'><strong>Pha·</strong></span> <span class='ocrx_word' id='word_1_359' title='bbox 1006 2705 1135 2767; x_wconf 81' lang='lat' dir='ltr'><strong>dataest,</strong></span> <span class='ocrx_word' id='word_1_360' title='bbox 1155 2702 1287 2775; x_wconf 89' lang='lat' dir='ltr'><strong>adjungit</strong></span> <span class='ocrx_word' id='word_1_361' title='bbox 1302 2719 1309 2757; x_wconf 89' lang='lat'>:</span> <span class='ocrx_word' id='word_1_362' title='bbox 1324 2703 1429 2758; x_wconf 81' lang='lat' dir='ltr'><strong>Diteait</strong></span> <span class='ocrx_word' id='word_1_363' title='bbox 1441 2701 1567 2772; x_wconf 86' lang='lat' dir='ltr'><strong>populos.</strong></span> 
     </span>
     <span class='ocr_line' id='line_1_29' title="bbox 102 2789 1852 2866; baseline -0.003 -17"><span class='ocrx_word' id='word_1_364' title='bbox 102 2810 154 2849; x_wconf 87' lang='lat' dir='ltr'><strong>ran</strong></span> <span class='ocrx_word' id='word_1_365' title='bbox 180 2792 278 2865; x_wconf 66' lang='lat' dir='ltr'><strong>tt&#39;tctDl</strong></span> <span class='ocrx_word' id='word_1_366' title='bbox 301 2794 430 2860; x_wconf 67' lang='lat' dir='ltr'><strong>ferocitas</strong></span> <span class='ocrx_word' id='word_1_367' title='bbox 454 2809 545 2848; x_wconf 83' lang='lat' dir='ltr'><strong>eorum</strong></span> <span class='ocrx_word' id='word_1_368' title='bbox 572 2795 614 2849; x_wconf 84' lang='lat' dir='ltr'><strong>vel</strong></span> <span class='ocrx_word' id='word_1_369' title='bbox 633 2797 763 2862; x_wconf 71' lang='lat' dir='ltr'><strong>[rupisse.</strong></span> <span class='ocrx_word' id='word_1_370' title='bbox 782 2793 848 2849; x_wconf 86' lang='lat' dir='ltr'><strong>Sina</strong></span> <span class='ocrx_word' id='word_1_371' title='bbox 862 2792 952 2866; x_wconf 89' lang='lat' dir='ltr'><strong>igitur</strong></span> <span class='ocrx_word' id='word_1_372' title='bbox 1045 2794 1122 2847; x_wconf 77' lang='lat' dir='ltr'><strong>tens.</strong></span> <span class='ocrx_word' id='word_1_373' title='bbox 1145 2822 1181 2832; x_wconf 93' lang='lat'>—</span> <span class='ocrx_word' id='word_1_374' title='bbox 1195 2795 1220 2847; x_wconf 85' lang='lat'><strong>3.</strong></span> <span class='ocrx_word' id='word_1_375' title='bbox 1243 2793 1404 2847; x_wconf 74' lang='lat' dir='ltr'><strong>-Ditenit</strong></span> <span class='ocrx_word' id='word_1_376' title='bbox 1421 2791 1524 2846; x_wconf 86' lang='lat' dir='ltr'><strong>Unde:</strong></span> <span class='ocrx_word' id='word_1_377' title='bbox 1550 2792 1681 2860; x_wconf 62' lang='lat' dir='ltr'><strong>Maiorem</strong></span> <span class='ocrx_word' id='word_1_378' title='bbox 1709 2791 1759 2845; x_wconf 84' lang='lat' dir='ltr'><strong>boc</strong></span> <span class='ocrx_word' id='word_1_379' title='bbox 1783 2789 1852 2845; x_wconf 80' lang='lat' dir='ltr'><strong>atu-</strong></span> 
     </span>
     <span class='ocr_line' id='line_1_30' title="bbox 104 2881 1851 2953; baseline -0.002 -17"><span class='ocrx_word' id='word_1_380' title='bbox 104 2881 207 2952; x_wconf 83' lang='lat' dir='ltr'><strong>llgurat</strong></span> <span class='ocrx_word' id='word_1_381' title='bbox 223 2884 307 2937; x_wconf 84' lang='lat' dir='ltr'><strong>Vetus</strong></span> <span class='ocrx_word' id='word_1_382' title='bbox 323 2884 545 2947; x_wconf 84' lang='lat' dir='ltr'><strong>Testamentum,</strong></span> <span class='ocrx_word' id='word_1_383' title='bbox 571 2881 639 2953; x_wconf 81' lang='lat' dir='ltr'><strong>qraia</strong></span> <span class='ocrx_word' id='word_1_384' title='bbox 654 2887 761 2937; x_wconf 85' lang='lat' dir='ltr'><strong>certam</strong></span> <span class='ocrx_word' id='word_1_385' title='bbox 785 2897 950 2937; x_wconf 87' lang='lat' dir='ltr'><strong>mensuram</strong></span> <span class='ocrx_word' id='word_1_386' title='bbox 1005 2886 1118 2938; x_wconf 83' lang='lat' dir='ltr'><strong>ctionem</strong></span> <span class='ocrx_word' id='word_1_387' title='bbox 1140 2897 1215 2937; x_wconf 86' lang='lat' dir='ltr'><strong>nemo</strong></span> <span class='ocrx_word' id='word_1_388' title='bbox 1243 2883 1332 2950; x_wconf 82' lang='lat' dir='ltr'><strong>tabet,</strong></span> <span class='ocrx_word' id='word_1_389' title='bbox 1358 2888 1389 2936; x_wconf 88' lang='lat' dir='ltr'><strong>ut</strong></span> <span class='ocrx_word' id='word_1_390' title='bbox 1423 2883 1544 2937; x_wconf 82' lang='lat' dir='ltr'><strong>animam</strong></span> <span class='ocrx_word' id='word_1_391' title='bbox 1565 2895 1643 2936; x_wconf 83' lang='lat' dir='ltr'><strong>suam</strong></span> <span class='ocrx_word' id='word_1_392' title='bbox 1672 2884 1767 2952; x_wconf 90' lang='lat' dir='ltr'><strong>ponat,</strong></span> <span class='ocrx_word' id='word_1_393' title='bbox 1798 2884 1851 2935; x_wconf 89' lang='lat' dir='ltr'><strong>etc.</strong></span> 
     </span>
     <span class='ocr_line' id='line_1_31' title="bbox 104 2969 1171 3051; baseline 0.002 -28"><span class='ocrx_word' id='word_1_394' title='bbox 104 2971 304 3026; x_wconf 87' lang='lat' dir='ltr'><strong>mandatorum</strong></span> <span class='ocrx_word' id='word_1_395' title='bbox 328 2971 410 3042; x_wconf 82' lang='lat' dir='ltr'><strong>juxta</strong></span> <span class='ocrx_word' id='word_1_396' title='bbox 436 2969 564 3041; x_wconf 81' lang='lat' dir='ltr'><strong>decalogi</strong></span> <span class='ocrx_word' id='word_1_397' title='bbox 580 2970 725 3025; x_wconf 87' lang='lat' dir='ltr'><strong>decretum</strong></span> <span class='ocrx_word' id='word_1_398' title='bbox 743 2976 852 3037; x_wconf 90' lang='lat' dir='ltr'><strong>tenens,</strong></span> <span class='ocrx_word' id='word_1_399' title='bbox 880 2987 950 3042; x_wconf 94' lang='lat' dir='ltr'><strong>pro·</strong></span> <span class='ocrx_word' id='word_1_400' title='bbox 968 2993 988 3051; x_wconf 70' lang='lat' dir='ltr'>c</span> <span class='ocrx_word' id='word_1_401' title='bbox 1006 2970 1098 3044; x_wconf 78' lang='lat' dir='ltr'><strong>(Jaau.</strong></span> <span class='ocrx_word' id='word_1_402' title='bbox 1115 2969 1171 3040; x_wconf 83' lang='grc' dir='ltr'><strong>ιι).</strong></span> 
     </span>
     <span class='ocr_line' id='line_1_32' title="bbox 104 3056 1852 3131; baseline -0.001 -19"><span class='ocrx_word' id='word_1_403' title='bbox 104 3059 200 3114; x_wconf 87' lang='lat' dir='ltr'><strong>hibere</strong></span> <span class='ocrx_word' id='word_1_404' title='bbox 216 3059 305 3121; x_wconf 82' lang='lat' dir='ltr'><strong>novit,</strong></span> <span class='ocrx_word' id='word_1_405' title='bbox 322 3075 381 3113; x_wconf 93' lang='lat' dir='ltr'><strong>non</strong></span> <span class='ocrx_word' id='word_1_406' title='bbox 403 3059 526 3130; x_wconf 84' lang='lat' dir='ltr'><strong>juvare:</strong></span> <span class='ocrx_word' id='word_1_407' title='bbox 552 3075 604 3112; x_wconf 84' lang='lat' dir='ltr'><strong>nec</strong></span> <span class='ocrx_word' id='word_1_408' title='bbox 626 3058 729 3129; x_wconf 87' lang='lat' dir='ltr'><strong>spiritu</strong></span> <span class='ocrx_word' id='word_1_409' title='bbox 743 3058 904 3113; x_wconf 83' lang='lat' dir='ltr'><strong>dilectionis</strong></span> <span class='ocrx_word' id='word_1_410' title='bbox 920 3059 952 3113; x_wconf 91' lang='lat' dir='ltr'><strong>li·</strong></span> <span class='ocrx_word' id='word_1_411' title='bbox 1040 3061 1145 3116; x_wconf 85' lang='lat' dir='ltr'><strong>Omnes.</strong></span> <span class='ocrx_word' id='word_1_412' title='bbox 1172 3059 1238 3114; x_wconf 88' lang='lat' dir='ltr'><strong>Sine</strong></span> <span class='ocrx_word' id='word_1_413' title='bbox 1262 3075 1393 3131; x_wconf 83' lang='lat' dir='ltr'><strong>personae</strong></span> <span class='ocrx_word' id='word_1_414' title='bbox 1419 3057 1598 3130; x_wconf 77' lang='lat' dir='ltr'><strong>acceptioue3</strong></span> <span class='ocrx_word' id='word_1_415' title='bbox 1625 3056 1701 3112; x_wconf 88' lang='lat' dir='ltr'><strong>unde</strong></span> <span class='ocrx_word' id='word_1_416' title='bbox 1717 3076 1723 3111; x_wconf 89' lang='lat'>:</span> <span class='ocrx_word' id='word_1_417' title='bbox 1741 3057 1795 3124; x_wconf 81' lang='lat' dir='ltr'><strong>Qui</strong></span> <span class='ocrx_word' id='word_1_418' title='bbox 1812 3057 1852 3110; x_wconf 82' lang='lat' dir='ltr'><strong>ti·</strong></span> 
     </span>
     <span class='ocr_line' id='line_1_33' title="bbox 103 3144 1853 3220; baseline -0.002 -18"><span class='ocrx_word' id='word_1_419' title='bbox 103 3148 192 3213; x_wconf 90' lang='lat' dir='ltr'><strong>berat,</strong></span> <span class='ocrx_word' id='word_1_420' title='bbox 206 3147 256 3202; x_wconf 89' lang='lat' dir='ltr'><strong>sed</strong></span> <span class='ocrx_word' id='word_1_421' title='bbox 271 3147 375 3202; x_wconf 87' lang='lat' dir='ltr'><strong>timore</strong></span> <span class='ocrx_word' id='word_1_422' title='bbox 390 3163 481 3219; x_wconf 75' lang='lat' dir='ltr'><strong>poenes</strong></span> <span class='ocrx_word' id='word_1_423' title='bbox 499 3145 628 3202; x_wconf 89' lang='lat' dir='ltr'><strong>subditos</strong></span> <span class='ocrx_word' id='word_1_424' title='bbox 642 3147 722 3218; x_wconf 89' lang='lat' dir='ltr'><strong>ligat.</strong></span> <span class='ocrx_word' id='word_1_425' title='bbox 744 3148 824 3203; x_wconf 90' lang='lat' dir='ltr'><strong>Unde</strong></span> <span class='ocrx_word' id='word_1_426' title='bbox 841 3163 848 3202; x_wconf 90' lang='lat'><strong>:</strong></span> <span class='ocrx_word' id='word_1_427' title='bbox 864 3149 950 3203; x_wconf 88' lang='lat' dir='ltr'><strong>Unam</strong></span> <span class='ocrx_word' id='word_1_428' title='bbox 1004 3153 1056 3204; x_wconf 90' lang='lat' dir='ltr'><strong>met</strong></span> <span class='ocrx_word' id='word_1_429' title='bbox 1084 3150 1172 3204; x_wconf 89' lang='lat' dir='ltr'><strong>Deum</strong></span> <span class='ocrx_word' id='word_1_430' title='bbox 1199 3152 1224 3204; x_wconf 87' lang='grc' dir='ltr'><strong>ιι</strong></span> <span class='ocrx_word' id='word_1_431' title='bbox 1253 3154 1382 3220; x_wconf 87' lang='lat' dir='ltr'><strong>operatur</strong></span> <span class='ocrx_word' id='word_1_432' title='bbox 1415 3148 1567 3218; x_wconf 74' lang='lat' dir='ltr'><strong>justitiam,</strong></span> <span class='ocrx_word' id='word_1_433' title='bbox 1595 3151 1719 3215; x_wconf 87' lang='lat' dir='ltr'><strong>acceptus</strong></span> <span class='ocrx_word' id='word_1_434' title='bbox 1744 3149 1784 3199; x_wconf 83' lang='lat' dir='ltr'><strong>est</strong></span> <span class='ocrx_word' id='word_1_435' title='bbox 1809 3144 1853 3199; x_wconf 85' lang='lat' dir='ltr'><strong>itti</strong></span> 
     </span>
     <span class='ocr_line' id='line_1_34' title="bbox 104 3235 1135 3308; baseline 0.001 -18"><span class='ocrx_word' id='word_1_436' title='bbox 104 3236 211 3307; x_wconf 80' lang='lat' dir='ltr'><strong>paidom</strong></span> <span class='ocrx_word' id='word_1_437' title='bbox 228 3238 257 3290; x_wconf 86' lang='lat' dir='ltr'><strong>in</strong></span> <span class='ocrx_word' id='word_1_438' title='bbox 281 3240 370 3291; x_wconf 86' lang='lat' dir='ltr'><strong>monte</strong></span> <span class='ocrx_word' id='word_1_439' title='bbox 392 3236 460 3291; x_wconf 84' lang='lat' dir='ltr'><strong>Sina</strong></span> <span class='ocrx_word' id='word_1_440' title='bbox 489 3239 519 3291; x_wconf 87' lang='lat' dir='ltr'><strong>in</strong></span> <span class='ocrx_word' id='word_1_441' title='bbox 545 3238 699 3291; x_wconf 82' lang='lat' dir='ltr'><strong>servitutem</strong></span> <span class='ocrx_word' id='word_1_442' title='bbox 726 3251 867 3304; x_wconf 79' lang='lat' dir='ltr'><strong>generans,</strong></span> <span class='ocrx_word' id='word_1_443' title='bbox 893 3244 947 3295; x_wconf 88' lang='lat' dir='ltr'><strong>etc.</strong></span> <span class='ocrx_word' id='word_1_444' title='bbox 1005 3238 1079 3308; x_wconf 80' lang='lat' dir='ltr'><strong>(Act.</strong></span> <span class='ocrx_word' id='word_1_445' title='bbox 1096 3235 1135 3308; x_wconf 89' lang='grc' dir='ltr'><strong>ι).</strong></span> 
     </span>
    </p>

    <p class='ocr_par' dir='ltr' id='par_1_6' title="bbox 105 3322 1852 3576">
     <span class='ocr_line' id='line_1_35' title="bbox 105 3322 1851 3399; baseline -0.004 -17"><span class='ocrx_word' id='word_1_446' title='bbox 105 3325 172 3394; x_wconf 77' lang='lat' dir='ltr'><strong>[Uol.</strong></span> <span class='ocrx_word' id='word_1_447' title='bbox 188 3327 241 3394; x_wconf 79' lang='lat' dir='ltr'><strong>ra.)</strong></span> <span class='ocrx_word' id='word_1_448' title='bbox 256 3324 395 3380; x_wconf 79' lang='lat' dir='ltr'><strong>Dominus</strong></span> <span class='ocrx_word' id='word_1_449' title='bbox 409 3341 477 3395; x_wconf 88' lang='lat' dir='ltr'><strong>ergo</strong></span> <span class='ocrx_word' id='word_1_450' title='bbox 499 3325 577 3381; x_wconf 79' lang='lat' dir='ltr'><strong>venit</strong></span> <span class='ocrx_word' id='word_1_451' title='bbox 591 3325 626 3380; x_wconf 87' lang='lat' dir='ltr'><strong>de</strong></span> <span class='ocrx_word' id='word_1_452' title='bbox 641 3325 718 3392; x_wconf 89' lang='lat' dir='ltr'><strong>Sina,</strong></span> <span class='ocrx_word' id='word_1_453' title='bbox 733 3325 761 3380; x_wconf 92' lang='lat' dir='ltr'><strong>id</strong></span> <span class='ocrx_word' id='word_1_454' title='bbox 784 3330 826 3380; x_wconf 88' lang='lat' dir='ltr'><strong>est</strong></span> <span class='ocrx_word' id='word_1_455' title='bbox 838 3344 872 3382; x_wconf 87' lang='lat' dir='ltr'><strong>ex</strong></span> <span class='ocrx_word' id='word_1_456' title='bbox 888 3328 950 3399; x_wconf 89' lang='lat' dir='ltr'><strong>lege</strong></span> <span class='ocrx_word' id='word_1_457' title='bbox 1039 3326 1134 3382; x_wconf 80' lang='grc' dir='ltr'><strong>Οιιιιιιι</strong></span> <span class='ocrx_word' id='word_1_458' title='bbox 1153 3329 1251 3383; x_wconf 55' lang='lat' dir='ltr'><strong>sanctii</strong></span> <span class='ocrx_word' id='word_1_459' title='bbox 1275 3324 1447 3382; x_wconf 83' lang='lat' dir='ltr'><strong>Sanctificati</strong></span> <span class='ocrx_word' id='word_1_460' title='bbox 1460 3324 1569 3380; x_wconf 87' lang='lat' dir='ltr'><strong>scilicet</strong></span> <span class='ocrx_word' id='word_1_461' title='bbox 1593 3323 1623 3377; x_wconf 92' lang='lat' dir='ltr'><strong>in</strong></span> <span class='ocrx_word' id='word_1_462' title='bbox 1647 3322 1764 3377; x_wconf 90' lang='lat' dir='ltr'><strong>nomine</strong></span> <span class='ocrx_word' id='word_1_463' title='bbox 1788 3322 1851 3392; x_wconf 85' lang='lat' dir='ltr'><strong>ejus</strong></span> 
     </span>
     <span class='ocr_line' id='line_1_36' title="bbox 106 3413 1852 3487; baseline -0.001 -19"><span class='ocrx_word' id='word_1_464' title='bbox 106 3418 128 3468; x_wconf 90' lang='grc' dir='ltr'><strong>ιι</strong></span> <span class='ocrx_word' id='word_1_465' title='bbox 142 3415 293 3486; x_wconf 83' lang='lat' dir='ltr'><strong>prophetis</strong></span> <span class='ocrx_word' id='word_1_466' title='bbox 308 3414 488 3469; x_wconf 86' lang='lat' dir='ltr'><strong>credentibus</strong></span> <span class='ocrx_word' id='word_1_467' title='bbox 511 3413 647 3470; x_wconf 89' lang='lat' dir='ltr'><strong>innotuit.</strong></span> <span class='ocrx_word' id='word_1_468' title='bbox 676 3414 743 3470; x_wconf 91' lang='lat' dir='ltr'><strong>lnde</strong></span> <span class='ocrx_word' id='word_1_469' title='bbox 768 3414 846 3470; x_wconf 90' lang='lat' dir='ltr'><strong>enim</strong></span> <span class='ocrx_word' id='word_1_470' title='bbox 861 3416 948 3483; x_wconf 89' lang='lat' dir='ltr'><strong>venit,</strong></span> <span class='ocrx_word' id='word_1_471' title='bbox 1004 3414 1055 3487; x_wconf 91' lang='lat' dir='ltr'><strong>qui</strong></span> <span class='ocrx_word' id='word_1_472' title='bbox 1082 3415 1259 3471; x_wconf 87' lang='lat' dir='ltr'><strong>audierunt:</strong></span> <span class='ocrx_word' id='word_1_473' title='bbox 1283 3415 1379 3472; x_wconf 85' lang='lat' dir='ltr'><strong>Sancti</strong></span> <span class='ocrx_word' id='word_1_474' title='bbox 1403 3417 1494 3476; x_wconf 81' lang='lat' dir='ltr'><strong>estote,</strong></span> <span class='ocrx_word' id='word_1_475' title='bbox 1520 3414 1649 3484; x_wconf 78' lang='lat' dir='ltr'><strong>quoniam</strong></span> <span class='ocrx_word' id='word_1_476' title='bbox 1673 3426 1721 3479; x_wconf 80' lang='lat' dir='ltr'><strong>epo</strong></span> <span class='ocrx_word' id='word_1_477' title='bbox 1742 3416 1852 3466; x_wconf 79' lang='lat' dir='ltr'><strong>sanctus</strong></span> 
     </span>
     <span class='ocr_line' id='line_1_37' title="bbox 107 3502 1321 3576; baseline 0.002 -19"><span class='ocrx_word' id='word_1_478' title='bbox 107 3520 166 3558; x_wconf 86' lang='lat' dir='ltr'><strong>cnm</strong></span> <span class='ocrx_word' id='word_1_479' title='bbox 180 3504 223 3558; x_wconf 91' lang='lat' dir='ltr'><strong>ibi</strong></span> <span class='ocrx_word' id='word_1_480' title='bbox 238 3502 345 3575; x_wconf 87' lang='lat' dir='ltr'><strong>legenti</strong></span> <span class='ocrx_word' id='word_1_481' title='bbox 360 3508 389 3557; x_wconf 92' lang='lat' dir='ltr'><strong>et</strong></span> <span class='ocrx_word' id='word_1_482' title='bbox 406 3502 579 3574; x_wconf 87' lang='lat' dir='ltr'><strong>intelligenti</strong></span> <span class='ocrx_word' id='word_1_483' title='bbox 594 3503 755 3560; x_wconf 87' lang='lat' dir='ltr'><strong>innotescit.</strong></span> <span class='ocrx_word' id='word_1_484' title='bbox 774 3504 853 3560; x_wconf 86' lang='lat' dir='ltr'><strong>Unde</strong></span> <span class='ocrx_word' id='word_1_485' title='bbox 868 3519 875 3558; x_wconf 92' lang='lat'><strong>:</strong></span> <span class='ocrx_word' id='word_1_486' title='bbox 890 3506 951 3575; x_wconf 82' lang='lat' dir='ltr'><strong>lpse</strong></span> <span class='ocrx_word' id='word_1_487' title='bbox 1003 3518 1073 3569; x_wconf 78' lang='lat' dir='ltr'><strong>eum,</strong></span> <span class='ocrx_word' id='word_1_488' title='bbox 1093 3509 1147 3560; x_wconf 95' lang='grc' dir='ltr'><strong>ιιι.</strong></span> <span class='ocrx_word' id='word_1_489' title='bbox 1166 3503 1238 3575; x_wconf 84' lang='lat' dir='ltr'><strong>(Len.</strong></span> <span class='ocrx_word' id='word_1_490' title='bbox 1255 3503 1321 3576; x_wconf 88' lang='grc' dir='ltr'><strong>ιιι).</strong></span> 
     </span>
    </p>

    <p class='ocr_par' dir='ltr' id='par_1_7' title="bbox 52 3584 1853 4550">
     <span class='ocr_line' id='line_1_38' title="bbox 62 3584 1849 3664; baseline -0.002 -17"><span class='ocrx_word' id='word_1_491' title='bbox 62 3584 63 3588; x_wconf 61' lang='grc'>’</span> <span class='ocrx_word' id='word_1_492' title='bbox 107 3593 267 3662; x_wconf 61' lang='lat' dir='ltr'><strong>incipian-sa</strong></span> <span class='ocrx_word' id='word_1_493' title='bbox 288 3593 378 3660; x_wconf 76' lang='lat' dir='ltr'><strong>Mopse</strong></span> <span class='ocrx_word' id='word_1_494' title='bbox 404 3594 430 3645; x_wconf 88' lang='lat' dir='ltr'><strong>et</strong></span> <span class='ocrx_word' id='word_1_495' title='bbox 444 3591 567 3646; x_wconf 83' lang='lat' dir='ltr'><strong>omnibus</strong></span> <span class='ocrx_word' id='word_1_496' title='bbox 588 3592 729 3661; x_wconf 73' lang='lat' dir='ltr'><strong>prophetia</strong></span> <span class='ocrx_word' id='word_1_497' title='bbox 754 3591 832 3662; x_wconf 82' lang='lat' dir='ltr'><strong>(buc.</strong></span> <span class='ocrx_word' id='word_1_498' title='bbox 865 3595 949 3663; x_wconf 81' lang='lat' dir='ltr'><strong>xxiv),</strong></span> <span class='ocrx_word' id='word_1_499' title='bbox 1038 3595 1176 3648; x_wconf 82' lang='lat' dir='ltr'><strong>inmane.</strong></span> <span class='ocrx_word' id='word_1_500' title='bbox 1199 3593 1229 3648; x_wconf 92' lang='lat' dir='ltr'><strong>ld</strong></span> <span class='ocrx_word' id='word_1_501' title='bbox 1243 3592 1438 3664; x_wconf 86' lang='lat' dir='ltr'><strong>estpotentia,</strong></span> <span class='ocrx_word' id='word_1_502' title='bbox 1455 3608 1512 3663; x_wconf 91' lang='lat' dir='ltr'><strong>qna</strong></span> <span class='ocrx_word' id='word_1_503' title='bbox 1526 3594 1729 3661; x_wconf 77' lang='lat' dir='ltr'><strong>proteguntur.</strong></span> <span class='ocrx_word' id='word_1_504' title='bbox 1746 3588 1849 3645; x_wconf 89' lang='lat' dir='ltr'><strong>Unde:</strong></span> 
     </span>
     <span class='ocr_line' id='line_1_39' title="bbox 109 3677 1849 3754; baseline -0.001 -19"><span class='ocrx_word' id='word_1_505' title='bbox 109 3679 251 3752; x_wconf 86' lang='lat' dir='ltr'><strong>discipulis</strong></span> <span class='ocrx_word' id='word_1_506' title='bbox 264 3679 435 3751; x_wconf 84' lang='lat' dir='ltr'><strong>exponebat,</strong></span> <span class='ocrx_word' id='word_1_507' title='bbox 445 3681 480 3735; x_wconf 90' lang='lat' dir='ltr'><strong>ad</strong></span> <span class='ocrx_word' id='word_1_508' title='bbox 495 3696 621 3751; x_wconf 87' lang='lat' dir='ltr'><strong>quornm</strong></span> <span class='ocrx_word' id='word_1_509' title='bbox 635 3679 721 3736; x_wconf 90' lang='lat' dir='ltr'><strong>corda</strong></span> <span class='ocrx_word' id='word_1_510' title='bbox 743 3680 841 3736; x_wconf 86' lang='lat' dir='ltr'><strong>venire</strong></span> <span class='ocrx_word' id='word_1_511' title='bbox 856 3684 951 3754; x_wconf 88' lang='lat' dir='ltr'><strong>cupie-</strong></span> <span class='ocrx_word' id='word_1_512' title='bbox 1002 3682 1063 3736; x_wconf 84' lang='lat' dir='ltr'><strong>Non</strong></span> <span class='ocrx_word' id='word_1_513' title='bbox 1083 3684 1174 3751; x_wconf 87' lang='lat' dir='ltr'><strong>rapiet</strong></span> <span class='ocrx_word' id='word_1_514' title='bbox 1194 3684 1340 3751; x_wconf 80' lang='lat' dir='ltr'><strong>quisquam</strong></span> <span class='ocrx_word' id='word_1_515' title='bbox 1364 3682 1397 3737; x_wconf 85' lang='lat' dir='ltr'><strong>de</strong></span> <span class='ocrx_word' id='word_1_516' title='bbox 1420 3695 1503 3735; x_wconf 88' lang='lat' dir='ltr'><strong>manu</strong></span> <span class='ocrx_word' id='word_1_517' title='bbox 1528 3694 1594 3740; x_wconf 86' lang='lat' dir='ltr'><strong>mea,</strong></span> <span class='ocrx_word' id='word_1_518' title='bbox 1617 3684 1671 3732; x_wconf 89' lang='grc' dir='ltr'><strong>ιιι.</strong></span> <span class='ocrx_word' id='word_1_519' title='bbox 1695 3677 1789 3748; x_wconf 76' lang='lat' dir='ltr'><strong>(donn.</strong></span> <span class='ocrx_word' id='word_1_520' title='bbox 1808 3677 1849 3748; x_wconf 86' lang='grc' dir='ltr'><strong>ι).</strong></span> 
     </span>
     <span class='ocr_line' id='line_1_40' title="bbox 108 3766 1852 3841; baseline -0.003 -17"><span class='ocrx_word' id='word_1_521' title='bbox 108 3768 161 3824; x_wconf 88' lang='lat' dir='ltr'><strong>bat.</strong></span> <span class='ocrx_word' id='word_1_522' title='bbox 191 3769 232 3824; x_wconf 87' lang='lat' dir='ltr'><strong>Dc</strong></span> <span class='ocrx_word' id='word_1_523' title='bbox 256 3768 318 3824; x_wconf 92' lang='lat' dir='ltr'><strong>Seir</strong></span> <span class='ocrx_word' id='word_1_524' title='bbox 344 3773 425 3823; x_wconf 90' lang='lat' dir='ltr'><strong>ortus</strong></span> <span class='ocrx_word' id='word_1_525' title='bbox 451 3769 608 3824; x_wconf 88' lang='lat' dir='ltr'><strong>secundum</strong></span> <span class='ocrx_word' id='word_1_526' title='bbox 631 3785 758 3837; x_wconf 87' lang='lat' dir='ltr'><strong>carnem,</strong></span> <span class='ocrx_word' id='word_1_527' title='bbox 783 3771 892 3825; x_wconf 89' lang='lat' dir='ltr'><strong>scilicet</strong></span> <span class='ocrx_word' id='word_1_528' title='bbox 914 3772 949 3826; x_wconf 92' lang='lat' dir='ltr'><strong>de</strong></span> <span class='ocrx_word' id='word_1_529' title='bbox 1005 3770 1039 3825; x_wconf 86' lang='lat' dir='ltr'><strong>lli</strong></span> <span class='ocrx_word' id='word_1_530' title='bbox 1066 3785 1118 3841; x_wconf 87' lang='lat' dir='ltr'><strong>per</strong></span> <span class='ocrx_word' id='word_1_531' title='bbox 1130 3770 1300 3824; x_wconf 88' lang='lat' dir='ltr'><strong>charitatem</strong></span> <span class='ocrx_word' id='word_1_532' title='bbox 1323 3774 1390 3824; x_wconf 91' lang='lat' dir='ltr'><strong>sunt</strong></span> <span class='ocrx_word' id='word_1_533' title='bbox 1404 3784 1493 3823; x_wconf 90' lang='lat' dir='ltr'><strong>uuum</strong></span> <span class='ocrx_word' id='word_1_534' title='bbox 1508 3782 1631 3838; x_wconf 90' lang='lat' dir='ltr'><strong>regnum</strong></span> <span class='ocrx_word' id='word_1_535' title='bbox 1646 3766 1678 3820; x_wconf 91' lang='lat' dir='ltr'><strong>in</strong></span> <span class='ocrx_word' id='word_1_536' title='bbox 1693 3781 1781 3820; x_wconf 89' lang='lat' dir='ltr'><strong>manu</strong></span> <span class='ocrx_word' id='word_1_537' title='bbox 1798 3766 1852 3819; x_wconf 90' lang='lat' dir='ltr'><strong>Dc·</strong></span> 
     </span>
     <span class='ocr_line' id='line_1_41' title="bbox 107 3856 1852 3930; baseline -0.001 -19"><span class='ocrx_word' id='word_1_538' title='bbox 107 3857 207 3914; x_wconf 79' lang='lat' dir='ltr'><strong>tudaeis</strong></span> <span class='ocrx_word' id='word_1_539' title='bbox 224 3856 341 3913; x_wconf 76' lang='lat' dir='ltr'><strong>malitiae</strong></span> <span class='ocrx_word' id='word_1_540' title='bbox 356 3861 384 3912; x_wconf 89' lang='grc' dir='ltr'><strong>ιι</strong></span> <span class='ocrx_word' id='word_1_541' title='bbox 406 3857 536 3929; x_wconf 82' lang='lat' dir='ltr'><strong>pertidiae</strong></span> <span class='ocrx_word' id='word_1_542' title='bbox 550 3857 662 3930; x_wconf 85' lang='lat' dir='ltr'><strong>spineto</strong></span> <span class='ocrx_word' id='word_1_543' title='bbox 677 3857 853 3929; x_wconf 81' lang='lat' dir='ltr'><strong>asperrimis,</strong></span> <span class='ocrx_word' id='word_1_544' title='bbox 868 3875 950 3914; x_wconf 73' lang='lat' dir='ltr'><strong>novae</strong></span> <span class='ocrx_word' id='word_1_545' title='bbox 1005 3859 1093 3925; x_wconf 91' lang='lat' dir='ltr'><strong>mini;</strong></span> <span class='ocrx_word' id='word_1_546' title='bbox 1112 3859 1188 3913; x_wconf 86' lang='lat' dir='ltr'><strong>unde</strong></span> <span class='ocrx_word' id='word_1_547' title='bbox 1216 3858 1302 3912; x_wconf 90' lang='lat' dir='ltr'><strong>lsaias</strong></span> <span class='ocrx_word' id='word_1_548' title='bbox 1317 3873 1325 3911; x_wconf 75' lang='grc' dir='ltr'><strong>ι</strong></span> <span class='ocrx_word' id='word_1_549' title='bbox 1340 3860 1376 3912; x_wconf 80' lang='lat' dir='ltr'><strong>Et</strong></span> <span class='ocrx_word' id='word_1_550' title='bbox 1399 3859 1452 3911; x_wconf 87' lang='lat' dir='ltr'><strong>oris</strong></span> <span class='ocrx_word' id='word_1_551' title='bbox 1477 3871 1577 3911; x_wconf 90' lang='lat' dir='ltr'><strong>corona</strong></span> <span class='ocrx_word' id='word_1_552' title='bbox 1600 3856 1699 3926; x_wconf 78' lang='lat' dir='ltr'><strong>gloriae</strong></span> <span class='ocrx_word' id='word_1_553' title='bbox 1713 3856 1743 3908; x_wconf 85' lang='lat' dir='ltr'><strong>in</strong></span> <span class='ocrx_word' id='word_1_554' title='bbox 1767 3869 1852 3909; x_wconf 89' lang='lat' dir='ltr'><strong>manu</strong></span> 
     </span>
     <span class='ocr_line' id='line_1_42' title="bbox 108 3942 1849 4018; baseline -0.003 -17"><span class='ocrx_word' id='word_1_555' title='bbox 108 3946 172 4002; x_wconf 89' lang='lat' dir='ltr'><strong>lucis</strong></span> <span class='ocrx_word' id='word_1_556' title='bbox 187 3951 253 4002; x_wconf 92' lang='lat' dir='ltr'><strong>ortu</strong></span> <span class='ocrx_word' id='word_1_557' title='bbox 271 3951 408 4017; x_wconf 88' lang='lat' dir='ltr'><strong>tanquam</strong></span> <span class='ocrx_word' id='word_1_558' title='bbox 427 3962 508 4000; x_wconf 82' lang='lat' dir='ltr'><strong>verns</strong></span> <span class='ocrx_word' id='word_1_559' title='bbox 525 3948 566 4002; x_wconf 89' lang='lat' dir='ltr'><strong>sol</strong></span> <span class='ocrx_word' id='word_1_560' title='bbox 584 3946 703 4018; x_wconf 78' lang='lat' dir='ltr'><strong>justitie</strong></span> <span class='ocrx_word' id='word_1_561' title='bbox 727 3946 827 4002; x_wconf 85' lang='lat' dir='ltr'><strong>Udeles</strong></span> <span class='ocrx_word' id='word_1_562' title='bbox 841 3947 950 4003; x_wconf 89' lang='lat' dir='ltr'><strong>illumi·</strong></span> <span class='ocrx_word' id='word_1_563' title='bbox 1004 3949 1122 4011; x_wconf 79' lang='lat' dir='ltr'><strong>Domim,</strong></span> <span class='ocrx_word' id='word_1_564' title='bbox 1136 3952 1162 4002; x_wconf 92' lang='lat' dir='ltr'><strong>et</strong></span> <span class='ocrx_word' id='word_1_565' title='bbox 1185 3947 1312 4002; x_wconf 82' lang='lat' dir='ltr'><strong>diadema</strong></span> <span class='ocrx_word' id='word_1_566' title='bbox 1333 3949 1413 4014; x_wconf 80' lang='lat' dir='ltr'><strong>repat</strong></span> <span class='ocrx_word' id='word_1_567' title='bbox 1430 3947 1460 3999; x_wconf 85' lang='lat' dir='ltr'><strong>in</strong></span> <span class='ocrx_word' id='word_1_568' title='bbox 1472 3959 1556 4000; x_wconf 79' lang='lat' dir='ltr'><strong>marcu</strong></span> <span class='ocrx_word' id='word_1_569' title='bbox 1570 3945 1618 3998; x_wconf 87' lang='lat' dir='ltr'><strong>Dei</strong></span> <span class='ocrx_word' id='word_1_570' title='bbox 1633 3945 1675 3996; x_wconf 83' lang='lat' dir='ltr'><strong>tui</strong></span> <span class='ocrx_word' id='word_1_571' title='bbox 1690 3942 1755 4011; x_wconf 82' lang='lat' dir='ltr'><strong>(lau.</strong></span> <span class='ocrx_word' id='word_1_572' title='bbox 1772 3942 1849 4013; x_wconf 82' lang='grc' dir='ltr'><strong>ιιιι).</strong></span> 
     </span>
     <span class='ocr_line' id='line_1_43' title="bbox 108 4029 1850 4108; baseline -0.005 -19"><span class='ocrx_word' id='word_1_573' title='bbox 108 4036 189 4091; x_wconf 84' lang='grc' dir='ltr'><strong>ιιιίι.</strong></span> <span class='ocrx_word' id='word_1_574' title='bbox 205 4034 287 4091; x_wconf 89' lang='lat' dir='ltr'><strong>Unde</strong></span> <span class='ocrx_word' id='word_1_575' title='bbox 303 4051 311 4088; x_wconf 78' lang='lat' dir='ltr'><em>z</em></span> <span class='ocrx_word' id='word_1_576' title='bbox 328 4035 409 4092; x_wconf 80' lang='lat' dir='ltr'><strong>Natis</strong></span> <span class='ocrx_word' id='word_1_577' title='bbox 430 4036 585 4091; x_wconf 80' lang='lat' dir='ltr'><strong>oriatursot</strong></span> <span class='ocrx_word' id='word_1_578' title='bbox 604 4035 811 4106; x_wconf 73' lang='lat' dir='ltr'><strong>justitiaetllal.</strong></span> <span class='ocrx_word' id='word_1_579' title='bbox 841 4035 888 4108; x_wconf 82' lang='lat' dir='ltr'><strong>iv).</strong></span> <span class='ocrx_word' id='word_1_580' title='bbox 918 4038 951 4092; x_wconf 81' lang='lat' dir='ltr'><strong>Ut</strong></span> <span class='ocrx_word' id='word_1_581' title='bbox 1041 4037 1075 4089; x_wconf 81' lang='lat' dir='ltr'><strong>lit</strong></span> <span class='ocrx_word' id='word_1_582' title='bbox 1101 4036 1150 4104; x_wconf 84' lang='lat' dir='ltr'><strong>qui</strong></span> <span class='ocrx_word' id='word_1_583' title='bbox 1176 4036 1411 4105; x_wconf 77' lang='lat' dir='ltr'><strong>appropinquant,</strong></span> <span class='ocrx_word' id='word_1_584' title='bbox 1436 4035 1489 4087; x_wconf 90' lang='lat' dir='ltr'><strong>etc.</strong></span> <span class='ocrx_word' id='word_1_585' title='bbox 1509 4029 1618 4097; x_wconf 83' lang='lat' dir='ltr'><strong>Quasi:</strong></span> <span class='ocrx_word' id='word_1_586' title='bbox 1650 4029 1712 4083; x_wconf 89' lang='lat' dir='ltr'><strong>Non</strong></span> <span class='ocrx_word' id='word_1_587' title='bbox 1743 4029 1850 4084; x_wconf 87' lang='lat' dir='ltr'><strong>contri·</strong></span> 
     </span>
     <span class='ocr_line' id='line_1_44' title="bbox 109 4116 1851 4195; baseline -0.005 -17"><span class='ocrx_word' id='word_1_588' title='bbox 109 4125 169 4179; x_wconf 89' lang='lat' dir='ltr'><strong>alibi</strong></span> <span class='ocrx_word' id='word_1_589' title='bbox 185 4141 192 4181; x_wconf 92' lang='lat'>:</span> <span class='ocrx_word' id='word_1_590' title='bbox 220 4124 330 4180; x_wconf 84' lang='lat' dir='ltr'><strong>Orietur</strong></span> <span class='ocrx_word' id='word_1_591' title='bbox 352 4124 430 4178; x_wconf 83' lang='lat' dir='ltr'><strong>stella</strong></span> <span class='ocrx_word' id='word_1_592' title='bbox 443 4139 478 4179; x_wconf 82' lang='lat' dir='ltr'><strong>aa</strong></span> <span class='ocrx_word' id='word_1_593' title='bbox 499 4122 593 4194; x_wconf 79' lang='lat' dir='ltr'><strong>Jacob,</strong></span> <span class='ocrx_word' id='word_1_594' title='bbox 620 4129 646 4179; x_wconf 89' lang='grc' dir='ltr'><strong>ιι</strong></span> <span class='ocrx_word' id='word_1_595' title='bbox 657 4129 802 4194; x_wconf 78' lang='lat' dir='ltr'><strong>consurget</strong></span> <span class='ocrx_word' id='word_1_596' title='bbox 826 4125 902 4181; x_wconf 84' lang='lat' dir='ltr'><strong>bomo</strong></span> <span class='ocrx_word' id='word_1_597' title='bbox 917 4125 951 4180; x_wconf 85' lang='lat' dir='ltr'><strong>de</strong></span> <span class='ocrx_word' id='word_1_598' title='bbox 1004 4127 1115 4180; x_wconf 75' lang='lat' dir='ltr'><strong>utentur</strong></span> <span class='ocrx_word' id='word_1_599' title='bbox 1136 4123 1187 4195; x_wconf 86' lang='lat' dir='ltr'><strong>qui</strong></span> <span class='ocrx_word' id='word_1_600' title='bbox 1210 4122 1354 4178; x_wconf 87' lang='lat' dir='ltr'><strong>Christum</strong></span> <span class='ocrx_word' id='word_1_601' title='bbox 1370 4121 1401 4175; x_wconf 88' lang='lat' dir='ltr'><strong>in</strong></span> <span class='ocrx_word' id='word_1_602' title='bbox 1415 4134 1500 4175; x_wconf 87' lang='lat' dir='ltr'><strong>carne</strong></span> <span class='ocrx_word' id='word_1_603' title='bbox 1514 4118 1662 4174; x_wconf 88' lang='lat' dir='ltr'><strong>docentem</strong></span> <span class='ocrx_word' id='word_1_604' title='bbox 1677 4132 1737 4172; x_wconf 91' lang='lat' dir='ltr'><strong>non</strong></span> <span class='ocrx_word' id='word_1_605' title='bbox 1751 4116 1851 4171; x_wconf 87' lang='lat' dir='ltr'><strong>audie·</strong></span> 
     </span>
     <span class='ocr_line' id='line_1_45' title="bbox 108 4208 1849 4283; baseline -0.003 -17"><span class='ocrx_word' id='word_1_606' title='bbox 108 4213 186 4268; x_wconf 82' lang='lat' dir='ltr'><strong>lsrael</strong></span> <span class='ocrx_word' id='word_1_607' title='bbox 200 4212 293 4283; x_wconf 86' lang='lat' dir='ltr'><strong>(Num.</strong></span> <span class='ocrx_word' id='word_1_608' title='bbox 301 4212 402 4282; x_wconf 69' lang='lat' dir='ltr'><strong>tarra).</strong></span> <span class='ocrx_word' id='word_1_609' title='bbox 1005 4217 1083 4280; x_wconf 84' lang='lat' dir='ltr'><strong>mant,</strong></span> <span class='ocrx_word' id='word_1_610' title='bbox 1100 4211 1181 4283; x_wconf 86' lang='lat' dir='ltr'><strong>quasi</strong></span> <span class='ocrx_word' id='word_1_611' title='bbox 1196 4212 1231 4267; x_wconf 88' lang='lat' dir='ltr'><strong>ab</strong></span> <span class='ocrx_word' id='word_1_612' title='bbox 1244 4209 1411 4266; x_wconf 87' lang='lat' dir='ltr'><strong>hominibus</strong></span> <span class='ocrx_word' id='word_1_613' title='bbox 1423 4208 1673 4280; x_wconf 87' lang='lat' dir='ltr'><strong>decipiantur.Per</strong></span> <span class='ocrx_word' id='word_1_614' title='bbox 1688 4222 1720 4261; x_wconf 92' lang='lat' dir='ltr'><strong>os</strong></span> <span class='ocrx_word' id='word_1_615' title='bbox 1734 4211 1849 4261; x_wconf 87' lang='lat' dir='ltr'><strong>sancto-</strong></span> 
     </span>
     <span class='ocr_line' id='line_1_46' title="bbox 52 4294 1851 4373; baseline -0.006 -12"><span class='ocrx_word' id='word_1_616' title='bbox 52 4347 54 4361; x_wconf 92' lang='grc'><strong>.</strong></span> <span class='ocrx_word' id='word_1_617' title='bbox 139 4302 282 4366; x_wconf 80' lang='lat' dir='ltr'><strong>Dominus,</strong></span> <span class='ocrx_word' id='word_1_618' title='bbox 306 4303 359 4354; x_wconf 91' lang='grc' dir='ltr'><strong>ιιι.</strong></span> <span class='ocrx_word' id='word_1_619' title='bbox 383 4298 450 4354; x_wconf 89' lang='lat' dir='ltr'><strong>Sina</strong></span> <span class='ocrx_word' id='word_1_620' title='bbox 471 4298 676 4370; x_wconf 88' lang='lat' dir='ltr'><strong>interpretatur</strong></span> <span class='ocrx_word' id='word_1_621' title='bbox 704 4301 824 4355; x_wconf 83' lang='lat' dir='ltr'><strong>tentatio.</strong></span> <span class='ocrx_word' id='word_1_622' title='bbox 857 4299 986 4356; x_wconf 90' lang='lat' dir='ltr'><strong>Domi-D</strong></span> <span class='ocrx_word' id='word_1_623' title='bbox 1006 4318 1068 4356; x_wconf 89' lang='lat' dir='ltr'><strong>rum</strong></span> <span class='ocrx_word' id='word_1_624' title='bbox 1092 4301 1218 4373; x_wconf 86' lang='lat' dir='ltr'><strong>loquitur</strong></span> <span class='ocrx_word' id='word_1_625' title='bbox 1248 4294 1387 4367; x_wconf 79' lang='lat' dir='ltr'><strong>Christos,</strong></span> <span class='ocrx_word' id='word_1_626' title='bbox 1412 4314 1465 4370; x_wconf 88' lang='lat' dir='ltr'><strong>per</strong></span> <span class='ocrx_word' id='word_1_627' title='bbox 1486 4297 1574 4369; x_wconf 90' lang='lat' dir='ltr'><strong>pedes</strong></span> <span class='ocrx_word' id='word_1_628' title='bbox 1595 4295 1726 4351; x_wconf 85' lang='lat' dir='ltr'><strong>doctrina</strong></span> <span class='ocrx_word' id='word_1_629' title='bbox 1747 4294 1851 4366; x_wconf 87' lang='lat' dir='ltr'><strong>capitis</strong></span> 
     </span>
     <span class='ocr_line' id='line_1_47' title="bbox 110 4382 1850 4461; baseline -0.003 -19"><span class='ocrx_word' id='word_1_630' title='bbox 110 4404 158 4443; x_wconf 89' lang='lat' dir='ltr'><strong>nus</strong></span> <span class='ocrx_word' id='word_1_631' title='bbox 176 4404 246 4461; x_wconf 87' lang='lat' dir='ltr'><strong>ergo</strong></span> <span class='ocrx_word' id='word_1_632' title='bbox 271 4388 306 4443; x_wconf 90' lang='lat' dir='ltr'><strong>de</strong></span> <span class='ocrx_word' id='word_1_633' title='bbox 332 4387 400 4443; x_wconf 85' lang='lat' dir='ltr'><strong>Sina</strong></span> <span class='ocrx_word' id='word_1_634' title='bbox 425 4388 511 4457; x_wconf 85' lang='lat' dir='ltr'><strong>venit,</strong></span> <span class='ocrx_word' id='word_1_635' title='bbox 537 4387 606 4459; x_wconf 89' lang='lat' dir='ltr'><strong>quia</strong></span> <span class='ocrx_word' id='word_1_636' title='bbox 630 4403 745 4444; x_wconf 86' lang='lat' dir='ltr'><strong>carnem</strong></span> <span class='ocrx_word' id='word_1_637' title='bbox 768 4393 905 4459; x_wconf 87' lang='lat' dir='ltr'><strong>nostram,</strong></span> <span class='ocrx_word' id='word_1_638' title='bbox 921 4389 952 4444; x_wconf 91' lang='lat' dir='ltr'><strong>in</strong></span> <span class='ocrx_word' id='word_1_639' title='bbox 1007 4389 1135 4457; x_wconf 87' lang='lat' dir='ltr'><strong>auditur;</strong></span> <span class='ocrx_word' id='word_1_640' title='bbox 1159 4387 1237 4443; x_wconf 92' lang='lat' dir='ltr'><strong>unde</strong></span> <span class='ocrx_word' id='word_1_641' title='bbox 1253 4403 1261 4443; x_wconf 79' lang='grc' dir='ltr'><strong>ι</strong></span> <span class='ocrx_word' id='word_1_642' title='bbox 1277 4388 1331 4455; x_wconf 88' lang='lat' dir='ltr'><strong>Qui</strong></span> <span class='ocrx_word' id='word_1_643' title='bbox 1354 4403 1401 4443; x_wconf 85' lang='lat' dir='ltr'><strong>uos</strong></span> <span class='ocrx_word' id='word_1_644' title='bbox 1424 4386 1513 4454; x_wconf 83' lang='lat' dir='ltr'><strong>audit,</strong></span> <span class='ocrx_word' id='word_1_645' title='bbox 1540 4384 1754 4452; x_wconf 66' lang='lat' dir='ltr'><strong>munditate.</strong></span> <span class='ocrx_word' id='word_1_646' title='bbox 1773 4382 1850 4453; x_wconf 84' lang='lat' dir='ltr'><strong>(buc.</strong></span> 
     </span>
     <span class='ocr_line' id='line_1_48' title="bbox 111 4472 1853 4550; baseline -0.002 -19"><span class='ocrx_word' id='word_1_647' title='bbox 111 4492 161 4548; x_wconf 87' lang='lat' dir='ltr'><strong>qua</strong></span> <span class='ocrx_word' id='word_1_648' title='bbox 177 4480 345 4544; x_wconf 88' lang='lat' dir='ltr'><strong>tentaretur,</strong></span> <span class='ocrx_word' id='word_1_649' title='bbox 362 4477 479 4548; x_wconf 88' lang='lat' dir='ltr'><strong>acecpit.</strong></span> <span class='ocrx_word' id='word_1_650' title='bbox 1006 4477 1046 4550; x_wconf 92' lang='grc' dir='ltr'><strong>ι.)</strong></span> <span class='ocrx_word' id='word_1_651' title='bbox 1061 4479 1109 4532; x_wconf 90' lang='lat' dir='ltr'><strong>Vel</strong></span> <span class='ocrx_word' id='word_1_652' title='bbox 1124 4476 1168 4531; x_wconf 89' lang='lat' dir='ltr'><strong>illi</strong></span> <span class='ocrx_word' id='word_1_653' title='bbox 1178 4477 1415 4548; x_wconf 87' lang='lat' dir='ltr'><strong>appropinquent</strong></span> <span class='ocrx_word' id='word_1_654' title='bbox 1428 4476 1548 4547; x_wconf 88' lang='lat' dir='ltr'><strong>pedibus</strong></span> <span class='ocrx_word' id='word_1_655' title='bbox 1561 4475 1622 4545; x_wconf 88' lang='lat' dir='ltr'><strong>ejus</strong></span> <span class='ocrx_word' id='word_1_656' title='bbox 1635 4473 1671 4528; x_wconf 86' lang='lat' dir='ltr'><strong>ed</strong></span> <span class='ocrx_word' id='word_1_657' title='bbox 1686 4472 1853 4544; x_wconf 88' lang='lat' dir='ltr'><strong>capiendam</strong></span> 
     </span>
    </p>

    <p class='ocr_par' dir='ltr' id='par_1_8' title="bbox 52 4562 1854 4991">
     <span class='ocr_line' id='line_1_49' title="bbox 140 4562 1853 4638; baseline -0.004 -17"><span class='ocrx_word' id='word_1_658' title='bbox 140 4567 179 4622; x_wconf 80' lang='lat' dir='ltr'><strong>Et</strong></span> <span class='ocrx_word' id='word_1_659' title='bbox 194 4567 228 4622; x_wconf 86' lang='lat' dir='ltr'><strong>de</strong></span> <span class='ocrx_word' id='word_1_660' title='bbox 247 4566 319 4632; x_wconf 86' lang='lat' dir='ltr'><strong>Seir,</strong></span> <span class='ocrx_word' id='word_1_661' title='bbox 338 4571 391 4621; x_wconf 85' lang='lat' dir='ltr'><strong>etc.</strong></span> <span class='ocrx_word' id='word_1_662' title='bbox 416 4565 471 4630; x_wconf 83' lang='lat' dir='ltr'><strong>Qui</strong></span> <span class='ocrx_word' id='word_1_663' title='bbox 494 4570 523 4621; x_wconf 88' lang='lat' dir='ltr'><strong>et</strong></span> <span class='ocrx_word' id='word_1_664' title='bbox 548 4565 636 4620; x_wconf 85' lang='lat' dir='ltr'><strong>Edem</strong></span> <span class='ocrx_word' id='word_1_665' title='bbox 660 4565 704 4621; x_wconf 83' lang='lat' dir='ltr'><strong>vel</strong></span> <span class='ocrx_word' id='word_1_666' title='bbox 729 4567 811 4622; x_wconf 81' lang='lat' dir='ltr'><strong>Esau.</strong></span> <span class='ocrx_word' id='word_1_667' title='bbox 836 4565 889 4622; x_wconf 87' lang='lat' dir='ltr'><strong>llic</strong></span> <span class='ocrx_word' id='word_1_668' title='bbox 911 4571 953 4622; x_wconf 90' lang='lat' dir='ltr'><strong>est</strong></span> <span class='ocrx_word' id='word_1_669' title='bbox 1006 4566 1178 4633; x_wconf 87' lang='lat' dir='ltr'><strong>doctrinam,</strong></span> <span class='ocrx_word' id='word_1_670' title='bbox 1199 4565 1250 4638; x_wconf 87' lang='lat' dir='ltr'><strong>qui</strong></span> <span class='ocrx_word' id='word_1_671' title='bbox 1269 4565 1412 4637; x_wconf 89' lang='lat' dir='ltr'><strong>spirituali</strong></span> <span class='ocrx_word' id='word_1_672' title='bbox 1427 4564 1565 4620; x_wconf 86' lang='lat' dir='ltr'><strong>desiderio</strong></span> <span class='ocrx_word' id='word_1_673' title='bbox 1584 4562 1750 4633; x_wconf 84' lang='lat' dir='ltr'><strong>flagrantes,</strong></span> <span class='ocrx_word' id='word_1_674' title='bbox 1766 4576 1853 4616; x_wconf 85' lang='lat' dir='ltr'><strong>evan-</strong></span> 
     </span>
     <span class='ocr_line' id='line_1_50' title="bbox 110 4650 1854 4731; baseline -0.002 -22"><span class='ocrx_word' id='word_1_675' title='bbox 110 4655 229 4726; x_wconf 86' lang='lat' dir='ltr'><strong>populus</strong></span> <span class='ocrx_word' id='word_1_676' title='bbox 252 4655 429 4720; x_wconf 78' lang='lat' dir='ltr'><strong>ludaeorum,</strong></span> <span class='ocrx_word' id='word_1_677' title='bbox 454 4654 504 4726; x_wconf 88' lang='lat' dir='ltr'><strong>qui</strong></span> <span class='ocrx_word' id='word_1_678' title='bbox 528 4655 603 4725; x_wconf 78' lang='lat' dir='ltr'><strong>gulae</strong></span> <span class='ocrx_word' id='word_1_679' title='bbox 627 4653 768 4709; x_wconf 89' lang='lat' dir='ltr'><strong>desiderio</strong></span> <span class='ocrx_word' id='word_1_680' title='bbox 792 4655 875 4726; x_wconf 90' lang='lat' dir='ltr'><strong>quasi</strong></span> <span class='ocrx_word' id='word_1_681' title='bbox 901 4670 954 4725; x_wconf 89' lang='lat' dir='ltr'><strong>pro</strong></span> <span class='ocrx_word' id='word_1_682' title='bbox 1008 4658 1106 4731; x_wconf 86' lang='lat' dir='ltr'><strong>geticis</strong></span> <span class='ocrx_word' id='word_1_683' title='bbox 1130 4662 1160 4712; x_wconf 89' lang='grc' dir='ltr'><strong>ιι</strong></span> <span class='ocrx_word' id='word_1_684' title='bbox 1174 4655 1338 4728; x_wconf 85' lang='lat' dir='ltr'><strong>apostolicis</strong></span> <span class='ocrx_word' id='word_1_685' title='bbox 1357 4653 1510 4726; x_wconf 89' lang='lat' dir='ltr'><strong>Scripturis</strong></span> <span class='ocrx_word' id='word_1_686' title='bbox 1533 4652 1580 4707; x_wconf 89' lang='lat' dir='ltr'><strong>die</strong></span> <span class='ocrx_word' id='word_1_687' title='bbox 1595 4657 1735 4723; x_wconf 89' lang='lat' dir='ltr'><strong>noctuque</strong></span> <span class='ocrx_word' id='word_1_688' title='bbox 1749 4650 1854 4722; x_wconf 81' lang='lat' dir='ltr'><strong>invigi-</strong></span> 
     </span>
     <span class='ocr_line' id='line_1_51' title="bbox 52 4739 1853 4816; baseline -0.001 -20"><span class='ocrx_word' id='word_1_689' title='bbox 52 4782 54 4788; x_wconf 87' lang='lat'><em>.</em></span> <span class='ocrx_word' id='word_1_690' title='bbox 110 4742 189 4798; x_wconf 85' lang='lat' dir='ltr'><strong>lentis</strong></span> <span class='ocrx_word' id='word_1_691' title='bbox 209 4743 305 4798; x_wconf 89' lang='lat' dir='ltr'><strong>edulio</strong></span> <span class='ocrx_word' id='word_1_692' title='bbox 320 4742 460 4814; x_wconf 91' lang='lat' dir='ltr'><strong>primatus</strong></span> <span class='ocrx_word' id='word_1_693' title='bbox 484 4743 605 4814; x_wconf 90' lang='lat' dir='ltr'><strong>gloriam</strong></span> <span class='ocrx_word' id='word_1_694' title='bbox 628 4743 765 4815; x_wconf 88' lang='lat' dir='ltr'><strong>perdidit,</strong></span> <span class='ocrx_word' id='word_1_695' title='bbox 782 4748 811 4799; x_wconf 89' lang='lat' dir='ltr'><strong>et</strong></span> <span class='ocrx_word' id='word_1_696' title='bbox 836 4744 953 4801; x_wconf 88' lang='lat' dir='ltr'><strong>benedi·</strong></span> <span class='ocrx_word' id='word_1_697' title='bbox 1008 4749 1077 4802; x_wconf 90' lang='lat' dir='ltr'><strong>lant.</strong></span> <span class='ocrx_word' id='word_1_698' title='bbox 1095 4745 1149 4801; x_wconf 90' lang='lat' dir='ltr'><strong>Sed</strong></span> <span class='ocrx_word' id='word_1_699' title='bbox 1172 4745 1240 4816; x_wconf 90' lang='lat' dir='ltr'><strong>qnia</strong></span> <span class='ocrx_word' id='word_1_700' title='bbox 1261 4745 1323 4799; x_wconf 80' lang='lat' dir='ltr'><strong>haeu</strong></span> <span class='ocrx_word' id='word_1_701' title='bbox 1346 4743 1381 4798; x_wconf 90' lang='lat' dir='ltr'><strong>de</strong></span> <span class='ocrx_word' id='word_1_702' title='bbox 1399 4744 1477 4797; x_wconf 84' lang='lat' dir='ltr'><strong>Novo</strong></span> <span class='ocrx_word' id='word_1_703' title='bbox 1491 4742 1672 4796; x_wconf 86' lang='lat' dir='ltr'><strong>Testamenta</strong></span> <span class='ocrx_word' id='word_1_704' title='bbox 1686 4739 1853 4806; x_wconf 85' lang='lat' dir='ltr'><strong>dictasunt,</strong></span> 
     </span>
     <span class='ocr_line' id='line_1_52' title="bbox 111 4827 1854 4906; baseline -0.001 -21"><span class='ocrx_word' id='word_1_705' title='bbox 111 4831 211 4886; x_wconf 87' lang='lat' dir='ltr'><strong>ationis</strong></span> <span class='ocrx_word' id='word_1_706' title='bbox 238 4831 362 4902; x_wconf 87' lang='lat' dir='ltr'><strong>gratiam</strong></span> <span class='ocrx_word' id='word_1_707' title='bbox 391 4830 447 4886; x_wconf 90' lang='lat' dir='ltr'><strong>tide</strong></span> <span class='ocrx_word' id='word_1_708' title='bbox 475 4830 598 4902; x_wconf 85' lang='lat' dir='ltr'><strong>junioris</strong></span> <span class='ocrx_word' id='word_1_709' title='bbox 622 4832 722 4903; x_wconf 90' lang='lat' dir='ltr'><strong>populi</strong></span> <span class='ocrx_word' id='word_1_710' title='bbox 753 4835 956 4905; x_wconf 83' lang='lat' dir='ltr'><strong>supplantatus</strong></span> <span class='ocrx_word' id='word_1_711' title='bbox 1009 4834 1138 4906; x_wconf 88' lang='lat' dir='ltr'><strong>sequitur</strong></span> <span class='ocrx_word' id='word_1_712' title='bbox 1154 4849 1276 4904; x_wconf 87' lang='lat' dir='ltr'><strong>quorum</strong></span> <span class='ocrx_word' id='word_1_713' title='bbox 1293 4831 1480 4902; x_wconf 81' lang='lat' dir='ltr'><strong>rocelloyses</strong></span> <span class='ocrx_word' id='word_1_714' title='bbox 1495 4829 1623 4901; x_wconf 90' lang='lat' dir='ltr'><strong>loquitur</strong></span> <span class='ocrx_word' id='word_1_715' title='bbox 1639 4829 1673 4884; x_wconf 90' lang='lat' dir='ltr'><strong>de</strong></span> <span class='ocrx_word' id='word_1_716' title='bbox 1688 4827 1854 4899; x_wconf 82' lang='lat' dir='ltr'><strong>reterilege</strong></span> 
     </span>
     <span class='ocr_line' id='line_1_53' title="bbox 112 4920 1551 4991; baseline -0.002 -16"><span class='ocrx_word' id='word_1_717' title='bbox 112 4921 212 4976; x_wconf 84' lang='lat' dir='ltr'><strong>amisit.</strong></span> <span class='ocrx_word' id='word_1_718' title='bbox 1010 4924 1105 4979; x_wconf 90' lang='lat' dir='ltr'><strong>dicens</strong></span> <span class='ocrx_word' id='word_1_719' title='bbox 1120 4939 1127 4978; x_wconf 75' lang='grc' dir='ltr'><strong>ε</strong></span> <span class='ocrx_word' id='word_1_720' title='bbox 1144 4924 1239 4990; x_wconf 78' lang='lat' dir='ltr'><strong>Legem</strong></span> <span class='ocrx_word' id='word_1_721' title='bbox 1252 4922 1383 4991; x_wconf 76' lang='lat' dir='ltr'><strong>pracepit</strong></span> <span class='ocrx_word' id='word_1_722' title='bbox 1393 4920 1481 4988; x_wconf 82' lang='lat' dir='ltr'><strong>nobis,</strong></span> <span class='ocrx_word' id='word_1_723' title='bbox 1498 4923 1551 4974; x_wconf 89' lang='lat' dir='ltr'><strong>etc.</strong></span> 
     </span>
    </p>

    <p class='ocr_par' dir='ltr' id='par_1_9' title="bbox 113 5005 1858 5527">
     <span class='ocr_line' id='line_1_54' title="bbox 144 5005 1855 5082; baseline -0.003 -17"><span class='ocrx_word' id='word_1_724' title='bbox 144 5010 402 5067; x_wconf 85' lang='lat' dir='ltr'><strong>DeSeirortusest</strong></span> <span class='ocrx_word' id='word_1_725' title='bbox 423 5007 511 5075; x_wconf 68' lang='lat' dir='ltr'><strong>nebu,</strong></span> <span class='ocrx_word' id='word_1_726' title='bbox 537 5013 590 5064; x_wconf 90' lang='grc' dir='ltr'><strong>ιιι.</strong></span> <span class='ocrx_word' id='word_1_727' title='bbox 616 5010 695 5064; x_wconf 83' lang='grc' dir='ltr'><strong>Ηιιιιι</strong></span> <span class='ocrx_word' id='word_1_728' title='bbox 720 5012 848 5065; x_wconf 88' lang='lat' dir='ltr'><strong>montem</strong></span> <span class='ocrx_word' id='word_1_729' title='bbox 868 5010 955 5082; x_wconf 93' lang='lat' dir='ltr'><strong>longo</strong></span> <span class='ocrx_word' id='word_1_730' title='bbox 1046 5012 1127 5065; x_wconf 79' lang='lat' dir='ltr'><strong>Vens.</strong></span> <span class='ocrx_word' id='word_1_731' title='bbox 1156 5011 1183 5064; x_wconf 79' lang='lat' dir='ltr'><strong>l.</strong></span> <span class='ocrx_word' id='word_1_732' title='bbox 1203 5041 1237 5049; x_wconf 94' lang='lat'>-</span> <span class='ocrx_word' id='word_1_733' title='bbox 1265 5007 1465 5064; x_wconf 78' lang='lat' dir='ltr'><strong>Hereditatem.</strong></span> <span class='ocrx_word' id='word_1_734' title='bbox 1494 5006 1566 5072; x_wconf 82' lang='lat' dir='ltr'><strong>Quia</strong></span> <span class='ocrx_word' id='word_1_735' title='bbox 1588 5005 1649 5060; x_wconf 74' lang='lat' dir='ltr'><strong>hac</strong></span> <span class='ocrx_word' id='word_1_736' title='bbox 1676 5011 1720 5060; x_wconf 88' lang='lat' dir='ltr'><strong>est</strong></span> <span class='ocrx_word' id='word_1_737' title='bbox 1746 5005 1855 5061; x_wconf 84' lang='lat' dir='ltr'><strong>utilitas</strong></span> 
     </span>
     <span class='ocr_line' id='line_1_55' title="bbox 113 5090 1856 5171; baseline -0.002 -19"><span class='ocrx_word' id='word_1_738' title='bbox 113 5102 238 5170; x_wconf 88' lang='lat' dir='ltr'><strong>tempore</strong></span> <span class='ocrx_word' id='word_1_739' title='bbox 253 5096 468 5166; x_wconf 88' lang='lat' dir='ltr'><strong>circumierunt,</strong></span> <span class='ocrx_word' id='word_1_740' title='bbox 492 5101 521 5152; x_wconf 89' lang='lat' dir='ltr'><strong>et</strong></span> <span class='ocrx_word' id='word_1_741' title='bbox 544 5098 573 5152; x_wconf 90' lang='lat' dir='ltr'><strong>in</strong></span> <span class='ocrx_word' id='word_1_742' title='bbox 589 5115 623 5153; x_wconf 89' lang='lat' dir='ltr'><strong>eo</strong></span> <span class='ocrx_word' id='word_1_743' title='bbox 649 5099 900 5171; x_wconf 80' lang='lat' dir='ltr'><strong>eliquepraecepta</strong></span> <span class='ocrx_word' id='word_1_744' title='bbox 913 5115 957 5154; x_wconf 87' lang='lat' dir='ltr'><strong>ac·</strong></span> <span class='ocrx_word' id='word_1_745' title='bbox 1010 5099 1092 5171; x_wconf 87' lang='lat' dir='ltr'><strong>legis,</strong></span> <span class='ocrx_word' id='word_1_746' title='bbox 1107 5096 1259 5152; x_wconf 80' lang='lat' dir='ltr'><strong>hereditas</strong></span> <span class='ocrx_word' id='word_1_747' title='bbox 1286 5094 1406 5152; x_wconf 78' lang='lat' dir='ltr'><strong>atrahe</strong></span> <span class='ocrx_word' id='word_1_748' title='bbox 1429 5093 1587 5165; x_wconf 88' lang='lat' dir='ltr'><strong>promissa:</strong></span> <span class='ocrx_word' id='word_1_749' title='bbox 1610 5090 1642 5148; x_wconf 89' lang='lat' dir='ltr'><strong>Si</strong></span> <span class='ocrx_word' id='word_1_750' title='bbox 1667 5093 1808 5150; x_wconf 79' lang='lat' dir='ltr'><strong>uolueritis</strong></span> <span class='ocrx_word' id='word_1_751' title='bbox 1831 5097 1856 5149; x_wconf 87' lang='lat' dir='ltr'><strong>et</strong></span> 
     </span>
     <span class='ocr_line' id='line_1_56' title="bbox 114 5182 1551 5260; baseline -0.003 -18"><span class='ocrx_word' id='word_1_752' title='bbox 114 5193 254 5260; x_wconf 82' lang='lat' dir='ltr'><strong>ceperunt.</strong></span> <span class='ocrx_word' id='word_1_753' title='bbox 281 5185 353 5254; x_wconf 87' lang='lat' dir='ltr'><strong>Scir,</strong></span> <span class='ocrx_word' id='word_1_754' title='bbox 379 5185 408 5241; x_wconf 93' lang='lat' dir='ltr'><strong>id</strong></span> <span class='ocrx_word' id='word_1_755' title='bbox 422 5190 464 5240; x_wconf 88' lang='lat' dir='ltr'><strong>est</strong></span> <span class='ocrx_word' id='word_1_756' title='bbox 478 5185 604 5256; x_wconf 74' lang='lat' dir='ltr'><strong>hispidus</strong></span> <span class='ocrx_word' id='word_1_757' title='bbox 622 5186 664 5241; x_wconf 86' lang='lat' dir='ltr'><strong>nel</strong></span> <span class='ocrx_word' id='word_1_758' title='bbox 676 5188 792 5256; x_wconf 84' lang='lat' dir='ltr'><strong>pilosus,</strong></span> <span class='ocrx_word' id='word_1_759' title='bbox 809 5185 956 5257; x_wconf 89' lang='lat' dir='ltr'><strong>gentilita-</strong></span> <span class='ocrx_word' id='word_1_760' title='bbox 1010 5187 1164 5251; x_wconf 78' lang='lat' dir='ltr'><strong>audieritis,</strong></span> <span class='ocrx_word' id='word_1_761' title='bbox 1179 5185 1391 5240; x_wconf 70' lang='lat' dir='ltr'><strong>materiatura</strong></span> <span class='ocrx_word' id='word_1_762' title='bbox 1401 5182 1551 5239; x_wconf 74' lang='lat' dir='ltr'><strong>comedetis.</strong></span> 
     </span>
     <span class='ocr_line' id='line_1_57' title="bbox 114 5270 1857 5349; baseline -0.002 -17"><span class='ocrx_word' id='word_1_763' title='bbox 114 5281 168 5332; x_wconf 91' lang='lat' dir='ltr'><strong>tem</strong></span> <span class='ocrx_word' id='word_1_764' title='bbox 184 5276 337 5349; x_wconf 80' lang='lat' dir='ltr'><strong>significat,</strong></span> <span class='ocrx_word' id='word_1_765' title='bbox 354 5291 417 5346; x_wconf 85' lang='lat' dir='ltr'><strong>quae</strong></span> <span class='ocrx_word' id='word_1_766' title='bbox 433 5275 557 5347; x_wconf 87' lang='lat' dir='ltr'><strong>peccatis</strong></span> <span class='ocrx_word' id='word_1_767' title='bbox 581 5280 642 5330; x_wconf 86' lang='lat' dir='ltr'><strong>erat</strong></span> <span class='ocrx_word' id='word_1_768' title='bbox 660 5276 820 5343; x_wconf 86' lang='lat' dir='ltr'><strong>horrenda;</strong></span> <span class='ocrx_word' id='word_1_769' title='bbox 850 5275 885 5330; x_wconf 89' lang='lat' dir='ltr'><strong>de</strong></span> <span class='ocrx_word' id='word_1_770' title='bbox 899 5291 957 5346; x_wconf 84' lang='lat' dir='ltr'><strong>qua</strong></span> <span class='ocrx_word' id='word_1_771' title='bbox 1046 5277 1106 5331; x_wconf 79' lang='lat' dir='ltr'><strong>Erit</strong></span> <span class='ocrx_word' id='word_1_772' title='bbox 1121 5273 1197 5344; x_wconf 88' lang='lat' dir='ltr'><strong>apud</strong></span> <span class='ocrx_word' id='word_1_773' title='bbox 1217 5274 1407 5335; x_wconf 85' lang='lat' dir='ltr'><strong>rectissimum,</strong></span> <span class='ocrx_word' id='word_1_774' title='bbox 1432 5277 1485 5328; x_wconf 90' lang='lat' dir='ltr'><strong>etc.</strong></span> <span class='ocrx_word' id='word_1_775' title='bbox 1506 5270 1601 5336; x_wconf 83' lang='lat' dir='ltr'><strong>Jacob,</strong></span> <span class='ocrx_word' id='word_1_776' title='bbox 1625 5271 1661 5326; x_wconf 86' lang='lat' dir='ltr'><strong>ab</strong></span> <span class='ocrx_word' id='word_1_777' title='bbox 1684 5272 1787 5344; x_wconf 90' lang='lat' dir='ltr'><strong>angelo</strong></span> <span class='ocrx_word' id='word_1_778' title='bbox 1806 5271 1857 5328; x_wconf 88' lang='lat' dir='ltr'><strong>be·</strong></span> 
     </span>
     <span class='ocr_line' id='line_1_58' title="bbox 115 5359 1858 5436; baseline -0.003 -16"><span class='ocrx_word' id='word_1_779' title='bbox 115 5371 187 5420; x_wconf 87' lang='lat' dir='ltr'><strong>ortus</strong></span> <span class='ocrx_word' id='word_1_780' title='bbox 210 5370 253 5420; x_wconf 87' lang='lat' dir='ltr'><strong>est</strong></span> <span class='ocrx_word' id='word_1_781' title='bbox 270 5365 408 5419; x_wconf 88' lang='lat' dir='ltr'><strong>Dominus</strong></span> <span class='ocrx_word' id='word_1_782' title='bbox 432 5365 482 5436; x_wconf 85' lang='lat' dir='ltr'><strong>qui</strong></span> <span class='ocrx_word' id='word_1_783' title='bbox 512 5364 541 5418; x_wconf 93' lang='lat' dir='ltr'><strong>in</strong></span> <span class='ocrx_word' id='word_1_784' title='bbox 557 5364 615 5419; x_wconf 87' lang='lat' dir='ltr'><strong>fine</strong></span> <span class='ocrx_word' id='word_1_785' title='bbox 637 5364 672 5420; x_wconf 90' lang='lat' dir='ltr'><strong>de</strong></span> <span class='ocrx_word' id='word_1_786' title='bbox 688 5364 812 5420; x_wconf 85' lang='lat' dir='ltr'><strong>Ecclesia</strong></span> <span class='ocrx_word' id='word_1_787' title='bbox 826 5363 957 5436; x_wconf 88' lang='lat' dir='ltr'><strong>gentium</strong></span> <span class='ocrx_word' id='word_1_788' title='bbox 1012 5363 1152 5429; x_wconf 85' lang='lat' dir='ltr'><strong>nedictus,</strong></span> <span class='ocrx_word' id='word_1_789' title='bbox 1174 5361 1260 5416; x_wconf 87' lang='lat' dir='ltr'><strong>lsrael</strong></span> <span class='ocrx_word' id='word_1_790' title='bbox 1276 5364 1391 5416; x_wconf 85' lang='lat' dir='ltr'><strong>recatus</strong></span> <span class='ocrx_word' id='word_1_791' title='bbox 1406 5364 1458 5427; x_wconf 84' lang='lat' dir='ltr'><strong>est,</strong></span> <span class='ocrx_word' id='word_1_792' title='bbox 1473 5359 1502 5415; x_wconf 90' lang='lat' dir='ltr'><strong>id</strong></span> <span class='ocrx_word' id='word_1_793' title='bbox 1517 5365 1659 5416; x_wconf 79' lang='lat' dir='ltr'><strong>estractus</strong></span> <span class='ocrx_word' id='word_1_794' title='bbox 1673 5361 1741 5429; x_wconf 68' lang='lat' dir='ltr'><strong>Dea</strong></span> <span class='ocrx_word' id='word_1_795' title='bbox 1759 5366 1788 5415; x_wconf 90' lang='lat' dir='ltr'><strong>at</strong></span> <span class='ocrx_word' id='word_1_796' title='bbox 1805 5361 1858 5416; x_wconf 88' lang='lat' dir='ltr'><strong>lu-</strong></span> 
     </span>
     <span class='ocr_line' id='line_1_59' title="bbox 114 5448 1858 5527; baseline -0.002 -19"><span class='ocrx_word' id='word_1_797' title='bbox 114 5453 212 5510; x_wconf 75' lang='lat' dir='ltr'><strong>iudeis</strong></span> <span class='ocrx_word' id='word_1_798' title='bbox 228 5452 404 5527; x_wconf 87' lang='lat' dir='ltr'><strong>praedicabit,</strong></span> <span class='ocrx_word' id='word_1_799' title='bbox 421 5453 489 5524; x_wconf 89' lang='lat' dir='ltr'><strong>qnia</strong></span> <span class='ocrx_word' id='word_1_800' title='bbox 500 5453 631 5525; x_wconf 76' lang='lat' dir='ltr'><strong>reliquie</strong></span> <span class='ocrx_word' id='word_1_801' title='bbox 646 5453 730 5508; x_wconf 76' lang='lat' dir='ltr'><strong>salvae</strong></span> <span class='ocrx_word' id='word_1_802' title='bbox 743 5453 821 5508; x_wconf 86' lang='lat' dir='ltr'><strong>liant.</strong></span> <span class='ocrx_word' id='word_1_803' title='bbox 1012 5453 1091 5509; x_wconf 74' lang='lat' dir='ltr'><strong>deus</strong></span> <span class='ocrx_word' id='word_1_804' title='bbox 1103 5451 1138 5506; x_wconf 90' lang='lat' dir='ltr'><strong>ad</strong></span> <span class='ocrx_word' id='word_1_805' title='bbox 1153 5449 1240 5505; x_wconf 88' lang='lat' dir='ltr'><strong>Udem</strong></span> <span class='ocrx_word' id='word_1_806' title='bbox 1267 5463 1420 5505; x_wconf 81' lang='lat' dir='ltr'><strong>conversus</strong></span> <span class='ocrx_word' id='word_1_807' title='bbox 1443 5448 1479 5504; x_wconf 86' lang='lat' dir='ltr'><strong>ab</strong></span> <span class='ocrx_word' id='word_1_808' title='bbox 1498 5464 1531 5503; x_wconf 83' lang='lat' dir='ltr'><strong>eo</strong></span> <span class='ocrx_word' id='word_1_809' title='bbox 1545 5453 1609 5519; x_wconf 87' lang='lat' dir='ltr'><strong>post</strong></span> <span class='ocrx_word' id='word_1_810' title='bbox 1619 5448 1858 5506; x_wconf 82' lang='lat' dir='ltr'><strong>resurrectionem</strong></span> 
     </span>
    </p>

    <p class='ocr_par' dir='ltr' id='par_1_10' title="bbox 143 5535 1856 5615">
     <span class='ocr_line' id='line_1_60' title="bbox 143 5535 1856 5615; baseline -0.004 -17"><span class='ocrx_word' id='word_1_811' title='bbox 143 5545 288 5615; x_wconf 79' lang='lat' dir='ltr'><strong>Apparuit</strong></span> <span class='ocrx_word' id='word_1_812' title='bbox 303 5541 336 5596; x_wconf 87' lang='lat' dir='ltr'><strong>de</strong></span> <span class='ocrx_word' id='word_1_813' title='bbox 354 5546 441 5596; x_wconf 85' lang='lat' dir='ltr'><strong>monte</strong></span> <span class='ocrx_word' id='word_1_814' title='bbox 454 5542 574 5609; x_wconf 75' lang='lat' dir='ltr'><strong>Pharan,</strong></span> <span class='ocrx_word' id='word_1_815' title='bbox 589 5547 642 5597; x_wconf 90' lang='lat' dir='ltr'><strong>etc.</strong></span> <span class='ocrx_word' id='word_1_816' title='bbox 663 5540 851 5610; x_wconf 70' lang='lat' dir='ltr'><strong>Qirimcptscr</strong></span> <span class='ocrx_word' id='word_1_817' title='bbox 865 5539 954 5594; x_wconf 87' lang='lat' dir='ltr'><strong>inter·</strong></span> <span class='ocrx_word' id='word_1_818' title='bbox 1011 5537 1188 5605; x_wconf 90' lang='lat' dir='ltr'><strong>benedictus,</strong></span> <span class='ocrx_word' id='word_1_819' title='bbox 1209 5536 1256 5593; x_wconf 91' lang='lat' dir='ltr'><strong>cui</strong></span> <span class='ocrx_word' id='word_1_820' title='bbox 1278 5536 1310 5596; x_wconf 92' lang='lat' dir='ltr'><strong>in</strong></span> <span class='ocrx_word' id='word_1_821' title='bbox 1332 5542 1464 5609; x_wconf 80' lang='lat' dir='ltr'><strong>pasalone</strong></span> <span class='ocrx_word' id='word_1_822' title='bbox 1486 5535 1648 5608; x_wconf 75' lang='lat' dir='ltr'><strong>prevaluit,</strong></span> <span class='ocrx_word' id='word_1_823' title='bbox 1674 5537 1711 5592; x_wconf 86' lang='lat' dir='ltr'><strong>ab</strong></span> <span class='ocrx_word' id='word_1_824' title='bbox 1734 5536 1856 5608; x_wconf 76' lang='lat' dir='ltr'><strong>justitiae</strong></span> 
     </span>
    </p>
   </div>
   <div class='ocr_carea' id='block_1_3' title="bbox 0 0 1966 6100">
    <p class='ocr_par' dir='ltr' id='par_1_11' title="bbox 0 0 1966 6100">
     <span class='ocr_line' id='line_1_61' title="bbox 0 0 1966 6100; baseline 0 0"><span class='ocrx_word' id='word_1_825' title='bbox 0 0 1966 6100; x_wconf 95' lang='lat' dir='ltr'><strong> </strong></span> 
     </span>
    </p>
   </div>
  </div>
 </body>
</html>
