3892 6106
58 281 113 333 973
606 278 956 367 1110666066166616.
976 307 1011 319 -
1030 279 1094 335 uo.
1116 279 1235 336 estant.
1761 288 1814 343 111

56 398 85 449 et
97 393 232 464 perducit
241 408 284 448 eos
306 398 438 464 tanquam
465 411 572 464 qreqem
602 400 633 453 in
665 397 779 453 deserta
808 395 904 466 (666.)
920 397 944 450 A
962 396 1017 451 cito
1035 398 1176 454 subvenit.
1204 400 1238 455 Et
1264 415 1365 455 revera
1395 401 1435 458 sic
1464 403 1613 462 dementer
1646 409 1814 479 putanh'bus

57 483 184 554 llystice.
200 484 296 537 116661
311 482 343 537 in
367 483 450 538 nobis
471 484 550 540 intus
562 487 606 555 fit,
633 486 684 542 uhi
695 484 800 541 eruditi
811 484 846 540 de
860 499 909 555 po·
964 484 1080 555 dormit,
1096 492 1125 543 et
1139 493 1181 542 est
1191 488 1313 559 alienos,
1329 495 1358 545 et
1371 490 1584 562 negligentibus
1598 500 1628 551 61
1638 496 1814 561 infidelibus,

56 576 160 626 testate
171 570 357 625 tenebrarum
386 575 483 626 mente
504 572 708 630 transferimur
733 571 763 626 in
785 587 907 643 regnum
963 574 1013 646 qui
1028 576 1182 633 nullarooe
1200 578 1293 633 laudis
1306 579 1352 634 vel
1375 581 1470 652 operis
1485 598 1552 638 eum
1576 584 1710 642 excitent.
1734 587 1816 642 Exci-

61 660 120 726 l)ei,
135 676 201 715 oves
216 660 247 714 ia
276 659 474 726 spiritualibus
495 660 618 732 pascuis.
633 661 739 732 (Cass.)
757 663 793 717 61
814 661 908 716 abstu-
962 667 1149 721 taturautem
1167 666 1202 721 ad
1226 666 1383 724 vindictam
1399 669 1481 724 malis
1507 672 1627 742 actibus,
1642 679 1673 729 ut
1688 674 1733 729 hic
1748 691 1814 746 pec·

56 749 102 803 iit.
123 749 203 814 Quod
233 749 398 803 eductosde
422 750 559 806 servitute
583 751 664 805 duxit
677 751 708 806 in
724 757 830 806 terrem
845 765 908 822 pro·
963 750 1032 806 catis
1046 769 1157 818 eorum,
1183 754 1233 825 qni
1255 771 1350 810 aream
1364 756 1441 811 inter
1466 757 1619 815 simulacre
1641 768 1811 832 posuerunt.

57 837 226 903 missionis3
241 842 271 892 61
285 836 392 892 iterum
407 838 566 894 attendunt.
965 841 1104 909 Tanquam
1126 848 1231 912 potens,
1263 844 1332 915 quia
1360 848 1427 900 tunc
1453 850 1520 901 6661
1543 847 1674 904 1161111666
1689 850 1725 905 ad
1740 850 1813 906 iram

95 927 176 981 Vens.
194 926 237 980 st.
254 956 289 966 -
303 928 337 981 61
352 927 465 982 induerit
488 944 530 984 eos
552 930 583 983 in
608 933 722 983 montem
750 926 909 998 sanetifica-
962 928 1070 1000 faciles,
1086 936 1114 985 et
1128 931 1163 986 ad
1174 932 1291 988 virtutes
1315 937 1458 1004 potentes,
1490 937 1606 1007 quando
1634 943 1814 1010 postcrepu-

59 1017 143 1070 tionis
167 1029 234 1069 666.
267 1012 363 1086 (666.)
389 1015 451 1070 1166
482 1017 597 1071 eosdem
624 1033 696 1088 quos
720 1016 846 1082 abstulit,
861 1014 910 1070 sed
962 1017 1021 1074 lam
1036 1019 1070 1075 de
1084 1036 1186 1075 somno
1202 1028 1334 1093 surgunt.
1352 1021 1448 1095 (Aue.)
1458 1027 1494 1080 Et
1507 1028 1643 1082 cacitatus
1658 1032 1707 1082 est.
1731 1027 1813 1083 Chri·

58 1118 109 1156 eos
120 1102 239 1157 nomine
250 1109 277 1157 et
293 1108 377 1173 genle
394 1104 555 1175 ,significat
565 1110 666 1184 Ι1661611
683 1106 760 1176 6666
775 1104 859 1159 166111
873 1102 909 1157 66
963 1110 1024 1161 6166
1037 1108 1105 1163 vino
1115 1110 1257 1181 passionis
1270 1111 1377 1181 ebrius,
1403 1112 1551 1169 dormiens
1562 1114 1592 1169 in
1609 1115 1750 1187 sepulcro,
1766 1132 1813 1172 ex·

59 1192 225 1257 Ecclesiam,
242 1207 329 1263 quam
341 1194 448 1246 mavult
461 1193 593 1264 intelligi,
604 1194 731 1249 conversi
745 1197 813 1248 sant
827 1213 836 1260 ;
848 1192 911 1263 ipsa
962 1195 1065 1252 citatus
1079 1202 1122 1253 est
1136 1215 1154 1254 a
1169 1204 1270 1262 morte.
1283 1205 1422 1273 tanquam
1431 1208 1532 1273 potens
1547 1203 1578 1257 in
1591 1205 1811 1261 resurrectione.

58 1286 104 1336 est
120 1296 205 1336 mons
220 1281 449 1352 quemchristus
470 1282 628 1354 acquisivit.
651 1286 687 1339 Et
712 1283 791 1352 ejecit
805 1299 823 1337 a
838 1283 911 1348 facie
963 1284 1028 1356 (16.)
1047 1288 1187 1357 Tanquam
1203 1288 1349 1345 dormiens.
1373 1290 1456 1344 Visus
1481 1295 1524 1345 est
1545 1292 1683 1363 dormire,
1698 1294 1814 1365 quando

57 1374 337 1437 eorumqentes,eto.
353 1368 449 1441 (666.)
473 1372 522 1426 Vel
549 1371 811 1442 malignispiritus.
842 1370 910 1435 Quae
962 1373 1105 1443 populum
1132 1391 1216 1430 suum
1243 1376 1321 1431 dedit
1334 1376 1365 1430 in
1391 1392 1495 1432 manus
1515 1394 1626 1445 eorum,
1643 1380 1812 1450 qaosodit:

58 1459 159 1514 omnia
173 1458 300 1513 Christus
316 1459 400 1528 ejecit
412 1475 429 1513 a
453 1459 525 1515 16616
540 1459 669 1515 fidelium
683 1475 691 1525 3
717 1464 743 1514 et
757 1464 827 1515 sorte
841 1460 912 1514 dioi-
963 1460 1014 1516 ubi
1027 1460 1069 1515 eis
1082 1462 1205 1518 dicitur:
1224 1465 1276 1521 Ubi
1287 1470 1326 1520 eet
1345 1469 1415 1521 liena
1425 1467 1516 1522 tuus?

57 1549 150 1602 sitris
170 1552 282 1602 terram.
311 1549 365 1602 Per
383 1549 437 1602 hoc
465 1548 643 1619 significatur
662 1548 750 1619 [qaod
769 1548 800 1602 in
828 1547 910 1602 nohis
1000 1549 1082 1604 Vens.
1113 1555 1157 1606 66.
1196 1553 1236 1607 Et
1254 1557 1391 1624 6666116611
1415 1556 1599 1624 iniquitatem.
1629 1554 1723 1625 (666.)
1756 1556 1814 1611 1166

58 1635 304 1705 omniaoperatur
318 1651 392 1690 unus
416 1640 503 1708 atque
531 1636 607 1692 idem
631 1636 764 1707 Spiritus,
779 1636 910 1692 dividens
925 1679 947 1734 B
964 1653 1051 1706 poena
1074 1639 1257 1706 cruciabitur,
1286 1646 1353 1709 etc,
1373 1657 1458 1712 usque
1480 1643 1518 1696 ad
1530 1643 1707 1712 opprobrium
1734 1643 1811 1698 enim

58 1724 185 1796 singulis
200 1729 286 1794 prout
296 1723 365 1778 vult.
964 1726 1157 1794 sempiternam
1167 1725 1242 1781 dedit
1256 1727 1322 1782 illie.

110 1814 196 1868 veae.
222 1815 269 1866 56.
300 1840 334 1852 -
357 1813 390 1867 in
419 1812 716 1883 tabernacutistdsss.)
746 1814 779 1868 ln
806 1813 910 1885 quibas
1001 1812 1084 1867 Vens.
1113 1817 1157 1868 67.
1186 1815 1396 1884 -616666111,
1427 1815 1532 1884 (Cass.)
1557 1817 1596 1872 116
1621 1832 1688 1889 rege
1716 1817 1813 1887 David,

57 1899 223 1969 regnabant
235 1904 350 1969 peccata
364 1915 484 1971 regnare
496 1901 561 1956 lecit
574 1907 706 1956 virtutes·
964 1904 993 1954 et
1003 1901 1163 1971 locarcgni.
1190 1901 1282 1974 (666.)
1307 1904 1368 1958 Non
1383 1903 1465 1973 dixit,
1489 1910 1555 1972 ete,
1570 1920 1656 1975 usque
1677 1906 1715 1961 ad
1724 1907 1764 1961 sic
1778 1907 1814 1961 ab

98 1990 178 2042 Vens.
199 1991 243 2042 61.
261 2016 290 2028 -
310 1988 537 2053 Quemadmodum
551 1995 645 2060 patrea
672 2004 762 2045 eorum
778 1990 909 2055 66666661,
963 1989 1047 2045 initio
1062 1990 1209 2046 electionis
1237 1991 1364 2046 liebraeoe
1391 1993 1485 2063 gentis
1507 1995 1649 2065 usquead
1672 1994 1816 2051 Christum

57 2082 116 2131 etc.
147 2076 241 2146 (666.)
261 2076 315 2130 Per
341 2080 433 2132 totum
459 2078 587 2149 loquitur
610 2078 692 2149 quasi
720 2079 756 2133 de
785 2078 908 2133 eisdem:
964 2078 1103 2151 procedit.

56 2170 161 2219 tamen
175 2179 252 2219 nuno
275 2165 311 2220 de
325 2164 370 2219 his
385 2166 435 2237 qni
462 2167 493 2221 in
518 2171 594 2222 terra
617 2167 826 2238 promissionis,
842 2183 912 2238 quo·
1001 2166 1290 2232 166666-816111,
1310 2167 1474 2239 616.(666.)
1491 2169 1627 2225 llnicorni
1650 2174 1717 2227 sunt
1742 2187 1814 2243 qno-

56 2269 127 2308 rum
146 2253 382 2324 1666661661666,
410 2256 461 2326 661
488 2256 518 2310 in
541 2257 654 2311 deserto
671 2255 921 2324 amaricaverunt,
965 2270 1030 2309 rum
1045 2254 1129 2310 lirma
1144 2255 1812 2330 666616666661116666131166,666666161166;

53 2343 165 2397 Arcum
179 2357 305 2412 6666661,
320 2347 372 2397 etc.
403 2344 465 2414 (16.)
488 2345 585 2399 Animi
600 2345 789 2399 intentionem
799 2357 912 2413 perrer-
967 2343 1053 2397 Unam
1068 2344 1140 2412 petii
1162 2358 1180 2396 a
1200 2344 1321 2410 Domino,
1349 2343 1418 2398 hanc
1437 2342 1587 2414 requiram‘.
1617 2346 1812 2416 Sanctitteium.
1911 2411 1914 2415 ,

53 2446 133 2500 sam,
148 2435 180 2486 61
193 2437 291 2485 contra
302 2432 403 2498 116661,
419 2432 470 2504 661
494 2433 621 2488 dixerat:
639 2436 699 2491 Non
712 2434 792 2488 munt
804 2432 855 2487 tibi
869 2432 913 2486 dii
965 2431 1013 2486 Est
1026 2431 1107 2502 plebs
1121 2436 1228 2498 sancta,
1245 2431 1550 2501 regalesacerdotium.

54 2521 265 2588 611661(6.’666.
291 2522 691 2594 61666666166166666611.
720 2524 752 2577 ln
766 2525 913 2577 1666666-
1001 2520 1191 2575 111616-
1215 2520 1310 2575 Dauid
1330 2534 1447 2576 anuum.
1474 2521 1566 2593 (666.)
1587 2522 1642 2587 Qui
1670 2522 1812 2591 661666,

55 2612 127 2676 cita,
156 2608 364 2675 6611666666
391 2611 585 2682 666666,661
611 2611 910 2678 6116611666611111166,
966 2614 1033 2676 etc,
1050 2625 1135 2678 usque
1158 2609 1216 2664 ad:
1236 2611 1326 2666 dentes
1351 2610 1482 2666 Ecclesia
1503 2617 1571 2666 suut
1598 2611 1641 2667 illi
1662 2628 1715 2684 per
1742 2627 1814 2682 quos

58 2701 90 2752 61
100 2697 157 2768 ipsi
172 2697 256 2752 facile
267 2698 434 2754 retroibant.
459 2701 516 2767 Vel,
533 2716 626 2755 areum
646 2716 775 2771 prauam,
792 2699 842 2772 qui
853 2715 912 2754 uon
965 2698 1105 2770 loquitur,
1117 2699 1162 2753 vel
1177 2714 1228 2770 per
1243 2715 1317 2771 quos
1330 2699 1361 2754 in
1375 2715 1479 2770 corpus
1499 2716 1583 2755 suum
1597 2699 1814 2755 6616166666-

59 2787 177 2841 eminus
189 2787 343 2858 jaculatur,
360 2788 452 2843 sedin
471 2789 626 2860 saepicule
650 2790 798 2856 convertit,
814 2790 910 2854 idest,
966 2787 1056 2841 cando
1071 2790 1188 2841 caeteros
1202 2785 1318 2857 trajicit.
1343 2786 1417 2844 drea
1448 2793 1587 2842 tonsarum
1612 2786 1726 2854 dicitur,
1747 2785 1815 2858 quia

58 2874 173 2930 malitie
187 2875 361 2931 dolosorum.
966 2890 1055 2929 onera
1084 2874 1182 2929 seculi
1208 2875 1285 2930 velut
1320 2876 1425 2930 vellera
1456 2876 1600 2948 deposuit,
1627 2880 1656 2931 et
1673 2877 1710 2931 ad
1725 2874 1814 2946 pedes

96 2964 179 3017 Vens.
209 2966 304 3018 616-
320 2964 369 3018 Aa
381 2967 588 3021 aemulationem.
616 2967 665 3022 Vel
681 2966 809 3022 aemulati
821 2974 886 3024 sunt
901 2983 909 3035 ;
926 2964 948 3022 c
965 2962 1166 3033 Apostolorum
1177 2978 1274 3018 rerum
1289 2979 1406 3019 suarum
1421 2963 1603 3019 venditarum
1614 2963 1707 3034 pretia
1721 2977 1814 3033 appo-

55 3051 118 3106 alia
133 3050 237 3118 littera,
251 3069 317 3108 cum
331 3053 469 3110 honorem
487 3055 536 3110 liei
553 3055 603 3110 alii
615 3056 740 3112 tradunt.
965 3050 1193 3118 suis3ascendcns
1208 3050 1241 3105 de
1262 3052 1371 3107 1661666
1389 3051 1534 3123 baptismi,
1566 3052 1698 3124 geminos
1726 3054 1813 3120 creat,

96 3139 179 3193 11666.
205 3142 249 3196 69.
264 3170 300 3180 -
317 3140 434 3196 Audiuit
460 3145 551 3197 116116..
571 3143 668 3214 (Cass.)
694 3145 732 3199 [le
757 3143 865 3198 ultione
879 3143 910 3199 in
964 3155 1052 3211 opera
1066 3140 1172 3195 scilicet
1186 3139 1309 3212 gemine
1330 3140 1500 3208 charitatis;
1524 3141 1616 3196 unde:
1642 3141 1745 3196 sterilis
1759 3154 1813 3196 non

53 3234 139 3284 terra
153 3228 361 3299 promissionis,
378 3246 443 3301 6661
463 3235 493 3286 61
506 3236 615 3286 retorta
629 3236 671 3286 est
696 3231 726 3287 in
748 3231 835 3304 ipsos,
859 3247 911 3303 666
963 3231 1059 3284 eratin
1073 3228 1181 3296 eis3ab
1196 3228 1241 3283 his
1265 3228 1417 3284 translatus
1442 3233 1485 3283 661
1506 3229 1644 3298 Christus,
1661 3227 1814 3301 sedpasoit
1902 3273 1905 3277 ,

55 3333 133 3391 qnos
147 3317 269 3387 punivit.
965 3333 1068 3389 greges
1081 3317 1112 3372 in
1127 3315 1261 3388 gentibue
1280 3316 1331 3387 qui
1345 3317 1521 3386 sentiacoh,
1536 3321 1564 3372 et
1574 3318 1669 3373 lsrael.

95 3405 243 3461 1166660.
268 3435 302 3447 -
323 3409 359 3461 61
381 3409 483 3477 repulit
503 3408 716 3464 tabernaculum.
743 3408 912 3478 (66661166
1014 3408 1096 3462 Vsus.
1130 3410 1175 3461 71.
1201 3436 1236 3446 -
1261 3405 1464 3461 1666116661
1497 3406 1682 3462 hereditatem
1723 3421 1811 3462 mam.

56 3498 193 3566 tempore
206 3495 250 3549 Eli
273 3496 439 3562 sacerdotis,
469 3496 586 3567 quaudo
614 3497 680 3551 victi
704 3500 770 3551 sunt
784 3496 910 3551 6116116-
965 3493 1060 3566 (666.)
1089 3493 1219 3566 Repetit:
1235 3492 1295 3548 Nisi
1319 3493 1438 3562 dicetur,
1466 3510 1543 3549 nanc
1557 3495 1714 3551 secundum
1735 3494 1813 3550 hunc

56 3582 169 3655 phylis,
179 3587 208 3638 61
221 3599 285 3638 arca
302 3584 415 3638 Domini
426 3590 507 3656 capta
521 3590 572 3652 est,
590 3585 682 3656 611661
696 3600 800 3656 magna
815 3589 910 3655 strage
964 3589 1070 3640 statum
1081 3583 1166 3640 iacob
1180 3597 1292 3639 6666661
1309 3583 1425 3655 quando
1437 3582 1547 3639 videbit
1560 3582 1632 3639 facie
1644 3581 1682 3638 ad
1710 3581 1813 3637 taciem

55 3671 172 3726 vastati.
200 3671 317 3744 Legitur
343 3672 423 3727 enim
450 3672 480 3726 iu
498 3672 570 3727 libro
600 3674 724 3743 Regum,
741 3673 817 3744 quod
840 3676 910 3729 tunc
965 3671 1212 3729 baereditasdnde
1234 3676 1263 3726 61
1289 3686 1398 3726 nomen
1413 3670 1540 3742 accepit:
1565 3671 1652 3727 lsrael
1674 3669 1752 3726 enim
1767 3668 1811 3726 61-

57 3759 226 3816 ceciderunt
237 3760 272 3814 de
287 3760 394 3831 popolo
408 3760 528 3831 triginta
543 3760 636 3815 millia
662 3761 804 3832 peditum.
819 3763 909 3830 Repu-
963 3762 1038 3817 citur
1061 3777 1094 3816 er
1108 3758 1349 3829 contemplatione
1360 3758 1421 3813 1161.
1436 3758 1593 3814 Transtulit
1619 3773 1686 3814 eum
1707 3758 1813 3815 adhoc

56 3851 92 3906 m
109 3849 312 3904 tabernaculum
322 3849 389 3905 Silo.
406 3847 510 3919 (11661.)
539 3848 621 3913 Quod
636 3854 698 3904 erat
710 3849 741 3903 in
757 3849 827 3916 Silo,
843 3854 908 3918 etc,
964 3855 997 3905 ut
1008 3853 1147 3921 pasceret,
1163 3851 1192 3903 et
1204 3847 1243 3902 ita
1258 3846 1334 3901 fecit.

56 3936 390 4008 usqueadquiaautem
412 3937 485 3992 11166
510 3953 568 3992 nou
585 3938 778 4004 attenderunt,
800 3942 910 3992 necta·
1000 3938 1080 3993 11666.
1109 3935 1154 3991 tt.
1182 3964 1214 3982 ·-
1230 3937 1266 3990 61
1288 3936 1369 4005 pauit
1392 3949 1446 4001 cos,
1470 3938 1523 3990 etc.
1554 3934 1652 4005 (666.)
1683 3934 1811 3992 Videtur.

58 4026 250 4083 116666661661
277 4027 334 4081 1166
363 4027 515 4082 lecerunt:
540 4026 605 4081 ideo
643 4025 781 4081 Dominus
805 4025 909 4080 merito
964 4027 1047 4096 forte,
1061 4029 1127 4097 eta,
1146 4038 1232 4095 utque
1246 4022 1284 4078 ad
1298 4026 1327 4079 et
1340 4023 1395 4078 hoo
1418 4022 1513 4078 docuit
1532 4023 1610 4095 qaod
1625 4023 1694 4095 egit.

56 4115 179 4186 repulit.
203 4115 349 4171 Habitavit
372 4117 402 4170 in
426 4115 588 4170 haminibus.
615 4113 712 4185 (666.)
746 4114 817 4170 Cum
841 4128 909 4184 ergo
1283 4111 1378 4167 PSAl..
1409 4110 1549 4167 LXlllllll.

55 4219 121 4259 non
137 4207 212 4258 esset
237 4204 358 4275 dignum
381 4203 413 4259 in
438 4220 496 4276 quo
521 4203 673 4271 habitaret,
702 4203 808 4275 repulit
838 4202 908 4258 illud
999 4204 1081 4257 Vens.
1110 4203 1186 4256 1.-
1211 4201 1335 4256 Psaimus
1357 4201 1467 4270 Asopis.
1498 4198 1605 4271 (Cass.)
1624 4199 1752 4255 Psalmus
1767 4214 1812 4255 66-

57 4292 141 4365 qnod
162 4308 220 4347 non
245 4297 365 4364 propter
387 4309 427 4357 se,
456 4291 505 4347 sed
534 4297 652 4364 propter
685 4291 749 4347 illos
774 4290 909 4347 instituit.
965 4291 1077 4348 candus
1091 4290 1126 4346 66
1141 4288 1355 4344 1661661611666.
1385 4287 1468 4344 Genti
1483 4287 1654 4360 proderitis
1674 4303 1735 4351 sua,
1751 4303 1814 4360 gra·

58 4381 163 4452 (Cass.)
173 4381 218 4436 Sic
233 4380 339 4437 deserit
356 4397 477 4452 corpora
499 4386 607 4448 nostra,
622 4397 687 4453 qaas
704 4380 827 4454 Spiritus
841 4396 910 4436 san-
964 4382 1038 4438 viter
1051 4378 1213 4450 affligenda
1227 4382 1361 4450 precatur
1382 4376 1526 4432 Christum
1540 4375 1701 4431 subvenire.
1715 4375 1813 4431 idone·

57 4474 134 4540 ctus,
150 4469 220 4525 dum
234 4470 309 4526 bene
323 4475 493 4539 tractantur,
504 4469 655 4525 inhabitat.
965 4486 1032 4527 mnr
1047 4467 1129 4525 bonis
1142 4465 1341 4539 proximorum
1355 4464 1456 4532 laetari,
1473 4461 1683 4518 calamitatibus
1711 4461 1812 4534 affligi.

95 4560 182 4614 vaes.
199 4558 481 4614 61.-6116661611,
503 4558 600 4628 (Cass.)
624 4557 654 4613 Si
674 4557 752 4612 enim
766 4572 832 4613 cum
844 4572 910 4628 pec·
1000 4562 1071 4615 Deus
1093 4559 1223 4612 66666661
1247 4559 1347 4623 qentes.
1379 4552 1441 4623 (16.)
1469 4551 1565 4607 Prima
1580 4554 1623 4606 est
1635 4552 1813 4623 conquestio,

57 4647 204 4703 catoribus
225 4652 253 4702 et
279 4647 348 4703 boni
375 4647 528 4703 traduntur
559 4646 727 4718 captivitati,
743 4646 910 4703 exercitium
966 4653 995 4705 et
1005 4650 1211 4704 enumerantur
1224 4646 1333 4715 quanta
1344 4641 1442 4698 tulerit
1454 4639 1611 4697 Jerusalem
1636 4639 1815 4711 temporibus

60 4741 116 4807 est,
130 4752 191 4792 non
205 4736 235 4791 in
250 4740 346 4791 mente
369 4735 474 4807 captivi
488 4740 564 4790 sani.
588 4736 637 4791 Vel
651 4735 726 4791 hosti
740 4736 848 4802 traditi,
861 4732 911 4789 sed
965 4734 1107 4803 Antiochi,
1125 4732 1175 4788 ubi
1190 4748 1248 4788 non
1261 4731 1404 4786 destructa
1421 4727 1485 4796 1611,
1505 4731 1702 4799 propterque
1716 4727 1813 4798 signa-

60 4825 146 4880 liberi
165 4826 261 4880 etDeo
285 4825 440 4896 conjuncti.
468 4826 607 4882 Virtutum
628 4840 730 4880 eorum.
756 4822 913 4895 (666666-
965 4823 1158 4882 1661166166116
1178 4819 1348 4892 persecutio.
1374 4819 1466 4886 (666.)
1496 4816 1642 4872 Venerunt.
1670 4816 1733 4870 Non
1745 4815 1815 4871 dicit

61 4913 141 4970 bitrii
169 4912 331 4968 libertatem
360 4913 519 4980 imminuit,
551 4918 580 4968 ct
598 4912 717 4968 virtutes
743 4912 860 4967 abstulit
882 4913 912 4966 in
967 4912 1048 4987 quasi
1060 4908 1207 4975 nescienti,
1236 4912 1303 4973 etc,
1330 4919 1414 4973 nsque
1434 4901 1543 4973 adjam
1572 4917 1639 4956 vero
1666 4901 1815 4958 evidenter

60 5000 154 5068 malis,
173 5001 249 5073 quod
265 5017 324 5056 nou
338 5001 375 5056 sit
389 5001 419 5057 in
434 5001 527 5069 bonis,
543 5000 612 5057 licet
635 5017 700 5057 cum
727 5000 811 5055 malis
822 5000 911 5055 iuter·
967 5005 1034 5057 sunt
1048 4998 1177 5071 impleta.

61 5089 131 5146 dnm
141 5090 322 5161 captiventur
335 5091 532 5162 corporaliter.
1002 5091 1039 5144 1n
1054 5085 1238 5143 hereditatem
1258 5088 1343 5138 tuam.
1370 5080 1435 5152 (lo.)
1455 5080 1496 5135 De
1518 5078 1816 5151 666616666611116-

97 5180 185 5236 11666.
205 5181 249 5234 66.
267 5211 302 5220 -
323 5182 358 5235 61
376 5182 511 5235 cecitatem
525 5183 575 5236 est.
604 5179 690 5247 (Cass.
715 5178 913 5248 6166661161
968 5174 1150 5233 6661166661
1177 5177 1244 5228 sunt
1275 5169 1368 5237 electi,
1394 5168 1443 5224 sed
1471 5183 1529 5223 non
1557 5166 1690 5222 excecati
1715 5183 1723 5235 3
1748 5183 1816 5239 ergo

61 5265 268 5325 reshoruinum
278 5267 518 5335 Dominotribnit,
530 5271 647 5339 proptcs
656 5282 702 5322 res
710 5266 910 5337 explanandas.
968 5265 1161 5340 possunthoec
1182 5260 1238 5318 dici
1265 5261 1301 5315 de
1325 5257 1502 5329 temporibus
1527 5260 1593 5328 post
1621 5255 1817 5312 ascensionem

101 5356 244 5425 Tanquam
271 5355 420 5411 dormiens.
461 5357 520 5412 lloc
547 5355 652 5411 dicitnr
676 5371 693 5410 a
720 5371 843 5426 persona
865 5355 914 5410 de·
969 5352 1094 5419 Christi3
1126 5350 1175 5406 sed
1201 5353 1355 5419 antequam
1380 5344 1509 5401 Christus
1534 5343 1666 5412 venisset,
1699 5348 1730 5400 et
1749 5351 1818 5401 tuno

61 5443 218 5508 mentium,
234 5442 284 5514 qui
298 5443 339 5497 ita
353 5448 466 5515 patant,
489 5444 604 5514 quando
617 5443 843 5516 periclitantibus
856 5458 914 5497 non
970 5441 1048 5499 enim
1062 5438 1224 5504 haereditas,
1238 5436 1289 5491 nbi
1313 5434 1475 5505 Propheta,
1491 5436 1520 5488 et
1532 5433 1626 5488 sancti
1639 5433 1773 5490 conducti
1786 5435 1818 5489 in

60 5531 210 5597 subvenit,
233 5530 301 5587 rino
325 5547 388 5590 osee
408 5532 599 5604 crapulatum,
629 5532 744 5604 qnando
771 5547 831 5587 non
855 5535 914 5587 tam
971 5528 1115 5600 Babylone
1128 5542 1137 5593 ;
1152 5523 1262 5582 velsub
1288 5521 1431 5578 Antiocho
1445 5519 1580 5576 maxime.
1592 5520 1782 5594 (0666601166
1794 5520 1819 5576 61
