3892 6106
75 248 82 260 '
145 255 193 309 ³91
453 253 650 308 wilarium
670 252 794 307 sillani
814 252 913 308 FULD.
933 251 1019 308 uolt.
1043 249 1119 306 OPP.
1142 250 1228 306 PARS
1249 250 1270 305 1.
1290 278 1324 288 -
1344 249 1572 308 anaoloulca.
1839 255 1892 309 ³92

138 373 294 441 barunculi,
317 388 382 427 cum
404 369 509 428 Christi
531 370 656 436 decreto,
682 371 915 427 commemoratio
932 373 1024 443 pail
1041 368 1106 440 lica,
1129 386 1181 442 per
1208 385 1295 441 quam
1321 369 1352 425 in
1379 371 1531 427 Ecclesiam
1560 372 1658 437 intrat,
1688 377 1721 429 ut
1746 389 1800 446 per
1818 374 1893 431 tanti

139 462 339 526 triurcbarum,
351 460 556 531 prophetarum
572 463 600 512 et
614 459 807 529 apostolorum
820 459 985 514 intromissa
1038 457 1185 530 pontilicis
1202 457 1422 530 opitulationem
1436 460 1573 532 expietur.

136 551 289 622 reperitur.
1073 547 1155 602 Vana.
1182 552 1223 603 tl.
1238 577 1274 587 -
1298 549 1334 602 Et
1360 547 1558 618 deprecabitur.
1574 548 1639 620 (lu.)
1664 549 1763 605 Unde:
1795 549 1894 606 Aduo·

172 641 253 694 Vana.
282 641 327 694 23.
352 668 386 677 -
411 637 567 705 scribetque
590 635 714 690 sacam
734 636 765 690 in
792 636 891 703 libello,
927 640 981 691 etc.
1037 640 1116 690 caius
1137 640 1227 691 noster
1249 635 1325 705 apud
1343 638 1450 691 Putrem
1473 635 1567 707 (loon.
1595 637 1627 708 r.)
1650 637 1701 692 Vel
1724 637 1794 709 quia
1809 638 1895 694 iaciat

137 727 210 793 Quia
232 726 340 781 scilicet
361 742 446 796 poena
470 729 650 795 peecatorum
665 724 697 778 in
718 723 864 794 Scriptura
887 731 981 779 sancta
1037 738 1089 776 nos
1103 723 1250 794 deprecari
1273 723 1430 778 secundum
1450 724 1542 780 iilud:
1572 725 1695 795 Spiritus
1707 728 1831 797 postulat
1841 743 1893 798 pro

135 816 312 888 explanatur.
338 813 507 886 Quicunque
530 817 626 867 autern
651 827 715 867 eam
737 813 784 883 pie
812 817 840 867 et
861 812 984 868 fideliter
1037 811 1113 865 nobis
1128 812 1271 879 punitione
1285 811 1518 868 inenarrabilibus
1532 814 1617 884 (liora.
1634 812 1719 885 vrri).·

135 902 274 970 hauserit,
299 901 439 973 supplicia
460 908 652 972 peccaturum,
675 916 740 971 quie
759 900 791 955 in
815 916 849 955 aa
864 917 983 956 narran-
1074 899 1155 953 Vnus,
1171 901 1216 952 ti.
1236 929 1268 939 -
1287 901 1321 954 Ut
1343 899 1400 955 dies
1412 902 1529 970 priores
1547 900 1622 955 Nihil
1638 901 1672 956 de
1687 901 1810 972 pristina
1826 917 1893 957 con-

134 994 192 1059 tur,
208 991 410 1062 pertimescens
429 993 458 1044 et
470 988 615 1044 abstinens
631 987 791 1060 apeccotis,
805 988 855 1043 liat
869 988 895 1042 ei
909 1005 984 1060 aqua
1037 987 1198 1041 versatione
1212 994 1380 1058 praesumat,
1394 987 1488 1043 sedin
1502 988 1564 1044 sola
1581 989 1631 1043 Dei
1645 988 1738 1061 gratia
1754 991 1887 1057 confidat,

135 1078 371 1156 amarissimatin
401 1077 536 1134 salutem.
567 1074 620 1141 Qui
642 1082 739 1131 autem
769 1077 981 1148 contempserit,
1037 1075 1118 1146 cujus
1135 1075 1209 1130 dono
1223 1075 1345 1147 percipit
1359 1075 1471 1131 veniam
1484 1082 1512 1132 et
1525 1077 1656 1149 requiem
1672 1078 1886 1149 sempiternam.

134 1168 234 1222 inssato
258 1173 367 1232 ventre,
390 1170 598 1237 computrescet
619 1165 714 1220 femur
736 1165 806 1235 ejus,
831 1170 859 1220 et
883 1164 939 1220 erit
953 1165 983 1219 in
1073 1163 1179 1218 Polluta
1214 1168 1253 1219 ast
1289 1166 1477 1234 sanctificatio,
1511 1166 1607 1220 unde:
1646 1167 1712 1223 curn
1747 1182 1889 1222 emmeraus

137 1255 367 1312 maledictionem
382 1261 410 1309 et
424 1254 453 1309 in
468 1253 642 1325 exemplum,
668 1253 736 1325 quia
757 1253 835 1325 justo
846 1253 898 1309 Dei
907 1253 983 1326 judi·
1036 1252 1123 1320 fuerit
1135 1256 1228 1321 justus
1243 1253 1382 1323 ajustitia
1402 1270 1455 1308 sua
1473 1258 1499 1309 ct
1515 1256 1610 1322 fecerit
1623 1256 1809 1326 iniquitaten,
1833 1271 1890 1310 orn-

135 1346 179 1401 cio
205 1345 350 1417 punietur,
378 1347 405 1398 et
429 1346 514 1398 erunt
533 1342 561 1397 ei
579 1341 610 1396 in
632 1341 820 1414 opprobrium
842 1340 984 1397 desideria
1036 1356 1083 1397 nes
1094 1343 1209 1411 iustitie
1223 1344 1279 1413 ejus
1294 1342 1422 1397 obliuioni
1437 1343 1581 1398 tradentur
1595 1343 1702 1414 (Erret.
1718 1343 1809 1413 xviri).

136 1452 187 1490 sua
202 1439 327 1488 ciectus.
1073 1429 1135 1483 Ista
1163 1434 1203 1485 est
1230 1432 1273 1484 lea
1309 1433 1526 1486 consecrationis.
1559 1432 1715 1502 Postquam
1744 1431 1893 1502 legislator

172 1523 253 1576 tlara.
277 1522 323 1576 il.
342 1551 377 1562 -
399 1521 519 1576 liabitei
537 1519 635 1588 bibere,
650 1524 683 1573 ut
707 1518 983 1591 manifesteturpec-
1039 1517 1207 1571 Nazaraeum
1244 1518 1379 1573 iustruxit
1410 1519 1554 1590 quomodo
1584 1519 1750 1584 mundetur,
1779 1520 1804 1574 si
1828 1521 1891 1592 ejus

136 1616 230 1665 catum
254 1609 341 1677 iliius,
357 1610 399 1662 vel
420 1608 467 1662 hic
481 1607 516 1660 ad
536 1606 750 1672 correctionem,
775 1607 818 1662 vel
831 1606 862 1661 iu
885 1607 983 1662 tuturo
999 1656 1019 1712 B
1038 1605 1210 1659 consecratio
1236 1621 1322 1676 super
1336 1611 1449 1661 mortuo
1471 1608 1624 1678 polluatur,
1647 1606 1727 1662 addit
1741 1610 1890 1681 quomodo

137 1697 171 1752 ad
192 1696 413 1751 damnationem.
439 1695 515 1751 Nibil
537 1696 607 1749 enirn
623 1695 765 1757 occultum,
790 1695 862 1763 quod
877 1711 930 1750 nou
943 1711 985 1750 re·
1037 1698 1104 1764 post
1126 1693 1299 1765 completum
1319 1700 1418 1749 votum
1437 1710 1466 1748 sa
1487 1701 1641 1765 presentet
1664 1696 1799 1760 Domino,
1824 1713 1890 1752 cum

135 1787 236 1841 veletur
260 1784 368 1856 (btrttb.
392 1785 431 1855 x).
455 1783 525 1838 iiiuc
550 1782 689 1838 Dominus
713 1783 775 1837 ait:
796 1783 887 1838 Sermo
906 1799 985 1853 quern
1038 1780 1183 1836 oblatione
1209 1781 1315 1852 gratias
1337 1781 1511 1851 redditurus,
1538 1784 1654 1854 mystica
1679 1783 1805 1839 innuens
1821 1797 1889 1840 cou-

136 1875 239 1929 locutus
261 1888 321 1927 auin
342 1872 429 1936 uobis,
453 1871 499 1925 ille
510 1885 555 1925 uos
573 1870 753 1939 judicabilia
772 1872 916 1926 nouissimo
940 1870 985 1925 die
1038 1869 1157 1924 tinentia
1170 1869 1258 1924 vitam
1274 1885 1338 1924 cum
1355 1869 1498 1924 oblatione
1513 1871 1607 1942 operis
1623 1876 1651 1926 at
1665 1873 1807 1928 munditia
1821 1890 1888 1928 cor-

135 1963 222 2030 (Joan.
235 1959 294 2031 ¹11).
1038 1956 1081 2012 dis
1095 1957 1124 2012 iu
1137 1956 1194 2012 line
1210 1957 1285 2012 bono
1300 1957 1421 2012 ilomiuo
1433 1958 1613 2028 placituram.

1073 2045 1155 2099 Vaaa.
1179 2046 1221 2100 14.
1238 2076 1271 2085 -
1294 2047 1318 2099 A
1341 2061 1406 2100 num
1429 2049 1497 2101 unni
1531 2047 1540 2101 l
1589 2089 1595 2101 .
1881 2052 1887 2062 '

468 2091 581 2147 CAPUT
601 2091 646 2147 Vl·
1036 2137 1127 2188 totam
1142 2149 1223 2204 apem
1237 2061 1365 2189 mamam
1379 2135 1441 2206 ejus
1461 2048 1817 2208 ἰωοέιέὶωαῖίοξὲῗοιῧῖθὲξ
1830 2067 1889 2211 (3112

171 2226 252 2280 Vana.
268 2226 294 2279 3.
311 2253 345 2264 -
360 2226 386 2277 A
406 2224 468 2277 uino
494 2227 519 2276 et
542 2220 615 2277 ornni
637 2222 710 2293 quod
729 2224 866 2278 inebriare
885 2227 983 2295 potest,
1037 2221 1159 2288 dicitur:
1175 2224 1241 2276 Ecca
1259 2236 1345 2290 uanus
1361 2224 1419 2290 Dei,
1434 2225 1554 2293 eccequi
1573 2225 1643 2280 tollit
1655 2230 1768 2294 peecata
1790 2227 1890 2283 mundi

73 2321 78 2328 '
136 2313 205 2383 (itia
232 2312 415 2378 tribunalia
438 2310 607 2366 duodecima
631 2311 790 2376 mansione,
813 2317 878 2373 eto,
898 2327 984 2381 usque
1036 2308 1123 2381 (toan.
1141 2306 1177 2379 ι.)
1199 2309 1279 2364 iiunc
1293 2308 1323 2364 in
1344 2309 1543 2366 holocaustum
1557 2312 1650 2382 otiert,
1673 2329 1739 2367 cum
1753 2330 1807 2385 pro
1827 2316 1889 2386 ajua

135 2401 173 2456 ud
186 2406 214 2456 et
223 2400 409 2470 corruptione
422 2399 526 2452 veleris
540 2397 676 2470 nequitia
688 2399 874 2455 delectantur.
1039 2414 1136 2453 amara
1148 2413 1247 2452 carues
1267 2398 1463 2454 mortificando
1477 2403 1567 2455 totam
1585 2401 1674 2456 vitam
1688 2416 1771 2457 suam
1785 2404 1889 2459 ardore

170 2488 252 2542 Vara.
270 2490 296 2541 5.
309 2516 343 2525 -
357 2485 494 2542 Nouaeula
507 2500 560 2539 non
584 2486 719 2540 transibit.
742 2486 804 2556 (io.)
818 2486 848 2541 ld
863 2490 915 2556 ast,
930 2502 983 2542 nec
1038 2485 1184 2540 charitatis
1196 2484 1342 2540 incensam
1357 2485 1479 2540 Domino
1495 2491 1652 2542 consecrat.

134 2575 245 2643 dolum,
259 2573 461 2630 neamalitiam
474 2572 504 2626 in
514 2577 608 2626 mente
618 2573 762 2639 retinebit,
777 2590 811 2628 ne
826 2574 981 2645 polluatur,
1075 2573 1169 2643 (Auo,
1185 2577 1279 2643 quest.
1306 2576 1339 2628 lt
1353 2575 1383 2628 in
1397 2572 1490 2644 Num.)
1513 2574 1577 2628 lilia
1601 2576 1705 2642 littera,
1721 2580 1789 2642 eto,
1803 2592 1889 2646 usque

135 2665 251 2732 seilicet,
277 2662 407 2717 caesaries
432 2661 542 2732 capitis,
570 2661 600 2715 id
629 2667 680 2725 est,
709 2663 844 2732 cogitatio
868 2663 980 2719 mentis.
1037 2662 1183 2718 adelhoc
1204 2661 1376 2717 sacrificium
1399 2662 1539 2729 salutaris,
1564 2666 1642 2735 quod
1665 2665 1747 2735 prius
1765 2665 1887 2733 dixerat,

134 2753 189 2809 Sed
205 2751 399 2806 innocentiam
421 2754 517 2803 toneat
537 2749 677 2820 usquead
692 2750 779 2805 tinem
797 2752 875 2807 vitre.
893 2751 982 2807 Aliter
1037 2750 1067 2805 iu
1083 2751 1216 2805 salutare.

134 2841 212 2897 enim
232 2856 291 2894 nou
315 2838 370 2892 erit
390 2842 487 2892 votum
512 2836 694 2907 acceptabile.
720 2837 773 2905 Qui
786 2844 875 2894 autern
888 2856 982 2910 perse·
1072 2839 1165 2909 (Rau.)
1192 2841 1307 2910 ignum
1319 2838 1402 2895 alieri
1416 2839 1446 2894 iu
1465 2839 1675 2913 holocaustum,
1699 2844 1748 2916 qui
1765 2847 1823 2901 ileo
1838 2863 1887 2901 ax·

133 2929 278 2994 amaverit,
292 2927 446 2981 emerserit
461 2924 571 2993 (Marri.
588 2925 626 2995 x).
997 2944 1016 2999 c
1037 2926 1116 2982 hibet
1130 2925 1345 2997 simplicitatem
1356 2927 1458 2996 cordis,
1475 2943 1541 2983 cum
1555 2928 1708 2985 devotione
1721 2931 1886 3000 clraritatis3

171 3017 251 3070 Vana.
272 3017 298 3069 6.
313 3045 349 3054 -
367 3013 455 3082 Super
479 3018 615 3068 mortuum
638 3028 691 3067 non
711 3014 889 3080 inpredietur.
917 3015 981 3087 tiu.)
1035 3029 1128 3083 oram,
1145 3029 1209 3085 quae
1227 3012 1399 3069 iunocentiae
1421 3016 1583 3086 exemplum
1606 3019 1749 3087 ostendit;
1766 3020 1885 3076 arietem

134 3104 166 3158 ld
190 3109 242 3168 eat,
271 3108 418 3156 mortuum
446 3101 476 3154 in
499 3101 620 3171 peccatis
645 3117 704 3155 uon
730 3102 900 3169 imitabitur,
929 3118 982 3159 nec
1037 3119 1103 3160 aero
1124 3101 1271 3174 pacificam
1293 3102 1428 3172 hostium,
1445 3118 1553 3159 cumse
1569 3104 1598 3159 in
1616 3107 1663 3160 via
1691 3108 1829 3165 Deibena
1844 3127 1888 3165 re·

135 3189 296 3261 iniquitatis
319 3190 380 3259 ejus
405 3188 492 3242 vitam
515 3187 704 3259 ingrediatur,
728 3204 766 3243 na
784 3190 885 3261 perdat
898 3191 982 3246 labo·
1035 3191 1086 3263 git,
1103 3196 1132 3245 et
1146 3206 1261 3245 carnem
1275 3190 1412 3245 rebellem
1427 3191 1530 3247 animae
1545 3193 1668 3264 imperio
1683 3196 1809 3269 subjicit.
1918 3236 1922 3243 -

132 3293 195 3333 rem
218 3292 312 3332 surim.
338 3278 397 3332 lton
419 3278 490 3330 enirn
514 3278 563 3344 qui
580 3277 698 3344 imboat,
724 3278 771 3332 sed
793 3281 842 3347 qui
859 3295 981 3335 coruum·
1070 3282 1106 3335 Et
1121 3295 1206 3334 ouem.
1231 3277 1320 3334 Ovem
1345 3279 1429 3334 otiert
1450 3297 1504 3350 pro
1519 3287 1645 3351 peccato,
1670 3285 1722 3356 qui
1742 3286 1888 3343 Christum

132 3370 200 3434 mat,
216 3363 390 3419 coronabitur
404 3362 440 3432 (ll
456 3364 524 3416 iim·
541 3360 582 3431 ¹1).
1034 3365 1215 3423 innocentem
1244 3383 1297 3438 pro
1325 3374 1440 3439 peccato
1466 3369 1589 3425 humani
1615 3372 1729 3443 generis
1763 3373 1889 3431 fideliter

170 3453 249 3507 Vana.
279 3456 305 3506 7.
328 3480 364 3493 -
386 3451 440 3507 Nec
461 3465 542 3520 super
565 3453 665 3521 patris.
682 3450 741 3520 (lo.)
762 3452 792 3507 ld
814 3457 865 3520 est,
886 3455 982 3510 nullus
1035 3455 1126 3510 eradit
1144 3455 1281 3511 oblatum.

132 3542 253 3597 carnalis
275 3557 341 3595 aum
356 3540 484 3594 retrabat
508 3538 637 3606 aiieclus,
663 3539 757 3593 ornuis
774 3557 905 3611 persona,
922 3557 982 3596 om·
1070 3546 1106 3599 Et
1120 3545 1240 3598 cneum.
1266 3544 1323 3598 iloc
1347 3542 1380 3598 iit
1398 3559 1463 3598 cum
1478 3544 1573 3616 ipsum
1595 3562 1656 3602 asse
1682 3549 1810 3617 contidit,
1837 3551 1889 3623 qui

132 3631 177 3685 nia
206 3630 342 3701 dignitas,
369 3627 463 3683 omnis
487 3627 722 3698 consanguinitas
741 3627 845 3683 Christi
865 3631 980 3684 servitio
1034 3647 1087 3702 per
1101 3632 1344 3702 dispensationem
1367 3633 1460 3687 caruis
1488 3634 1614 3690 coeiestia
1633 3640 1661 3690 et
1677 3638 1824 3694 terrestria
1839 3656 1890 3711 pa·

128 3717 328 3789 postponenda
343 3720 395 3771 est.
447 3721 451 3728 '
1035 3718 1165 3789 cilicavit,
1190 3736 1331 3775 evacuans
1353 3736 1469 3776 omnem
1494 3722 1689 3795 principatum
1711 3730 1739 3782 et
1759 3732 1888 3798 potesta·

167 3805 334 3861 consecratio
350 3805 407 3858 Dei.
424 3801 494 3872 (lu.)
511 3801 543 3857 Id
569 3805 622 3869 eat,
643 3800 764 3872 Spiritus
778 3803 869 3858 sancti
890 3804 982 3876 gratia
1035 3812 1115 3876 tem3
1138 3824 1223 3880 quem
1249 3809 1323 3863 Deus
1349 3809 1492 3878 exaltavit,
1519 3816 1550 3866 et
1571 3812 1688 3868 donavit
1712 3814 1754 3869 illi
1779 3809 1888 3873 nornen

129 3890 161 3947 in
175 3893 257 3947 corda
268 3892 329 3963 ejus
344 3890 448 3946 diffusa
462 3894 516 3960 est,
533 3890 609 3945 uude
623 3905 629 3944 :
645 3889 733 3947 Nolite
745 3895 907 3948 contristare
921 3893 981 3963 Spi·
1035 3896 1113 3968 quod
1127 3902 1170 3951 ast
1185 3912 1272 3968 super
1286 3912 1371 3952 omne
1386 3914 1503 3967 nomeu,
1519 3906 1573 3955 etc.

128 3990 213 4042 ritum
227 3992 360 4047 sanctum,
376 3987 405 4040 in
419 4000 471 4056 quo
495 3986 600 4054 siqnati
621 3986 684 4039 estis
699 4000 789 4041 omnes
803 3986 913 4057 (pres.
931 3986 979 4060 rr).
1069 3984 1150 4039 Vana.
1164 3989 1206 4041 15.
1221 4013 1253 4027 -
1267 3987 1427 4054 Etlapana:
1441 3990 1566 4043 reterem
1575 3989 1811 4062 legemaSpiritu
1823 4009 1887 4049 san·

164 4075 243 4130 vaus.
260 4077 287 4131 8.
304 4104 338 4115 -
355 4074 451 4129 Omnes
474 4073 532 4127 dies
554 4074 751 4142 separation-is.
771 4075 803 4129 id
818 4080 870 4143 est,
889 4093 980 4148 usque
1034 4075 1078 4128 clo
1095 4072 1229 4129 dictatam
1245 4079 1476 4147 attemperatum
1493 4076 1527 4130 ad
1544 4077 1697 4133 utilitatem
1715 4080 1884 4138 humanam.

128 4163 159 4220 in
188 4165 277 4218 tinem
316 4168 479 4234 perseveret
504 4161 566 4216 siue
603 4162 847 4220 contaminatione
872 4166 980 4238 peccati
1072 4160 1179 4230 Absque
1205 4163 1356 4229 tamenta:
1378 4163 1447 4235 quia
1474 4163 1630 4235 spiritualia
1653 4167 1746 4238 gralia
1769 4169 1800 4224 iu
1823 4170 1886 4242 lege

129 4257 216 4324 atquo
232 4251 338 4307 delicti.
993 4225 1016 4281 Ι)
1034 4250 1062 4302 al
1076 4248 1107 4303 in
1118 4249 1270 4321 Evangelio
1285 4256 1361 4305 rocta
1379 4251 1608 4323 intelligentibus
1616 4259 1706 4326 patet.

165 4341 246 4395 Vnus.
262 4341 291 4394 9.
310 4368 344 4378 -
359 4339 409 4395 Sin
425 4343 514 4394 autern
536 4344 658 4394 mortuus
679 4338 777 4404 fuerit.
793 4340 858 4412 (ln.)
881 4342 979 4411 idest,
1070 4336 1151 4391 Villi·
1185 4340 1227 4393 ¹⁶·
1250 4367 1287 4378 -
1313 4341 1377 4410 Qtw
1399 4339 1501 4409 Offerel·
1531 4340 1662 4397 mistum
1689 4347 1719 4398 θῑ
1744 4344 1885 4413 lbb⁰r0ffls

132 4428 158 4481 ai
185 4427 300 4483 mortali
338 4432 454 4498 peccato
481 4426 624 4498 pollutum
658 4425 765 4481 imitari
791 4425 922 4491 voluerit,
953 4428 982 4480 et
1035 4422 1173 4496 cujusquo
1197 4424 1424 4493 meditationem,
1453 4432 1481 4483 et
1506 4427 1734 4486 observationem
1759 4431 1832 4505 legia
1856 4433 1887 4488 iu

130 4534 221 4588 usque
250 4517 285 4571 ud
307 4531 478 4571 consensum
501 4514 687 4581 descenderit,
712 4514 781 4569 sciat
803 4530 916 4570 necesse
939 4518 982 4568 est
1034 4516 1190 4583 conspectu
1205 4514 1255 4568 Dei
1269 4516 1481 4571 remunerando
1504 4522 1691 4588 praeseutans,
1717 4519 1835 4589 scilicet,
1851 4522 1887 4577 ad

130 4607 193 4678 ejus
216 4604 422 4660 continentiam
450 4619 510 4658 asae
538 4603 688 4675 pollutam,
713 4608 742 4658 et
764 4608 851 4674 caput
876 4603 981 4658 radan·
1033 4599 1197 4672 ingressum
1221 4602 1287 4658 vitas
1309 4603 1439 4672 caelestis,
1457 4609 1571 4677 peracto
1592 4605 1662 4662 boni
1687 4608 1886 4680 operiacerta-

129 4695 210 4763 dum,
237 4694 267 4749 id
289 4699 340 4761 est,
365 4698 491 4748 mentem
517 4692 698 4764 purgandam
721 4709 738 4747 u
759 4708 848 4764 prava
873 4692 979 4763 cogita·
1033 4688 1122 4758 mine,
1139 4690 1280 4760 perducit.

129 4781 210 4837 tione
224 4787 253 4837 at
266 4781 352 4836 noxia
364 4780 562 4836 delectatione.
1069 4778 1148 4831 Vnus.
1168 4782 1213 4833 ll.
1230 4808 1265 4820 -
1279 4780 1398 4835 Arietem
1420 4797 1504 4836 uero:
1519 4781 1641 4854 dignum
1663 4783 1771 4840 scilicet
1793 4791 1887 4842 osten·

165 4871 251 4927 Radet
280 4872 362 4925 illico.
390 4870 452 4939 (lo.)
478 4871 617 4941 Tempora
655 4867 762 4922 scilicet
786 4865 980 4938 compunctio·
1033 4865 1103 4920 dens
1118 4866 1248 4921 mercede
1272 4867 1378 4938 quietis
1392 4873 1552 4941 perpetues,
1566 4875 1705 4943 tanquam
1721 4872 1885 4946 principem

130 4959 185 5026 nis,
201 4975 258 5031 quo
273 4958 418 5030 cognoscit
430 4974 460 5012 se
482 4957 647 5028 deliquisse,
674 4956 770 5011 atatim
783 4972 813 5012 se
826 4955 979 5011 emendare
1033 4953 1078 5007 aui
1089 4953 1133 5008 vel
1145 4952 1266 5009 aliorum
1279 4974 1287 5021 ;
1300 4959 1329 5009 et
1338 4952 1440 5011 ducem
1450 4956 1603 5028 optimum,
1618 4959 1669 5031 qui
1678 4961 1790 5027 aebeua
1801 4963 1883 5030 rexit,

129 5047 243 5102 studeat
255 5051 284 5101 et
298 5062 412 5117 semper
421 5045 546 5101 similam
562 5046 676 5100 ruinam
691 5045 800 5101 timeat.
1033 5047 1062 5097 et
1075 5041 1156 5097 duxit
1170 5041 1199 5096 in
1220 5042 1322 5098 semita
1342 5044 1545 5100 mandatorum
1572 5047 1630 5116 liei,
1656 5050 1814 5105 secuudum
1832 5051 1884 5106 do·

165 5133 246 5187 Vara.
271 5135 312 5187 lo.
338 5162 372 5171 -
390 5133 466 5186 Duos
489 5136 621 5188 turtures.
649 5130 713 5202 tio.)
737 5131 873 5185 Turtures
897 5129 979 5185 casti-
1033 5129 1155 5185 utrinam
1171 5129 1384 5202 scripturarum
1397 5136 1426 5187 et
1439 5133 1562 5205 gratiam
1581 5136 1774 5208 spiritualium
1793 5138 1885 5195 chari·

129 5224 227 5289 tatem,
243 5221 316 5291 pulli
337 5220 536 5275 columbarum
565 5217 777 5291 simplicitatem
805 5217 976 5290 significant.
1032 5224 1167 5274 amatum.

129 5308 183 5374 oui
197 5325 265 5380 ergo
281 5309 342 5364 vult
357 5309 391 5364 ad
408 5309 645 5364 resurrectionem
661 5308 802 5363 bonorum
815 5306 975 5378 parvenire,
1068 5307 1179 5378 (Gaea,
1202 5307 1253 5364 lib.
1280 5325 1310 5375 11,
1339 5310 1447 5381 btoral,
1477 5327 1539 5384 cap.
1567 5313 1621 5384 39.)
1646 5312 1719 5381 Ouid
1739 5319 1784 5372 est
1805 5317 1883 5390 quod

129 5398 230 5454 offerat
256 5414 323 5455 vero
350 5397 501 5464 sacerdoti,
533 5397 561 5453 id
590 5402 641 5465 ast,
670 5396 790 5465 Christo,
818 5397 977 5452 castitatem
1031 5396 1158 5452 Nazaraei
1179 5397 1466 5469 cupilloanutriuuti
1489 5406 1554 5468 etc,
1570 5417 1655 5472 usque
1669 5403 1708 5459 ad
1721 5404 1882 5461 devolionis

128 5485 233 5541 mentis
261 5492 290 5542 et
313 5486 452 5557 corporis,
468 5490 496 5540 et
521 5484 734 5556 simplicitatem
748 5484 785 5540 in⁴
807 5485 863 5540 tide
878 5483 975 5541 catha·
1030 5485 1206 5557 praelectione
1219 5491 1380 5543 consumat.
