3892 6106
50 270 54 275 -
89 237 149 289 707
401 231 597 287 walramni
617 231 740 288 STthl
761 231 859 287 rulo.
881 230 960 286 hort.
987 229 1066 286 OPP.
1089 231 1175 286 PARS
1199 231 1221 287 l.
1242 260 1277 271 ·-
1295 230 1522 289 ranunculus.
1795 237 1847 292 'loe

93 354 204 421 tribuit,
234 353 347 408 nullum
368 351 411 407 ire
441 351 597 423 compellit.
619 350 773 407 christiam
799 350 943 423 principes
960 352 984 405 Α
1000 354 1055 412 tur,
1072 349 1129 405 emi
1143 357 1273 421 possunt,
1300 351 1368 423 quia
1393 352 1463 408 talia
1479 368 1546 409 cnm
1575 353 1722 425 andimus,
1753 356 1850 413 mirari

93 445 207 499 nullum
227 447 372 514 cogentes,
389 456 426 496 ne
441 441 478 495 sit
493 439 602 495 incerta
626 439 758 494 voluntas
783 439 862 507 ildei,
879 456 944 494 om·
1000 439 1117 510 quidem
1128 440 1205 494 velut
1227 440 1323 495 divina
1337 440 1493 497 debemus:
1518 443 1567 498 sed
1598 442 1682 516 quasi
1704 445 1850 515 possibilia

92 532 178 587 nibus
192 531 298 604 quibus
310 529 451 601 placuerit
465 530 495 584 in
510 544 599 599 regno
620 544 671 583 suo
682 528 827 584 Christum
851 530 945 584 colere
999 527 1108 582 imitari
1123 544 1180 582 non
1194 528 1332 584 valemus.

99 621 281 693 permittunt.
1036 617 1116 672 linas.
1136 621 1177 672 tu.
1194 646 1229 658 -
1252 619 1324 673 Vasa
1345 633 1459 689 quoque.
1485 620 1574 674 Verus
1596 619 1705 675 Esdras
1720 636 1788 677 rasa
1801 622 1852 676 mi-

115 713 168 766 ·Et
191 714 290 779 septem
317 708 529 762 consiliatorum.
558 707 590 760 ln
617 704 689 760 libro
716 706 816 760 Esther
838 704 946 776 legitur
999 704 1161 759 sericordioe
1176 721 1241 776 quos
1260 705 1314 761 sihi
1328 707 1482 761 traduntur
1496 706 1532 762 ab
1546 707 1717 763 bominibus
1736 709 1767 764 in
1782 726 1851 765 con·

97 797 287 853 morisiuisse
309 798 459 850 Persarum
482 794 607 866 regibus,
637 794 713 849 utin
729 793 838 849 cunctis
857 809 944 864 agen-
1001 802 1097 864 spectu
1123 795 1213 848 Patris
1240 794 1273 848 in
1300 811 1454 865 supernam
1475 796 1633 852 Jerusalem
1652 798 1784 855 tradidit.
1814 800 1852 855 lle

96 887 139 943 dis
151 886 194 940 vel
206 884 401 940 discernendis
412 889 520 954 septem
529 882 648 937 consilio
658 887 818 937 uterentur.
830 882 944 953 Septem
1000 879 1105 951 quibus
1120 880 1226 935 dicitur
1241 898 1248 936 :
1263 883 1398 952 Quomodo
1416 887 1679 954 poteritquisquom
1695 889 1802 943 intrare
1823 890 1853 942 is

95 973 264 1029 consiliariis
279 978 402 1028 utuntur
417 972 515 1027 fidelos
545 987 610 1026 cnm
626 970 656 1025 in
671 970 806 1025 omnibus
821 972 944 1042 quai·
1000 967 1109 1022 domum
1137 971 1230 1035 sortis,
1260 975 1286 1024 et
1304 986 1373 1025 uaso
1400 972 1458 1040 ejus
1488 972 1618 1043 diripere,
1629 976 1686 1028 uisi
1696 976 1852 1046 primolli·

96 1062 176 1118 ciunt
210 1065 352 1133 precepta
386 1060 489 1115 (lirina¹
530 1058 684 1131 Scriptura
712 1063 881 1130 sequuntur.
907 1061 946 1115 De
1000 1061 1107 1126 paverit
1122 1060 1246 1125 sortem?
1261 1058 1362 1130 (Marc.
1380 1061 1435 1130 ru.)
1462 1060 1553 1115 Fortis
1567 1061 1647 1116 enim
1663 1068 1786 1117 eratrcx
1803 1065 1850 1118 lia·

96 1167 153 1223 qua
180 1150 306 1205 dicitur:
331 1150 454 1218 Eloquia
476 1150 586 1202 Domini
604 1148 712 1218 eloquia
736 1152 822 1215 cuam,
843 1162 944 1215 orgeri-
1000 1143 1124 1214 bylonis,
1153 1147 1181 1200 id
1207 1151 1250 1201 est
1273 1147 1424 1202 diabolus:
1452 1148 1502 1202 sed
1521 1148 1633 1204 vinctus
1656 1153 1686 1204 et
1715 1149 1853 1222 ligatusa

97 1246 154 1296 tum
177 1242 240 1307 ipae
280 1241 477 1305 acuminatum,
499 1236 646 1306 probatum
682 1240 769 1301 tcrrae,
791 1240 946 1306 purgatum
1001 1231 1136 1301 Domino,
1161 1249 1195 1288 ca
1208 1250 1273 1305 quae
1288 1234 1394 1305 injuste
1412 1234 1577 1307 possidebat
1591 1252 1670 1307 vasa,
1697 1238 1728 1294 id
1751 1243 1796 1294 cst
1808 1240 1853 1295 de·

100 1328 255 1398 septuplum
267 1325 358 1398 (Psoi.
377 1326 426 1394 m),
449 1324 479 1379 id
494 1329 537 1378 est
551 1329 649 1378 sancta
675 1322 867 1378 illustratione
882 1339 946 1395 sep·
1001 1319 1141 1375 lectorum
1154 1323 1241 1377 corda
1253 1323 1350 1378 amisit
1365 1340 1372 1378 :
1385 1340 1479 1395 neque
1502 1325 1645 1381 auferenti
1659 1331 1689 1382 et
1701 1326 1740 1382 ad
1750 1343 1850 1398 snper·

96 1415 218 1471 tiiormis
238 1414 355 1486 spiritns
368 1414 537 1485 perfectum.
1001 1423 1068 1463 nam
1084 1410 1226 1465 civitatem
1253 1412 1335 1482 ouius
1362 1417 1445 1467 erant
1465 1413 1583 1485 propria
1610 1414 1761 1471 reducenti
1790 1431 1853 1471 con·

132 1506 237 1559 Missus
260 1519 296 1559 aa.
325 1503 445 1558 blitlitor
472 1501 573 1556 Esdras
602 1518 618 1555 a
644 1500 715 1555 facio
737 1499 815 1571 regis
838 1505 867 1555 et
880 1516 946 1571 sep·
1002 1498 1258 1571 tradioerepotuit.

97 1598 154 1648 tem
170 1592 386 1647 consiliatorum
403 1592 476 1661 ejus,
493 1589 635 1644 utrisitat
659 1589 813 1643 ludiamet
832 1589 947 1643 Jerusa-
1040 1586 1119 1642 Vens.
1136 1590 1180 1643 tt.
1196 1615 1228 1627 -
1245 1591 1312 1644 lito
1336 1605 1387 1644 mc.
1416 1589 1561 1662 Principes
1584 1590 1741 1647 Christiani
1757 1591 1851 1663 subje-

97 1682 156 1737 lem
169 1687 197 1735 et
211 1680 340 1736 conversi
350 1681 383 1734 ad
399 1679 487 1733 iidem
499 1677 644 1750 principes
662 1677 802 1732 saeuiret
819 1677 947 1748 Scriptu·
963 1643 983 1697 Β
1002 1673 1055 1728 ctis
1070 1675 1128 1728 suis
1143 1677 1297 1746 imperant,
1315 1682 1347 1731 ut
1362 1677 1503 1749 quidquid
1513 1679 1630 1748 petierit
1643 1678 1773 1735 Christus
1783 1696 1852 1750 pon·

99 1785 196 1824 rarum
232 1767 467 1841 persuasionibus
491 1767 627 1834 roborati,
652 1766 796 1822 Christum
826 1766 862 1822 ad
890 1766 948 1819 sel-
1001 1764 1070 1817 tifex
1090 1772 1197 1833 noster,
1213 1767 1321 1837 absque
1349 1782 1430 1821 mora
1450 1767 1602 1823 tribuant:
1630 1769 1703 1825 nihil
1732 1771 1850 1826 omnino

98 1859 221 1914 vendam
257 1857 409 1911 Ecclesiam
443 1860 471 1910 et
495 1855 726 1926 congregandam
753 1855 787 1909 dc
814 1854 949 1926 gentibus
1001 1856 1195 1918 retractantes,
1216 1853 1284 1907 dent
1305 1869 1408 1907 aurum
1434 1854 1464 1908 in
1488 1856 1669 1911 confessione
1684 1872 1760 1912 verre
1773 1857 1850 1924 lidei,

96 1947 266 2017 quotidiano
296 1943 414 2011 anxilio,
431 1943 509 2014 quod
533 1943 626 1998 Esdrae
654 1959 764 1998 nomen
793 1942 946 2014 significat,
1000 1938 1180 1995 frumentum
1206 1940 1237 1995 in
1250 1941 1414 1996 ostensione
1430 1942 1513 1997 bonae
1524 1945 1720 2013 operationis;
1752 1945 1850 2000 vinum

64 2042 69 2049 '
99 2035 197 2089 venire
216 2033 388 2100 desiderant,
406 2032 549 2094 dicentes:
579 2032 694 2087 Domine
713 2034 782 2087 Deus
803 2034 946 2098 uirtutum,
1001 2027 1468 2096 iniervoredilectiouis301eum
1482 2033 1513 2087 in
1528 2032 1673 2089 hilaritate
1691 2035 1850 2091 misericor-

99 2126 261 2192 conuertere,
276 2124 378 2191 respice
392 2122 511 2189 dotale,
528 2125 580 2175 ctc.
603 2121 685 2182 (Paul.
703 2122 805 2190 cxxix.)
1001 2114 1072 2171 dia:
1090 2122 1118 2172 et
1132 2119 1193 2172 haic
1216 2120 1312 2174 omnia
1342 2120 1395 2176 sub
1419 2121 1584 2181 centenario
1612 2138 1736 2178 numero
1760 2140 1849 2179 sacer·

135 2212 199 2278 Qua
221 2214 261 2266 cst
288 2214 318 2264 iu
340 2225 432 2264 mauu.
452 2209 553 2264 llirum
569 2209 647 2280 quod
665 2209 812 2263 insanitur
827 2208 946 2263 verbum
1001 2205 1060 2261 doti
1076 2222 1180 2277 magno
1203 2212 1231 2262 ct
1256 2207 1356 2262 scribae
1382 2207 1454 2278 legis
1476 2211 1526 2265 hat
1548 2210 1611 2266 cccli
1626 2210 1689 2266 dari
1699 2211 1845 2283 jubentur,

99 2299 130 2355 in
149 2299 268 2370 epistola
281 2298 442 2353 Amaxerris
457 2314 514 2368 quo
533 2297 683 2368 prophetae
695 2297 790 2353 solent
804 2297 846 2352 nti
861 2313 868 2351 ε
882 2314 948 2352 cum
1000 2293 1028 2350 id
1045 2300 1088 2349 est
1103 2295 1225 2363 Christo,
1242 2296 1292 2367 qui
1306 2297 1433 2352 coelestia
1460 2298 1545 2353 nobis
1572 2299 1708 2355 mandata
1724 2317 1741 2355 a
1768 2302 1846 2356 Patra

100 2389 166 2445 dicit
184 2389 277 2459 legem
290 2387 342 2442 Dei
357 2403 417 2442 esse
432 2386 462 2440 in
477 2402 565 2441 manu
594 2386 667 2440 sarri
692 2385 781 2456 illius,
808 2385 947 2456 scriptum
1000 2383 1138 2450 deferens,
1156 2385 1282 2439 coelestia
1298 2386 1496 2442 obedientibus
1519 2388 1550 2441 in
1564 2388 1652 2443 domo
1666 2388 1762 2444 Patris
1775 2406 1846 2460 pra·

100 2477 380 2533 estenim2Factum
408 2479 452 2529 ast
471 2474 590 2529 verbum
612 2473 641 2527 in
661 2489 750 2528 manu
764 2473 947 2546 Aggoeipro-
1000 2472 1059 2528 mia
1077 2473 1220 2545 promisit.
1250 2475 1438 2530 centenarius
1465 2475 1553 2544 enim,
1581 2476 1631 2547 qui
1658 2475 1689 2532 iu
1713 2485 1845 2550 computo

99 2567 204 2638 pheta.
234 2565 266 2619 Et
281 2563 419 2618 Dominus
439 2562 505 2617 lecit
518 2562 596 2634 quod
619 2562 731 2617 locutus
747 2567 790 2616 cst
806 2562 835 2615 in
860 2577 948 2616 manu
1000 2561 1190 2632 digitornma
1217 2563 1287 2617 laeva
1311 2564 1413 2618 transit
1441 2564 1657 2620 indexteram:
1684 2582 1718 2621 ea
1736 2567 1846 2638 quaein

100 2653 335 2719 seruisuiEliee;
356 2650 777 2707 attestilicatosestllominus
803 2648 834 2703 in
861 2649 947 2704 lsrael
1000 2649 1098 2704 dextra
1111 2649 1214 2704 indicis
1230 2650 1268 2720 (id
1284 2655 1327 2705 est
1341 2651 1399 2705 vita
1413 2651 1530 2723 aeterna)
1545 2656 1613 2706 sunt
1627 2653 1746 2724 gandia,
1775 2653 1844 2709 desi·

99 2743 174 2798 etin
195 2742 268 2797 luda
286 2756 455 2813 permanus
475 2740 606 2794 omnium
633 2738 862 2810 prophetarum:
879 2737 947 2809 quia
1000 2744 1078 2810 gnat.
1109 2739 1259 2794 Talentum
1288 2745 1383 2794 autem
1406 2740 1527 2811 triplicis
1548 2756 1694 2796 mensurae
1716 2742 1844 2798 traditur.

98 2831 206 2887 scilicet
217 2830 365 2901 prophatae
374 2845 433 2883 non
444 2828 692 2899 minusoperando
701 2843 788 2899 qnam
800 2826 946 2898 loquendo
1000 2827 1161 2891 Minimum,
1173 2828 1310 2882 librarum
1325 2829 1536 2899 qninquaginta
1551 2829 1692 2898 medium,
1708 2831 1843 2887 librarum

100 2936 165 2991 quae
181 2919 231 2974 Dei
246 2923 322 2984 sunt,
340 2917 544 2989 praedicabant.
572 2926 577 2933 '
965 2924 986 2979 c
1000 2916 1148 2987 sexaginta
1161 2916 1218 2970 duo
1233 2932 1388 2985 summum,
1406 2916 1543 2971 librarum
1559 2921 1673 2973 centurn
1694 2923 1723 2973 et
1735 2919 1844 2991 viginti.

134 3008 262 3063 Christus
279 3008 371 3077 legem
392 3005 423 3059 in
438 3021 526 3060 manu
552 3004 672 3059 habuit:
689 3003 758 3076 quia
779 3018 947 3076 eamquon-
1003 3005 1091 3061 Corus
1113 3004 1232 3074 triginta
1256 3005 1364 3060 modii:
1393 3005 1484 3074 batos,
1509 3006 1613 3078 quiet
1642 3006 1711 3078 ephi
1739 3007 1846 3063 decima

99 3098 164 3152 dam
180 3113 233 3167 per
250 3095 364 3166 Moysen
375 3098 462 3165 prout
473 3091 573 3161 uoluit,
592 3091 707 3157 statuit;
724 3095 752 3145 et
772 3107 849 3146 nunc
868 3107 946 3146 eam·
1001 3109 1068 3166 pars
1082 3093 1152 3163 cori,
1168 3092 1197 3147 id
1213 3100 1255 3148 est
1267 3098 1325 3148 tras
1336 3093 1436 3148 modii.

99 3186 230 3256 damper
243 3183 430 3254 semetipsum
445 3180 603 3236 immutans
616 3180 653 3236 ad
672 3179 844 3250 perfectiora
857 3185 948 3236 trans
1038 3183 1117 3236 l'nas.
1145 3183 1189 3235 ⁶22.
1209 3181 1307 3237 -Sol
1325 3197 1397 3237 uero.
1424 3181 1511 3252 (Bana
1534 3183 1583 3238 ubi
1605 3183 1715 3256 supro.)
1744 3184 1845 3240 Salsa·

99 3273 175 3330 tulit.
1001 3271 1142 3344 pientiam
1157 3270 1297 3341 significat
1322 3275 1387 3340 etc,
1410 3286 1496 3341 usque
1523 3271 1561 3326 od
1584 3271 1654 3328 dum
1680 3288 1734 3344 per
1749 3272 1845 3328 adver·

135 3363 214 3416 Vnus.
235 3364 277 3415 li.
291 3390 327 3399 -
340 3359 381 3413 Et
395 3362 425 3412 ut
439 3361 524 3425 seros.
540 3357 669 3412 Notanda
684 3356 756 3413 fides
779 3361 808 3412 et
833 3357 947 3429 sapien·
1002 3361 1092 3415 sarius
1105 3363 1279 3430 expugnant.

98 3449 141 3504 tia
153 3448 231 3520 regis
244 3453 273 3503 ot
294 3446 509 3502 consiliatorum
525 3446 586 3516 ejus
613 3444 757 3516 quidone
781 3461 832 3499 sua
855 3444 948 3515 magis
1037 3449 1173 3504 Vaas‘ih.
1189 3448 1319 3504 -Vobia
1344 3463 1458 3518 quoquc.
1487 3449 1546 3503 Hoc
1572 3447 1726 3520 privilegio
1755 3453 1845 3505 osten·

99 3537 249 3609 perillum
276 3536 327 3608 qui
350 3536 443 3605 legam
466 3533 517 3588 Dei
540 3534 572 3587 in
591 3548 680 3588 manu
701 3532 833 3599 habebat,
860 3532 949 3587 idest
1002 3538 1089 3604 ditur,
1106 3536 1391 3609 quodcaeteraplebs
1410 3536 1536 3593 illiorum
1555 3537 1641 3592 lsrael
1665 3537 1701 3592 ad
1728 3539 1846 3610 patriam

99 3642 185 3698 opere
199 3623 369 3695 complebat,
384 3621 826 3678 offerendaesseintellexernnt.
1001 3626 1172 3700 perveniens
1203 3625 1312 3681 tributa
1340 3625 1417 3696 regis
1445 3625 1598 3698 pendebat,
1620 3626 1698 3698 quod
1727 3627 1847 3682 discreta
1874 3626 1877 3631 ’

136 3716 223 3785 Cujus
237 3716 267 3768 iu
280 3713 447 3769 Jerusalem.
464 3713 562 3781 (Beni,
577 3711 744 3780 ubisupm.)
775 3709 908 3764 l‘ideliter
921 3715 947 3764 el
1002 3714 1165 3786 provisione
1179 3729 1227 3768 rex
1244 3713 1344 3768 iecisse
1354 3712 1538 3783 cognoscitur
1552 3716 1584 3766 ut
1597 3712 1648 3783 qni
1673 3711 1774 3768 divino
1796 3727 1847 3768 ser

100 3804 180 3859 docte
203 3817 272 3857 enm
297 3801 327 3856 iu
357 3799 514 3855 Jerusalem
540 3799 646 3854 hahere
666 3798 883 3853 tabernaculum
907 3798 947 3853 di·
1001 3803 1070 3857 vitio
1083 3805 1252 3873 supererant
1266 3800 1436 3871 occupatis
1460 3799 1663 3855 suciamolatu
1692 3804 1790 3856 essent
1814 3799 1846 3855 li·

100 3893 147 3958 cit,
159 3896 224 3958 etc,
240 3905 324 3960 usquc
339 3889 376 3945 od
388 3895 417 3943 et
429 3888 464 3943 de
479 3888 530 3944 illo
544 3890 669 3944 loannes
684 3887 741 3955 ait;
758 3888 818 3956 lpse
829 3892 869 3942 est
880 3902 946 3956 pro·
1001 3892 1074 3957 heri,
1102 3896 1131 3946 et
1154 3889 1205 3960 qni
1226 3888 1257 3943 in
1282 3893 1359 3943 terra
1382 3888 1456 3943 nihil
1479 3888 1628 3960 proprium
1651 3888 1845 3961 possidebant,

97 3984 209 4053 pittatio
217 3995 266 4047 nro
278 3981 397 4051 peccatis
408 3980 509 4034 uostris
519 3976 545 4045 ll
555 3979 631 4032 «loun
651 3976 692 4047 11)·
1001 3982 1050 4038 sed
1065 3997 1100 4036 ex
1114 3979 1232 4035 decimis
1243 3979 1342 4051 populi
1367 3978 1512 4042 virebant,
1524 3994 1609 4033 nemo
1624 3993 1660 4033 ax
1688 3978 1731 4034 eis
1759 3979 1846 4034 trihu·

136 4072 220 4126 Vens.
240 4072 282 4125 lo.
311 4098 346 4110 -
369 4071 404 4124 El
426 4083 502 4122 omae
526 4070 679 4135 cruentum·
699 4064 804 4119 Dahae
824 4063 947 4135 pecunia
1001 4076 1064 4125 tum
1079 4069 1217 4140 exigeret.
1235 4069 1283 4123 llis
1299 4066 1433 4123 omnibns
1448 4066 1597 4137 probatur,
1623 4082 1682 4122 non
1698 4067 1845 4123 solumdi·

100 4160 198 4215 fideles
212 4160 242 4213 in
268 4156 390 4213 Ecclesia
407 4156 549 4210 sunbona
573 4170 662 4224 opera
677 4153 785 4207 clarere
806 4152 944 4224 cupiunt:
1002 4157 1113 4223 texisse,
1129 4157 1179 4210 sed
1194 4155 1280 4209 etiam
1296 4156 1403 4226 optime
1417 4155 1549 4211 didicisse
1575 4171 1641 4227 quae
1663 4155 1770 4212 divinae
1790 4171 1846 4212 ser·

100 4253 134 4303 ut
155 4262 208 4319 per
235 4247 290 4302 hoc
308 4250 420 4318 patrem
436 4260 502 4298 cum
518 4243 622 4297 sanctis
632 4242 775 4297 habeant:
788 4245 817 4295 et
840 4240 888 4295 alii
903 4241 947 4311 ip·
963 4258 984 4312 p
1004 4247 1102 4302 vitulis
1116 4250 1247 4316 posceret
1261 4245 1365 4299 cultus.

101 4352 198 4391 sorum
214 4334 338 4405 exempli
354 4332 515 4404 proficiant.
530 4332 601 4386 Nam
628 4329 711 4402 quasi
732 4330 768 4384 de
783 4334 902 4401 argento
922 4334 950 4384 et
1037 4337 1118 4391 Vens.
1144 4336 1187 4389 25.
1217 4364 1252 4374 -
1286 4336 1326 4388 Tu
1350 4338 1442 4389 cutem
1457 4334 1630 4405 (Ernibid.)
1656 4334 1776 4407 Repetit
1801 4351 1848 4391 rex

101 4440 171 4478 auro
187 4428 286 4479 nostro
301 4420 449 4488 sacrificia,
471 4420 619 4486 libamina,
647 4423 676 4473 ct
698 4418 799 4474 hostiae
824 4418 859 4472 ad
883 4417 950 4471 olle-
1003 4438 1169 4493 ouaesupra
1193 4421 1313 4486 dixerat,
1334 4425 1400 4491 etc,
1415 4421 1552 4491 usquead
1577 4422 1682 4494 quibus
1706 4440 1784 4496 slepe
1806 4439 1848 4479 re·

20 4551 23 4555 -
102 4513 225 4568 rendum
247 4511 369 4567 Domino
395 4513 617 4580 comparantur:
646 4523 713 4561 cum
747 4506 806 4563 aisa
828 4522 949 4578 operum
1003 4527 1054 4582 ges
1068 4517 1096 4565 et
1110 4510 1255 4581 principos
1268 4510 1376 4564 litteras
1390 4526 1444 4581 pro
1460 4516 1535 4566 statu
1553 4510 1685 4567 fidelium
1699 4513 1849 4569 miserunt.

102 4606 269 4656 nostrorum
279 4598 406 4655 claritate
421 4597 543 4670 proximi
556 4599 763 4651 convertuntur
772 4593 808 4650 ad
823 4594 949 4649 cilicium
1039 4600 1118 4655 Vnus.
1134 4602 1178 4654 28,
1195 4629 1230 4639 -
1256 4599 1297 4653 Et
1322 4614 1370 4667 eoo
1393 4601 1570 4667 confortatus.
1601 4600 1647 4655 Sic
1668 4601 1792 4674 quisque
1818 4601 1851 4657 ad

102 4689 233 4761 pietatis:
262 4704 319 4760 qno
347 4691 374 4742 et
403 4686 459 4758 ipsi
483 4684 693 4740 benevivendo
709 4684 831 4738 Domino
849 4699 949 4737 conse·
1003 4688 1075 4743 alios
1085 4686 1300 4759 congregandos
1320 4686 1440 4742 idonens
1462 4703 1515 4759 per
1536 4687 1697 4744 doctrinam
1713 4706 1797 4746 snam
1810 4689 1852 4745 ei·

45 4780 47 4785 '
103 4783 239 4846 crantur;
255 4774 574 4846 suntantemqnaedam
590 4778 755 4828 sanctornm
783 4772 949 4826 clarissimae
1003 4777 1099 4831 licitur
1114 4792 1120 4830 :
1137 4775 1300 4847 ebriusper
1318 4776 1439 4847 gratiam
1464 4777 1514 4831 liei
1539 4783 1641 4834 contra
1666 4779 1768 4835 omnia
1792 4795 1854 4852 quae

103 4866 240 4921 virtutes:
257 4880 323 4936 quae
337 4880 395 4919 non
412 4862 545 4918 omnibus
561 4860 592 4916 in
607 4860 738 4930 exempla
761 4859 856 4930 operis
883 4876 950 4931 pos·
1004 4869 1167 4922 sanctorum
1183 4864 1440 4937 opusimpediunt,
1457 4870 1552 4921 mente
1567 4867 1734 4926 roboratur.

104 4960 171 5009 sunt
193 4953 321 5009 ostendit
341 4950 392 5007 scd
406 4955 519 5006 tantum
533 4949 568 5004 ad
583 4946 800 5020 glorificandam
817 4945 867 5001 lici
882 4961 951 5017 gra-
1328 4996 1444 5053 CAPUT
1458 4998 1522 5054 vm

103 5043 172 5099 tiam
187 5041 311 5110 recitari,
336 5046 423 5096 otest
438 5038 509 5095 illud
538 5037 615 5109 huod
640 5036 739 5091 banici
765 5041 794 5090 ct
813 5034 952 5090 ieremias
1525 5039 1532 5053 ·

104 5127 458 5205 pueriprophetarerunl:
475 5127 551 5200 quod
570 5125 834 5181 loannesnondnm
850 5128 949 5178 natus:
1040 5123 1120 5177 Vens.
1139 5124 1164 5177 l.
1184 5151 1219 5161 -
1240 5122 1278 5177 Hs·
1300 5125 1364 5177 suut
1386 5136 1449 5190 erpo
1472 5124 1610 5193 principes
1629 5126 1684 5179 etc.
1711 5123 1807 5193 (Bane,
1827 5125 1856 5178 ia

105 5221 184 5293 quod
198 5220 347 5276 Cornelius
361 5233 427 5273 cum
444 5217 529 5272 domo
556 5231 608 5270 sua
635 5214 765 5269 nondum
792 5211 952 5283 baptizatus
1005 5210 1147 5282 Esdram.)
1173 5209 1330 5280 Diligenter
1353 5208 1499 5281 principes
1520 5209 1571 5281 qui
1589 5225 1688 5265 secum
1716 5210 1752 5266 de
1768 5213 1855 5283 Baby·

105 5309 245 5380 Spiritum
272 5313 403 5363 sanctum
430 5304 550 5375 accepit,
574 5309 604 5359 et
627 5303 782 5358 innumera
815 5300 954 5356 miracola
1006 5300 1072 5354 lone
1100 5297 1301 5365 ascenderunt,
1326 5301 1485 5363 enumerat,
1504 5303 1569 5364 etc,
1584 5313 1670 5368 usum
1692 5298 1777 5355 adid
1805 5304 1855 5364 est,

105 5398 196 5453 instar
210 5397 322 5468 argenti
346 5396 378 5450 in
392 5396 479 5451 domo
499 5392 623 5447 Domini.
645 5393 702 5447 Nec
722 5394 834 5445 tantum
850 5406 885 5444 ex
900 5389 953 5444 hoc
1006 5404 1039 5442 er
1052 5403 1153 5443 eorum
1168 5386 1225 5441 rita
1240 5402 1312 5457 quos
1330 5385 1462 5448 docuisti,
1479 5386 1631 5457 gloriosior
1645 5386 1703 5442 eris
1720 5387 1753 5442 in
1767 5403 1855 5458 regno

32 5522 39 5536 ·
104 5490 225 5559 argento
239 5486 284 5540 vel
298 5500 369 5539 auro
384 5483 543 5538 oblationes
557 5497 621 5553 qun
635 5495 723 5552 super
737 5480 825 5535 altare
838 5493 952 5550 ponnn-
1008 5477 1070 5531 llei.
