3892 6106
100 262 149 316 971
396 232 606 313 'wltlrulul
626 255 749 311 stultit
769 255 870 311 FUll).
894 253 979 312 ΜΘΝ.
1001 253 1081 311 ΟΡΡ.
1104 253 1191 310 Plus
1210 254 1235 310 1.
1259 282 1293 293 -
1312 251 1546 312 incolomes.
1585 250 1598 267 '
1804 254 1855 310 en

137 384 218 439 Vens.
246 384 290 439 38.
306 412 339 422 -
363 383 424 452 lpee
437 384 526 435 antem
540 383 579 434 est
592 380 744 433 misericors
758 382 784 433 et
806 380 979 449 propitiosa
999 381 1090 432 statur
1119 377 1181 449 ipse
1215 380 1348 432 vastator.
1379 378 1492 432 Preion.
1521 375 1628 432 Vitium
1650 391 1711 450 quo
1736 375 1857 432 charitas

101 474 158 542 liet.
183 472 277 543 (Auo.)
302 469 351 525 llic
379 468 448 523 mali
459 466 663 538 impunitatem
684 465 738 521 sibi
765 467 948 538 promittunt,
1004 464 1128 538 proximi
1155 464 1285 519 stultitia
1311 464 1439 520 tenebris
1466 463 1550 537 quasi
1579 470 1723 522 nocturno
1753 464 1856 537 {rmore

102 561 151 615 sed
178 558 372 615 misericordia
395 563 438 611 est
461 557 548 612 etiam
562 555 656 625 malis,
677 570 776 609 verum
791 560 857 610 anta
869 554 950 626 jodi-
1004 553 1187 626 congelascit.

62 634 68 640 ’
102 647 188 712 cium,
209 643 358 717 quiefacit
381 644 471 698 solem
488 642 658 713 oririsuper
685 642 775 697 bonos
803 643 948 697 etmalos.
1041 644 1120 697 Vens.
1136 643 1181 697 48.
1200 672 1235 681 -
1263 643 1347 709 lonis.
1370 640 1424 706 Qui
1446 657 1505 697 nou
1528 642 1559 697 in
1589 641 1687 698 Exodo
1713 640 1771 696 uisi
1790 657 1853 697 cum

101 734 146 790 Sic
162 740 191 789 et
205 733 247 788 illi
261 732 340 803 genti
355 732 505 803 perpercit,
522 747 558 785 ne
583 730 700 802 penitus
717 730 884 797 eradicaret,
900 730 949 785 sed
1004 730 1145 803 grandine
1155 730 1186 785 in
1196 730 1370 802 fulguribus,
1386 729 1536 785 utfruotus
1549 730 1682 799 lederet,
1693 730 1852 803 accipitur:

101 825 198 875 manet
221 820 252 875 in
266 820 445 874 successione
461 823 655 892 posterorum,
676 818 750 873 sicut
776 817 844 874 Cain
866 818 948 891 siguo
1003 819 1054 892 qui
1070 827 1233 875 tamennon
1250 818 1355 890 legitur
1369 818 1562 890 possessiones
1576 818 1755 886 incendisse,
1769 819 1855 891 signi·

102 913 230 980 accepto,
246 925 282 963 ne
306 909 370 980 quis
387 924 453 964 eum
473 907 622 963 occideret.
643 909 762 962 Peccatis
777 922 878 973 eornm,
893 910 946 962 etc.
1002 907 1068 962 licat
1082 907 1293 962 immanitatem
1307 905 1473 972 iracundie,
1492 922 1549 978 qua
1564 910 1592 962 et
1605 905 1802 962 homicidium
1813 905 1852 960 lit

100 996 192 1070 (Auo.)
207 997 322 1068 Populi,
337 997 388 1068 qui
409 997 486 1051 idem
504 1000 546 1051 est
563 996 593 1050 in
608 995 783 1050 successione
800 994 947 1062 tiliorum;
1004 998 1091 1051 llorte
1104 1011 1253 1067 pecorum,
1285 995 1430 1066 pudicitiae
1447 995 1586 1050 damnum
1610 995 1758 1067 signatur.
1783 995 1853 1051 Con·

100 1091 134 1141 ut
149 1091 254 1158 etpost
281 1086 393 1140 abstulit
416 1101 458 1140 eos
473 1085 506 1139 de
520 1085 659 1155 Eugeia,
680 1088 705 1138 et
719 1083 831 1138 inducit
847 1098 889 1138 eos
918 1085 949 1137 in
1003 1084 1188 1156 cupiscentia,
1215 1099 1272 1155 qua
1295 1083 1379 1138 foetus
1400 1081 1501 1152 oritur,
1523 1084 1690 1139 communis
1706 1090 1753 1138 est
1774 1083 1854 1138 nobis

100 1179 215 1230 montem
229 1175 452 1243 sanctificationis
469 1174 543 1244 (Gen.
573 1171 622 1242 rr),
637 1187 703 1226 cum
719 1186 778 1226 non
809 1187 869 1241 eos,
894 1169 949 1225 nisi
1003 1190 1068 1229 cum
1083 1159 1609 1246 pecoribuszhanchaberedomitam
1625 1176 1656 1228 et
1679 1172 1852 1239 ordinatam,

100 1263 131 1317 in
144 1262 332 1317 successione.
343 1261 389 1317 Sic
409 1267 438 1315 et
460 1261 505 1315 hic
517 1276 583 1316 cum
598 1259 702 1315 dicitur
717 1276 724 1315 :
746 1261 885 1330 propitius
903 1261 949 1328 fiet
1003 1261 1149 1333 pudicitiae
1164 1261 1253 1316 virtus
1267 1264 1320 1315 est.
1347 1262 1419 1316 llere
1431 1258 1648 1331 primitivorum.
1663 1259 1793 1316 Amissis
1815 1266 1853 1316 est

97 1356 217 1424 peccatis
242 1368 344 1422 eornm,
372 1351 561 1422 intelligimus
602 1349 688 1404 etiarn
716 1348 866 1421 impletum
888 1363 949 1402 esse
1000 1350 1121 1422 justitie
1142 1366 1200 1421 qua
1227 1344 1349 1422 quisque
1370 1350 1499 1405 humano
1529 1349 1632 1422 generi
1661 1348 1782 1405 socialis
1804 1355 1850 1405 est.

99 1443 176 1515 quod
192 1441 297 1496 dicitur
310 1440 345 1495 ab
361 1438 516 1511 Apostolo:
543 1439 673 1507 Reliqnia
685 1437 767 1492 salon
786 1439 851 1506 nent
861 1435 946 1507 (lton
1003 1441 1107 1495 Decem
1129 1437 1222 1511 plagis
1243 1437 1371 1510 percussi
1395 1442 1462 1492 sunt
1484 1437 1611 1508 AEgyptii
1634 1441 1742 1493 contra
1760 1437 1850 1493 decern

98 1533 149 1603 rr),
166 1547 231 1603 ques
252 1529 413 1585 credentia
440 1527 596 1592 Christum,
627 1525 706 1598 qu'od
730 1525 776 1580 hic
804 1524 946 1595 praeridit,
1002 1531 1147 1601 praecepta
1172 1526 1277 1598 scripta
1305 1526 1333 1581 in
1363 1526 1475 1582 tabulis
1506 1527 1539 1581 Et
1561 1525 1609 1581 hic
1629 1525 1736 1582 decem
1754 1527 1849 1599 plegae,

98 1636 164 1674 cum
179 1618 292 1674 subdit:
313 1620 349 1672 Et
372 1633 425 1670 non
451 1616 580 1683 dispersit
603 1629 655 1669 eos.
687 1616 723 1670 Et
745 1613 897 1668 abundauit
916 1618 948 1668 ut
1003 1618 1068 1673 licet
1083 1633 1140 1671 non
1155 1616 1185 1671 iu
1200 1631 1233 1672 eo
1257 1615 1586 1685 ordineponautur,sed
1601 1631 1657 1687 pro
1676 1614 1850 1687 tribusque

98 1711 239 1773 auerteret,
256 1711 323 1773 etc,
343 1705 431 1776 quia:
448 1705 506 1760 Non
530 1703 718 1757 omrtemirom
740 1702 945 1770 arundineto.
1000 1707 1031 1761 in
1052 1707 1159 1773 Exodo,
1185 1704 1282 1759 idest
1308 1704 1457 1776 cyniphes,
1485 1703 1593 1766 ulcera,
1632 1703 1768 1759 tenebre
1791 1720 1848 1776 qua

98 1795 128 1850 ld
142 1800 194 1863 est,
222 1810 281 1848 non
295 1792 409 1863 punivit
431 1808 479 1845 eos
495 1795 635 1861 quantum
659 1790 739 1863 digni
759 1792 946 1864 erantzquia
999 1794 1127 1849 nonhic.
1144 1792 1214 1847 Alire
1239 1797 1296 1847 tres
1318 1791 1456 1861 sunthic,
1480 1807 1545 1862 quse
1567 1807 1628 1845 non
1656 1791 1713 1854 ibi,
1742 1792 1846 1862 rubigo,

99 1888 128 1938 et
141 1883 213 1938 illud
226 1881 346 1948 remisit,
363 1880 438 1951 quod
456 1880 557 1934 Filium
574 1879 748 1934 occiderunt.
999 1882 1114 1954 pruina,
1133 1886 1161 1936 et
1175 1880 1259 1953 ignis.
1268 1881 1347 1936 Talia
1356 1882 1433 1935 enim
1446 1897 1499 1952 pro
1512 1895 1645 1950 congrua
1658 1879 1846 1952 intelligentie

134 1973 218 2025 Vnus.
235 1973 279 2026 39.
309 1999 339 2009 -
356 1969 477 2039 Spiritus
487 1968 588 2023 nuderis
610 1973 637 2023 et
656 1984 710 2023 non
730 1974 874 2037 revertens,
890 1974 943 2023 etc.
998 1972 1164 2043 trequentes
1178 1970 1334 2025 variantur.
1349 1970 1443 2038 Signo.
1469 1969 1573 2036 (Caes.)
1595 1968 1673 2024 Sunt
1697 1968 1779 2025 duris
1791 1985 1845 2024 cor·

99 2061 166 2116 ldeo
187 2075 240 2129 per
264 2058 387 2130 gratiam
406 2062 528 2122 revocat,
552 2056 689 2127 quiaper
713 2073 743 2110 se
772 2055 864 2111 redire
885 2071 945 2110 non
997 2061 1091 2128 dibus,
1121 2059 1204 2131 quasi
1228 2057 1399 2113 characteris
1429 2057 1571 2128 impressa
1598 2056 1737 2128 vestigia.
1759 2056 1844 2112 Prodi·

99 2155 219 2220 possunt
235 2164 241 2201 ε
256 2147 333 2202 unde
361 2146 392 2200 in
415 2144 574 2199 Proverbiis
593 2145 624 2200 in
638 2144 683 2200 ria
697 2144 857 2217 iniquitatis
872 2143 946 2200 dici·
997 2150 1054 2216 σία,
1076 2163 1141 2219 quoe
1169 2146 1321 2217 signabant
1347 2144 1445 2216 aliqua
1471 2145 1578 2200 tutare.
1606 2146 1726 2214 Thonis,
1747 2145 1842 2211 uvius,

97 2241 145 2291 tur
174 2253 181 2291 ι
208 2237 373 2304 Omnesque·
398 2234 539 2289 ambutant
564 2236 592 2289 in
611 2250 643 2289 ea
682 2249 735 2289 non
765 2239 943 2290 reuertentur.
998 2234 1109 2289 humile
1132 2233 1310 2298 mandatum,
1329 2233 1406 2304 quod
1430 2231 1478 2287 hic
1494 2230 1578 2286 nobis
1594 2231 1840 2299 necessarium,ut

97 2326 186 2396 (Pron.
214 2323 256 2393 n),
276 2323 381 2377 scilicet
406 2338 522 2393 perse,
552 2323 601 2377 sed
627 2323 813 2394 pergratiam
830 2338 944 2377 revoca·
997 2321 1028 2375 in
1044 2321 1307 2391 luturoerigumur.
1324 2322 1358 2375 at
1369 2319 1445 2375 dedit
1457 2321 1585 2389 ermini.
1605 2320 1675 2374 llaec
1701 2320 1734 2374 in
1759 2319 1838 2375 hodo

97 2414 213 2468 huntur.
241 2413 306 2466 llaec
332 2416 375 2466 est
407 2411 467 2464 ovis
482 2409 656 2477 errabunda,
672 2426 738 2483 quae
761 2411 890 2466 humeris
902 2412 944 2483 pii
997 2425 1057 2465 non
1070 2410 1215 2479 leguntur,
1234 2408 1355 2479 mystica
1380 2422 1449 2478 ergo
1468 2407 1715 2479 interpretatione
1742 2411 1840 2463 tantun

95 2501 219 2571 pastoris
230 2500 347 2555 reducta
358 2502 401 2554 est
411 2498 446 2553 ad
461 2514 588 2569 gregem.
997 2503 1189 2568 exponantur.
1205 2499 1331 2554 locuste.
1348 2497 1445 2570 (Auo.)
1458 2497 1493 2553 Se
1503 2497 1639 2553 iniricem
1655 2496 1841 2564 comedentes,

135 2591 214 2643 Vens.
243 2590 288 2645 40.
333 2616 367 2627 -
400 2589 516 2654 Quoties.
543 2585 643 2657 (Cass.)
675 2586 807 2641 Dicturus
843 2585 944 2658 plagas
997 2586 1139 2658 significat
1153 2588 1336 2654 detractores,
1353 2585 1404 2657 qui
1429 2586 1537 2640 alienos
1559 2585 1675 2654 fructus
1696 2586 1792 2642 invide
1809 2602 1844 2641 ro

94 2678 216 2749 AEgypti,
231 2682 413 2748 preptereos
427 2675 524 2742 factas,
542 2674 735 2746 comparando
751 2675 827 2730 mala
841 2691 943 2730 eorum
997 2677 1081 2732 dunt.
1110 2679 1198 2731 liores
1222 2690 1313 2730 eorum
1335 2677 1364 2729 in
1382 2677 1494 2745 pruina.
1518 2674 1614 2746 (Auo.)
1629 2674 1730 2729 llorus
1755 2675 1845 2731 calida

94 2766 242 2823 beneficiis
266 2765 326 2834 Dei,
351 2764 421 2820 dicit
444 2780 492 2819 eos
507 2763 620 2831 oblitos,
650 2768 816 2819 attentasse
839 2765 941 2818 lleum.
996 2770 1040 2820 est
1059 2769 1179 2831 natura,
1208 2780 1260 2836 per
1279 2762 1355 2835 quod
1382 2763 1504 2817 charitas
1530 2762 1717 2834 intelligitur,
1746 2764 1848 2835 quain

96 2853 188 2925 (Auo.)
208 2854 281 2919 Quia
297 2869 363 2909 caro
381 2853 425 2907 vel
446 2851 562 2923 spiritus
584 2851 700 2914 radens,
725 2852 837 2924 quoties
854 2849 943 2923 ergo?
996 2852 1102 2925 pruina
1135 2852 1273 2908 occiditur
1307 2851 1444 2909 (innomini
1466 2851 1530 2921 (ln.)
1544 2851 1613 2915 Quae
1642 2851 1760 2922 mando
1794 2867 1849 2907 neu

95 2943 177 3014 quasi
192 2943 339 2997 multoties
349 2940 587 2996 exacerbaverunt
602 2955 680 3019 eum.
959 2941 1091 3012 cpotuit
1116 2940 1230 2996 laedere.
1259 2939 1349 2994 idest
1372 2937 1480 3006 mollia,
1509 2942 1575 3009 post
1603 2937 1677 2992 dicit
1700 2937 1848 2993 Exodnsa
1883 2956 1885 2961 ·

130 3034 211 3087 Vens.
227 3033 272 3086 4l.
288 3058 324 3072 -
342 3030 512 3084 Eteonoersi
533 3032 606 3094 sunt,
637 3033 689 3082 etc.
712 3026 800 3099 (Auo.)
828 3025 942 3097 Repetit
995 3029 1111 3084 locuslis
1137 3014 1272 3084 comesta.
1287 3026 1423 3082 Tradidit.
1451 3025 1551 3098 (Cass.)
1577 3026 1672 3082 llorte
1694 3027 1847 3100 pecudum,

95 3137 196 3176 eorum
211 3118 423 3183 infidelitatem,
438 3121 469 3170 ut
485 3122 626 3171 memoret
639 3132 710 3187 quas
733 3116 832 3188 plagas
843 3115 941 3169 intulit
994 3119 1154 3174 stultorum
1173 3132 1289 3171 occasus
1304 3112 1472 3170 ostenditur.

95 3210 169 3264 Deus
183 3207 322 3279 AEygptiis
345 3210 462 3278 propter
487 3220 545 3270 eos,
566 3203 642 3259 unde
655 3203 794 3259 deberent
807 3218 867 3258 esse
882 3218 941 3257 non
1031 3205 1090 3278 (lo.)
1111 3208 1185 3276 lgni.
1209 3206 1299 3275 Ignis,
1314 3203 1463 3276 cupiditas,
1486 3216 1552 3274 quae
1580 3203 1810 3277 possessionem,
1822 3204 1847 3260 id

95 3297 214 3366 ingrati.
995 3299 1047 3362 ast,
1061 3300 1166 3349 statum
1183 3293 1286 3348 mentis
1301 3296 1403 3347 vastat.

130 3384 213 3438 Vens.
228 3383 273 3436 42.
291 3410 328 3423 -
350 3386 389 3438 De
415 3396 498 3436 monn
518 3380 711 3434 tribulationis.
746 3377 850 3451 (Cass.)
880 3379 941 3434 Tri·
1029 3385 1110 3440 Vsus.
1137 3384 1319 3439 1riu-lma
1343 3381 1553 3449 indignationis,
1567 3384 1621 3435 etc.
1641 3378 1748 3454 (Cass.)
1777 3382 1845 3439 Ordo

94 3470 202 3526 bulatio
227 3471 299 3525 solet
311 3485 372 3523 esse
391 3469 422 3523 iu
437 3467 586 3534 memoria,
613 3467 735 3522 sednon
750 3466 800 3521 eis.
820 3467 940 3522 Pulchre
995 3472 1148 3528 vindictae:
1165 3471 1244 3545 prius
1252 3470 1375 3543 peccatis
1395 3470 1470 3524 Deus
1487 3467 1632 3538 irascitur,
1654 3471 1778 3541 quando
1793 3486 1845 3526 non
1883 3522 1885 3527 ,

93 3559 216 3631 opponit
229 3574 347 3613 manum
373 3557 422 3612 uei
439 3556 537 3610 manui
563 3555 729 3622 Pharaonis,
746 3555 943 3611 dicenszMo·
994 3564 1238 3633 compunguntur,
1272 3559 1338 3614 inde
1367 3557 1506 3612 malitiam
1537 3556 1668 3612 hominis
1699 3575 1756 3614 sna
1781 3559 1845 3614 indi·

92 3663 143 3702 nus
156 3648 214 3717 ejus
235 3654 261 3704 et
277 3647 310 3701 de
333 3661 418 3701 mano
443 3645 531 3711 tribu,
547 3660 612 3717 qua
640 3643 764 3698 multum
791 3643 938 3699 dillerunt.
994 3650 1142 3722 gnatione,
1166 3650 1210 3704 ira
1232 3652 1261 3703 et
1273 3646 1458 3703 tribulatione
1471 3644 1660 3717 derelinquit,
1674 3650 1706 3702 ut
1728 3647 1840 3703 solsad-
1883 3630 1885 3643 Ι

93 3737 172 3807 (Auo.
187 3744 216 3791 et
229 3737 318 3805 uass.)
334 3733 541 3806 llyslicaliones
556 3733 591 3788 ab
604 3733 658 3787 hoe
671 3732 744 3787 loco.
994 3737 1174 3794 versitatibus
1202 3735 1379 3809 affligantur,
1406 3733 1456 3807 qui
1482 3735 1540 3790 neo
1568 3734 1841 3799 nonobediuntut

129 3826 209 3881 Vens.
232 3825 277 3891 44,
306 3826 350 3880 45.
379 3853 414 3864 —
442 3826 477 3878 Et
497 3824 637 3890 consentit,
666 3825 719 3876 etc.
744 3823 821 3877 llicit
842 3822 872 3876 in
898 3837 940 3877 eos
993 3825 1033 3881 ibi
1048 3826 1170 3881 dicitur:
1199 3827 1346 3894 Propterea
1369 3822 1487 3878 tradidit
1499 3823 1560 3878 illos
1579 3824 1608 3877 in
1622 3824 1776 3895 reprobunt
1787 3841 1841 3882 aaa·

92 3917 175 3983 eram,
200 3918 253 3971 etc·
282 3913 333 3967 nse
348 3910 450 3998 infinit
464 3925 610 3980 exponere
637 3909 737 3983 plagas
756 3901 946 3982 propnrru:
993 3910 1736 3987 nnrnom.1).rnuignnsouominsperunetau
1764 3913 1841 3971 umr-

92 4003 220 4057 docorum
235 3999 475 4056 liberationemin
497 4001 618 4071 AEgypto
641 3998 939 4069 lactas,etponitde-
994 4005 1060 4060 dam
1087 4002 1269 4076 superbiam
1296 4001 1349 4069 ira,
1377 4000 1413 4056 ad
1437 3999 1592 4056 nefandam
1606 4002 1839 4073 andaciamffi.

93 4107 154 4145 cem
170 4095 278 4169 plagas,
298 4090 371 4143 sicut
394 4089 437 4159 in,
450 4088 544 4142 Exodo
556 4087 663 4143 decern.
680 4089 830 4142 Ponuntur
845 4086 941 4159 aliqua
994 4092 1114 4159 hulatio,
1140 4092 1174 4147 ad
1188 4091 1336 4146 confusam
1351 4088 1584 4160 desperationem
1599 4108 1609 4144 ς
1635 4094 1709 4147 tunc
1723 4093 1839 4164 νομῇ..

93 4185 190 4234 lamen
205 4179 260 4245 hies
276 4194 341 4250 (1¹¹oe
358 4177 456 4231 11011111
470 4176 577 4242 Ρ31111111,
591 4193 656 4248 1111111
668 4192 728 4230 11011
744 4175 937 4246 interpretari,
996 4181 1095 4236 bolum
1111 4181 1147 4235 ad
1167 4178 1358 4234 immissiones
1371 4176 1720 4249 illicitaslpraeoipitantur
1748 4181 1838 4237 nudati

93 4267 147 4320 nisi
162 4267 283 4338 ligur-ate
305 4281 467 4338 possumus,
491 4263 540 4319 uhi
555 4269 657 4336 etqua
671 4265 745 4319 facta
758 4264 876 4319 luerunt
889 4281 939 4336 pa·
996 4270 1163 4325 defensione
1179 4268 1241 4324 Dei.
1259 4269 1313 4323 Per
1326 4267 1435 4336 angelos
1445 4266 1540 4321 mulce.
1557 4266 1654 4337 (Auo.)
1668 4268 1786 4326 iudicio
1798 4268 1837 4325 liei

93 4356 197 4411 rubolae
217 4354 360 4422 dicuntur,
384 4353 456 4408 sicut
470 4369 546 4424 saepe
564 4352 637 4408 solet
656 4362 715 4407 nou
733 4352 837 4408 seriem
856 4353 942 4408 histo·
996 4361 1057 4416 haec
1073 4360 1147 4416 facta
1171 4362 1247 4427 sunt,
1265 4362 1330 4424 otc„
1344 4372 1430 4427 usque
1442 4356 1480 4412 ad
1494 4372 1546 4429 per
1558 4358 1680 4429 angelos
1694 4376 1769 4434 ergo
1784 4375 1835 4416 ms·

94 4444 143 4499 riee
158 4444 260 4516 sequi:
277 4444 325 4499 sed
345 4442 401 4498 ulia
415 4442 529 4503 addere,
541 4442 586 4497 vel
609 4442 743 4515 quaedam
763 4447 874 4496 mutare
887 4458 939 4513 pro
993 4450 1036 4505 los
1059 4449 1143 4522 punit
1167 4449 1242 4504 Deus
1256 4447 1344 4502 bonos
1359 4450 1388 4501 et
1411 4446 1500 4502 malos
1523 4446 1668 4517 homines,
1684 4449 1740 4505 sed
1760 4450 1835 4506 bonne

93 4534 310 4607 significatione.
331 4534 414 4602 Aqua
431 4549 500 4603 ergo
512 4535 542 4587 in
555 4535 724 4601 sanquinem,
749 4532 890 4604 significat
904 4533 938 4588 de
993 4543 1106 4594 tantum
1132 4536 1328 4609 corporalibus
1353 4534 1456 4606 poenis,
1473 4535 1562 4589 malos
1581 4539 1685 4592 autem
1712 4553 1834 4611 corpora·

93 4638 190 4676 rerum
227 4621 320 4678 causis
349 4619 501 4675 carnaliter
527 4618 642 4673 sentire.
662 4619 806 4688 Gynomio.
837 4617 939 4674 Canini
993 4627 1068 4682 libus
1080 4631 1108 4681 et
1123 4625 1319 4697 spiritualibus
1332 4623 1435 4695 poenis.

92 4726 187 4765 mores
200 4714 274 4765 suut.
287 4712 374 4765 Rana.
387 4709 502 4779 loquax
517 4706 636 4761 vanitas.
1027 4715 1108 4770 Vens.
1135 4717 1179 4770 50.
1202 4744 1237 4754 -
1266 4716 1318 4769 Ira
1342 4727 1407 4768 sna.
1447 4709 1538 4783 (Aac.)
1567 4711 1636 4768 Erat
1664 4715 1774 4771 amite
1793 4714 1833 4770 ire

127 4799 267 4865 Venslb,
287 4798 332 4851 47.
349 4825 383 4836 -
403 4797 513 4863 AEruno·
536 4793 626 4858 01111111
642 4793 691 4848 alii
704 4793 869 4864 rubiginem
892 4793 938 4848 in·
992 4803 1053 4870 llei,
1073 4819 1131 4875 qua
1152 4803 1263 4858 occulta
1303 4800 1440 4872 aequitate
1460 4799 1577 4871 puniret
1608 4802 1775 4875 AEgyptlos;
1796 4801 1832 4857 cni

91 4889 296 4956 terpretantur,
321 4888 405 4938 nocet
430 4883 548 4948 occulte,
574 4897 638 4952 quae
665 4887 849 4952 comparatur
869 4881 938 4936 vitio
991 4893 1067 4947 Deus
1090 4891 1156 4946 feeit
1181 4891 1266 4957 viam,
1283 4893 1316 4944 ut
1333 4905 1380 4944 eos
1395 4888 1475 4960 quasi
1490 4903 1523 4943 ex
1550 4887 1657 4945 abditis
1671 4893 1832 4964 produceret

91 4973 439 5046 quoddillicileapparet,
465 4973 498 5026 ut
524 4975 566 5025 est
593 4970 717 5024 multum
742 4970 830 5025 fidere
846 4970 934 5025 dese.
990 4997 1042 5053 per
1054 4981 1171 5052 angelos
1195 4979 1286 5034 malos
1310 4976 1465 5049 inaperta
1483 4976 1602 5044 scelera,
1628 4983 1658 5033 et
1689 4980 1831 5053 sioeperte

90 5065 168 5118 Aura
181 5063 258 5118 euim
278 5062 361 5116 noxia
374 5062 428 5116 hoc
442 5061 472 5115 in
487 5059 626 5115 fructibus
637 5063 774 5131 operatur
788 5059 912 5113 latenter
927 5075 934 5113 :
990 5069 1116 5142 puniret,

91 5152 131 5207 sic
143 5151 175 5207 in
196 5151 323 5206 moribus
349 5149 461 5205 occulta
485 5148 627 5221 superbia,
649 5163 715 5202 cum
733 5150 816 5218 putat
836 5163 866 5201 se
880 5147 936 5202 ali·
1028 5159 1109 5212 vens,
1135 5160 1179 5213 51,
1206 5186 1241 5197 -
1269 5156 1481 5223 Psimopem'tnm
1522 5154 1553 5208 in
1589 5154 1726 5226 Egypto.
1749 5154 1828 5230 (Aba.)

91 5239 161 5311 quid
176 5238 384 5312 essequinihil
399 5241 451 5293 est.
475 5239 600 5293 Locusta.
617 5237 723 5294 llalitia
750 5248 799 5291 ore
814 5236 933 5305 laedens,
991 5245 1185 5317 primogenita
1204 5248 1272 5299 sunt
1289 5259 1403 5298 summa
1428 5241 1571 5311 mandate,
1589 5248 1647 5298 ut:
1665 5245 1775 5318 Diliges
1790 5245 1828 5300 be
1883 5276 1885 5281 -

91 5328 200 5384 infideli
215 5329 321 5384 scilicet
334 5326 510 5384 testimonio.
990 5333 1103 5390 minum
1131 5335 1221 5389 lleum
1239 5348 1273 5387 er
1294 5337 1361 5388 'toto
1386 5330 1488 5399 corde;
1505 5330 1613 5403 quibus
1637 5348 1699 5391 uon
1728 5333 1828 5392 senus

126 5426 247 5482 (ἶναιιάο.
300 5427 347 5481 Est
402 5425 538 5496 iniquitas
576 5441 621 5480 res
658 5425 751 5480 aliena
784 5422 935 5492 auferens3
990 5424 1127 5479 orbamur
1139 5423 1219 5494 prole
1232 5420 1364 5476 rationis.

90 5512 168 5569 uude
185 5514 270 5578 furta,
284 5515 402 5587 rapine,
416 5514 530 5586 praedae.
548 5513 614 5567 Plus
627 5518 723 5568 autem
740 5512 808 5568 vitio
818 5527 870 5567 suo
884 5528 933 5567 ra·
1024 5513 1104 5569 Vens.
1121 5514 1164 5567 52.
1188 5541 1222 5551 -
1246 5513 1281 5566 Et
1298 5510 1570 5566 acsuttcnnrrooes
1593 5513 1733 5582 popum
1752 5520 1822 5574 m,
