3892 6106
161 224 213 280 sat
467 225 664 283 walterum
683 228 807 284 staca}
826 229 926 285 FULD.
950 230 1030 288 ΜΟΝ.
1050 230 1126 288 ΟΡΡ.
1147 230 1234 289 PARS
1253 231 1274 287 l.
1294 261 1328 271 -
1347 230 1574 288 adsumeret.
1855 194 1925 291 396·

160 347 243 414 iacta,
264 350 331 414 etc,
344 361 429 420 usquc
442 347 481 402 ad
495 346 524 402 in
540 347 617 402 Novo
631 348 813 403 Testamenta
828 347 1006 404 manifestius
1024 351 1136 408 danim
1157 357 1188 407 ut
1206 352 1327 424 praelati,
1355 352 1472 420 subditi,
1499 357 1529 408 et
1550 353 1723 425 paenitentes
1745 356 1845 412 omnia
1864 374 1909 413 se·

160 435 243 491 datus
260 440 313 491 est.
1059 441 1184 496 cundum
1206 440 1336 496 Ecclesiae
1360 442 1518 497 doctrinam
1541 442 1655 510 iaciant,
1678 448 1820 514 qnatenus
1834 445 1910 501 obla·

194 526 275 580 Vens.
296 527 340 580 80.
366 554 401 565 -
425 525 621 580 llorturlotum.
644 523 736 596 (Rae.)
762 524 817 580 Cor
846 526 1003 581 electorum
1058 528 1098 590 tio
1124 546 1224 584 eoram
1254 531 1341 585 ritrsm
1356 535 1385 585 et
1407 530 1537 585 ordinem
1554 535 1648 585 toneat
1668 532 1866 604 pacificorum,
1879 540 1911 591 ut

159 612 409 684 divinasapientia
426 613 555 684 plenum,
584 613 737 668 continens
756 619 885 669 aromata
910 614 1003 670 rutu-
1059 616 1110 672 Dei
1125 617 1248 688 qratiam
1264 624 1449 685 mereantur„
1466 619 1685 675 nacoliensam.

158 707 231 771 tum,
259 701 335 758 unde
364 701 489 756 dicitur:
527 702 597 768 Ouia
622 700 810 758 multitudinis
838 702 1004 760 medentium
1092 705 1173 762 Vens.
1185 709 1229 763 89.
1246 708 1422 778 -Cumque,
1435 713 1489 763 etc.
1507 708 1613 780 (Gara,
1633 708 1682 762 lib.
1704 725 1790 765 rrxru
1808 711 1908 767 llorut.

157 794 215 843 erat
233 803 279 844 cor
289 804 373 844 uuum
387 793 412 842 et
423 790 516 842 areima
529 803 586 843 unu
600 788 671 859 (Aac
688 790 736 859 ιι).
1057 809 1119 864 cap.
1140 796 1185 851 ll.
1200 800 1269 850 lom.
1289 796 1337 863 ll.)
1354 795 1428 860 Quid
1447 797 1579 868 estquod
1597 797 1717 868 lloyses,
1738 802 1805 867 ιιι,
1824 814 1910 869 usque

191 876 240 931 Ec
261 876 350 931 decern
372 877 446 932 siclis
470 880 524 931 etc.
550 875 613 948 (lo.)
650 875 723 942 Quia
745 893 811 933 cum
835 876 1003 950 impletione
1056 882 1094 936 ud
1103 888 1132 937 et
1144 884 1290 955 quomodo
1302 885 1424 957 benigne
1438 884 1631 942 descenditad
1654 885 1766 955 intima,
1777 890 1908 945 valenter

155 965 254 1020 decem
277 963 479 1018 mandatorum
508 965 625 1019 odorem
651 965 788 1021 doctrine
811 970 839 1021 et
866 967 1003 1023 orationis
1056 972 1178 1027 recurrit
1187 973 1222 1028 ad
1238 988 1362 1028 summa.

155 1050 300 1118 emittant,
331 1056 364 1106 ut
386 1050 537 1106 denarium
563 1057 678 1108 aeterna
702 1052 768 1108 vitre
792 1053 919 1126 accipere
941 1071 1001 1111 me·
1091 1062 1129 1115 lte
1151 1063 1353 1131 propitiatorio.
1377 1060 1449 1128 Oraia
1463 1078 1515 1134 per
1529 1061 1652 1134 gratiam
1673 1061 1780 1121 divine
1805 1065 1902 1139 propi·

154 1143 282 1194 reantur.
1054 1147 1182 1203 tintinnis
1204 1154 1270 1220 post
1300 1150 1414 1220 culpam
1432 1150 1675 1222 praevaricationis
1696 1153 1809 1224 aperuit
1823 1154 1902 1209 nobis

189 1227 271 1284 Vens.
287 1230 332 1284 tl.
347 1258 382 1270 -
400 1230 497 1285 docem
518 1228 551 1284 dc
573 1234 704 1297 armento,
731 1235 785 1287 etc.
801 1230 861 1301 (lo.)
877 1231 943 1286 llaec
957 1229 1000 1287 di·
1055 1235 1130 1292 Deus
1143 1236 1219 1293 viam
1238 1236 1376 1293 veritatis.

154 1333 248 1372 versas
266 1303 412 1388 personas,
432 1322 498 1387 etc,
512 1333 597 1387 usque
614 1318 651 1372 cd
666 1323 793 1374 nosuam
815 1319 902 1374 vitam
925 1336 1000 1374 sem·
1090 1327 1163 1381 luter
1181 1325 1248 1382 duos
1262 1327 1400 1382 cherubin.
1417 1325 1489 1393 Ouia
1503 1343 1555 1399 per
1576 1327 1736 1400 angelicam
1751 1328 1904 1402 visionem,

152 1420 205 1475 per
223 1405 253 1460 in
266 1406 386 1461 meliora
398 1406 552 1462 reformare
572 1410 755 1462 certaremus.
1055 1429 1113 1468 non
1133 1413 1162 1468 in
1178 1431 1228 1469 sua
1246 1414 1403 1470 substantia
1424 1416 1556 1488 apparuit
1575 1418 1650 1471 Deus
1676 1418 1782 1489 lloysi3
1799 1421 1876 1476 unda
1895 1438 1902 1475 ι

189 1495 292 1549 Βοιιιιι
306 1494 399 1562 ollert,
418 1495 467 1566 qui
485 1496 583 1550 utilem
596 1497 626 1550 in
646 1496 769 1551 Ecclesia
784 1496 834 1552 liei
863 1496 1000 1569 proximis
1053 1502 1111 1557 Lea
1131 1501 1260 1558 ordinatu
1281 1519 1332 1573 per
1356 1505 1465 1571 anqclos
1490 1505 1520 1559 ιἰι
1546 1520 1629 1560 morsu
1642 1505 1802 1562 mediatoris
1826 1508 1902 1578 (Get.

151 1582 280 1638 laborem
303 1584 457 1657 impendit:
484 1583 613 1654 arietem,
631 1584 682 1657 qui
708 1602 737 1640 se
763 1589 792 1640 et
808 1585 879 1641 alios
903 1587 932 1641 in
952 1587 1034 1687 viaB
1054 1605 1083 1644 ιιι
1098 1591 1119 1661 ).
1135 1590 1185 1645 Vel
1207 1591 1276 1662 quia
1299 1608 1351 1663 per
1374 1598 1529 1663 utrumque
1542 1594 1762 1662 ¹Testamentum
1775 1611 1904 1654 consona

149 1670 519 1744 Justiliredirigit;agnum
539 1672 927 1746 anniculumlquisimplex
955 1680 999 1730 est
1052 1695 1120 1733 soce
1146 1679 1182 1735 ad
1211 1680 1297 1734 fidem
1316 1680 1440 1734 veritatis
1463 1696 1522 1736 non
1545 1682 1653 1749 erudit;
1670 1685 1724 1752 rel,
1753 1685 1822 1755 qaia
1852 1703 1904 1758 per

153 1764 182 1815 et
202 1760 350 1816 innocens.
377 1760 554 1816 ilcecomnia
577 1760 821 1819 inholocaustum
835 1778 888 1835 pro
909 1764 998 1818 solius
1053 1767 1167 1833 Filium,
1180 1767 1243 1839 [qui
1257 1768 1288 1822 in
1313 1770 1410 1823 medio
1437 1769 1561 1825 duorum
1588 1771 1840 1828 Testamentorum
1870 1774 1903 1829 in

152 1847 202 1902 liei
230 1864 327 1904 amore
348 1853 376 1903 ιι
390 1845 533 1904 desiderio
558 1855 673 1905 aeterum
700 1848 775 1906 ritae.
803 1851 918 1907 liircum
945 1868 997 1924 pro
1051 1869 1136 1910 carne
1166 1857 1309 1927 apparuit,
1336 1858 1446 1911 locutus
1468 1863 1512 1912 est
1539 1858 1622 1912 Pater
1644 1858 1770 1914 humano
1782 1864 1897 1933 generi.

151 1941 266 2005 peccato
295 1935 378 1991 offert
409 1939 458 2007 qui
485 1953 537 2008 pro
564 1937 687 2009 peccatis
716 1938 774 1994 suis
807 1939 946 2010 poenitere
970 1946 999 1995 ct
1391 1985 1505 2040 CAPUT
1524 1986 1586 2040 vm

152 2040 235 2079 orare
258 2023 501 2080 nondesistlt.1n
525 2025 695 2081 sacrificinm
713 2025 898 2097 pacificorum
915 2028 999 2084 offert
1590 2025 1596 2039 '

153 2114 225 2168 duos
238 2114 332 2180 boves,
353 2114 484 2185 quicum
500 2113 996 2188 bonisoperibnsimpletduoprce·
1087 2117 1167 2171 Vens.
1195 2117 1220 2169 l.
1239 2146 1271 2156 —
1303 2116 1408 2186 Septem
1435 2117 1568 2171 lucernas.
1594 2117 1708 2189 Septem
1736 2119 1813 2175 dona
1833 2119 1899 2194 Spi-

152 2208 234 2274 cepta
267 2201 423 2270 charitatis,
448 2201 499 2256 liei
534 2201 641 2257 scilicet
677 2202 873 2270 dilectionem,
899 2209 997 2259 custn—
1050 2205 1123 2260 ritus
1137 2204 1237 2260 sancti.
1255 2221 1319 2276 quae
1334 2206 1363 2259 in
1393 2205 1504 2260 Christo
1520 2223 1634 2278 semper
1664 2215 1835 2264 manserunt
1861 2215 1900 2281 et,

151 2289 256 2345 diendo
276 2291 408 2346 mandata
424 2291 500 2362 ejns;
525 2296 554 2346 et
566 2291 692 2362 proximi
707 2291 883 2348 consulendo
897 2308 996 2349 ueces-
1050 2288 1081 2344 iu
1095 2291 1232 2345 membris
1251 2308 1302 2363 pro
1318 2292 1462 2347 voluntate
1484 2295 1546 2366 ejus
1560 2294 1711 2349 distributa
1727 2302 1804 2350 sunt.

151 2378 292 2447 sitatibus,
321 2378 353 2434 in
376 2378 480 2452 quibus
502 2385 562 2434 tota
592 2379 637 2435 lex
661 2380 769 2450 pendet
791 2380 994 2452 etprophelm.
1086 2379 1179 2450 (Banu,
1211 2382 1239 2434 ιἰι
1267 2381 1357 2450 Num.)
1389 2383 1485 2437 llensa
1516 2390 1545 2438 et
1579 2383 1794 2453 candelabrum,
1831 2390 1896 2453 etc,

151 2465 238 2522 Oliert
253 2473 349 2523 antem
364 2470 467 2523 arictes
485 2468 624 2540 quinque,
642 2468 736 2523 hircos
750 2467 889 2541 quinque,
907 2485 997 2540 agnos
1049 2466 1183 2534 usquead
1197 2465 1352 2536 prohibens
1366 2467 1393 2522 ei
1405 2469 1613 2525 testimonium.

152 2556 301 2611 anniculos
320 2555 459 2628 quinque,
475 2557 542 2628 quia
557 2556 801 2629 quinquesensus
825 2557 952 2628 corporis
966 2559 996 2612 in
1086 2553 1166 2608 Vsus.
1193 2555 1269 2608 3.-
1296 2555 1384 2625 Super
1407 2557 1609 2613 caudelabrum.
1639 2557 1795 2630 Christum,
1825 2561 1899 2615 scili·

150 2643 195 2698 via
210 2645 334 2699 veritatis
359 2645 471 2701 fortiter
492 2644 580 2714 ducit,
596 2647 624 2700 et
647 2645 803 2716 apeccatis
832 2647 995 2718 compescit.
1049 2646 1103 2709 cet,
1120 2641 1345 2713 primogenitum
1361 2644 1396 2699 de
1420 2645 1515 2700 radice
1529 2647 1616 2713 iesse,
1643 2662 1726 2717 saper
1751 2664 1829 2717 quem
1853 2665 1897 2704 re-

149 2738 178 2785 et
196 2731 386 2806 simplicitatis
400 2734 545 2804 exemplar
558 2733 703 2805 proponit.
1050 2732 1152 2799 quieuit
1177 2733 1293 2800 spiritus
1317 2735 1458 2802 saptentiae
1471 2740 1496 2789 et
1507 2736 1666 2801 intellectus,
1692 2738 1809 2806 spiritus
1832 2753 1896 2792 con-

184 2822 262 2876 tines.
286 2824 331 2878 85.
354 2850 388 2863 -
409 2824 466 2877 Duo
488 2822 588 2887 millia,
610 2826 663 2876 ιιι.
682 2819 775 2893 (Res.)
799 2820 832 2876 ln
855 2819 929 2874 vasis
949 2837 994 2875 ar·
1048 2819 1142 2873 sititet
1155 2819 1331 2887 fortitudinis
1346 2823 1413 2890 (lec.
1432 2821 1488 2893 ιιιι).

146 2909 267 2980 genteis,
282 2916 348 2977 etc..
365 2925 450 2981 usque
468 2909 587 2965 odilluc
602 2908 849 2980 nonperrenitur.
1012 2915 1032 2971 c
1082 2906 1164 2961 Vnus.
1187 2908 1213 2962 ι.
1240 2936 1274 2948 -
1295 2909 1339 2963 ue
1365 2924 1443 2964 auro.
1474 2907 1546 2975 Ouia
1581 2910 1709 2966 Christus
1736 2911 1898 2984 specialiter

183 2998 263 3054 Vens.
300 3000 344 3054 86.
377 3027 412 3039 -
447 2999 607 3055 dlortoriotu
638 3013 722 3053 aurea
749 2996 898 3052 duodecim.
930 2997 991 3070 (lo.)
1046 2992 1215 3050 immunisa
1240 3001 1366 3067 peccato,
1383 3002 1412 3052 et
1434 2997 1569 3070 operibus
1585 2998 1704 3071 justitiae
1728 3001 1895 3074 praeclarus,

146 3087 274 3151 Quorum
290 3087 403 3158 singula
430 3087 520 3142 denos
537 3087 619 3141 siclos
633 3085 748 3153 habent,
769 3089 797 3140 ιι
820 3084 906 3144 simul
929 3102 991 3140 om·
1046 3087 1075 3137 ιι
1091 3084 1220 3139 membra
1234 3084 1295 3156 ejus
1309 3085 1503 3142 innocentiam
1518 3092 1547 3142 ιι
1567 3087 1722 3160 justitiam,
1751 3096 1897 3162 quantum

146 3177 195 3230 nia
217 3176 279 3230 auri
298 3182 415 3230 centnm
429 3174 532 3245 viginti
547 3174 640 3239 siclos,
667 3174 758 3247 corda
778 3173 935 3228 electorum
957 3173 992 3228 si·
1045 3172 1142 3226 valent
1155 3171 1315 3241 imitantur,
1331 3173 1362 3228 in
1374 3174 1472 3230 laturo
1483 3176 1678 3247 perllcientar.

146 3263 285 3334 gnificaut
304 3263 451 3318 scientium
468 3263 539 3333 legis
554 3262 583 3317 in
605 3262 741 3317 omuibus
758 3277 871 3317 servare
886 3278 992 3317 sccun-
1080 3261 1196 3315 Ductiti.
1219 3260 1291 3326 Quia
1316 3263 1445 3319 Christus
1471 3280 1505 3320 er
1532 3265 1719 3336 conceptione
1741 3270 1769 3322 ιι
1789 3266 1895 3323 nativi·

147 3352 216 3407 dum
240 3352 424 3424 apostolicam
448 3350 618 3407 doctrinam.
645 3349 802 3405 Duodecies
823 3349 901 3404 enim
925 3351 991 3406 deni
1045 3350 1102 3402 tate
1119 3347 1260 3418 perfectus
1275 3350 1349 3404 Deus
1369 3353 1397 3404 et
1415 3349 1502 3406 homo
1517 3350 1635 3418 exstitit,
1665 3352 1832 3423 passionum
1848 3354 1896 3410 do

146 3446 260 3495 centum
282 3439 383 3510 viginti
410 3439 527 3505 iaciunt,
548 3455 605 3510 quo
627 3453 748 3494 numero
767 3438 912 3509 primitiva
941 3440 991 3494 Ec·
1044 3436 1119 3492 loros
1139 3436 1258 3508 pertulit
1281 3435 1318 3508 (ll
1347 3439 1417 3493 Tim.
1438 3441 1488 3508 ru),
1513 3444 1542 3494 ιι
1556 3440 1596 3494 sic
1612 3440 1648 3496 ad
1675 3442 1896 3498 resurrectionis

145 3530 230 3584 etesia
263 3529 293 3583 in
330 3528 488 3584 Jerusalem
511 3527 650 3599 Spiritum
683 3527 859 3598 paracletum
889 3527 992 3601 accipit
1045 3523 1165 3595 gloriam
1189 3524 1329 3595 pervenit,
1356 3531 1384 3581 ιι
1399 3542 1501 3583 omnes
1528 3528 1579 3600 qni
1601 3528 1648 3599 pie
1670 3529 1771 3585 volunt
1797 3531 1895 3587 visera

147 3617 219 3688 (Act.
234 3617 275 3687 ιι).
294 3617 372 3672 Unde
387 3615 520 3670 subditur
540 3631 547 3670 :
1044 3613 1152 3683 inipso
1173 3613 1256 3686 quasi
1270 3613 1559 3670 metallumieriendo
1578 3617 1727 3672 dilatatam
1749 3633 1803 3689 per
1823 3635 1890 3690 pas·

180 3705 310 3774 Pondere,
352 3710 406 3760 etc.
442 3704 506 3776 (ln.)
530 3702 728 3760 sanctuarium
756 3703 832 3759 enim
870 3704 991 3761 Ecclesia
1044 3700 1132 3756 sionis
1146 3702 1334 3757 contumelias
1353 3703 1390 3758 ad
1402 3703 1628 3759 immortalitatis
1646 3706 1768 3777 gratiam
1781 3722 1888 3777 perre-

145 3799 198 3863 est,
215 3794 296 3866 cujus
316 3794 445 3864 regulam
467 3791 535 3849 lldei
556 3797 585 3848 et
600 3791 799 3864 intelligentiae
827 3798 988 3865 sequentes,
1043 3789 1136 3844 aiunt.

144 3883 241 3938 omnia
268 3899 333 3955 qua
350 3882 381 3938 in
405 3883 468 3954 lege
491 3886 520 3937 ιι
533 3881 683 3953 prophetis
705 3880 809 3952 scripta
828 3886 894 3936 sunt
908 3882 989 3937 nobis
1077 3878 1176 3949 Stipes.
1192 3877 1321 3934 Christus
1336 3877 1452 3949 scilicet,
1467 3880 1502 3935 de
1516 3895 1574 3952 quo
1589 3882 1750 3953 procedunt
1776 3882 1892 3954 calami,

143 3971 267 4028 salubria
288 3988 348 4028 esse
375 3971 526 4027 credimus.
549 3968 695 4040 Quidquid
718 3973 815 4024 autem
830 3974 909 4024 extra
938 3970 988 4024 Ec·
1042 3965 1111 4036 qaia
1124 3965 1160 4021 ab
1185 3967 1246 4038 ipso
1261 3967 1403 4038 accipiunt
1415 3967 1486 4039 justi
1511 3969 1651 4043 quidquid
1666 3971 1775 4027 habent
1801 3974 1889 4042 boni;

142 4062 236 4117 clesiae
251 4064 391 4116 unitatem
406 4061 527 4116 sentitur
549 4066 577 4114 et
591 4056 763 4130 intelligitur
776 4063 826 4112 aut
848 4063 986 4126 servatur,
1042 4055 1118 4110 unde
1134 4056 1218 4112 :Siue
1231 4057 1355 4111 mensuit
1367 4059 1480 4126 potestis
1495 4059 1587 4125 soccre
1606 4059 1702 4129 (Joars.
1713 4061 1770 4133 xv).

143 4150 246 4205 animae
258 4149 474 4204 damnationem
490 4148 575 4220 parit.
1079 4142 1158 4196 vaus.
1175 4144 1201 4197 6.
1221 4171 1256 4182 -
1273 4143 1341 4197 Tolle
1360 4143 1465 4198 leuitas
1479 4144 1512 4199 de
1530 4160 1580 4201 me.
1603 4145 1728 4217 llystice.
1752 4146 1888 4204 Ordinem

178 4238 260 4294 Vens.
285 4239 329 4292 87.
357 4266 392 4278 -
417 4238 510 4305 Boves,
538 4240 592 4290 etc.
620 4233 683 4304 (ln.)
708 4234 796 4288 Boves
831 4233 935 4289 arietes
957 4239 987 4289 et
1002 4206 1023 4261 ὓ
1041 4229 1262 4286 ecclesiasticum
1281 4229 1406 4300 instruit,
1422 4233 1568 4304 quamodo
1586 4233 1640 4290 rita
1658 4236 1836 4307 provehatur
1854 4237 1888 4293 ed

141 4325 209 4397 agni
234 4323 412 4381 duodenario
431 4338 552 4379 numero
580 4321 789 4393 comprehensi,
804 4321 870 4377 illos
897 4320 986 4394 signi·
1041 4319 1211 4391 dignitatem
1222 4319 1380 4375 sacerdotii.

140 4414 237 4481 licant,
253 4412 363 4486 quiret
388 4411 419 4467 in
440 4410 535 4466 allicio
551 4411 688 4478 doctoris,
711 4410 755 4465 rel
774 4409 805 4465 in
823 4409 986 4481 principatu
1077 4409 1157 4462 Vens.
1181 4412 1206 4461 7.
1231 4436 1265 4448 -
1289 4407 1360 4463 Pitos
1383 4409 1558 4464 cornutus.
1583 4409 1691 4480 (Geso,
1707 4409 1757 4466 lib.
1788 4412 1887 4468 vlle·

140 4502 260 4573 alicuius
286 4499 412 4566 honoris,
448 4500 492 4554 rel
520 4498 688 4570 simpliciter
716 4497 851 4567 viventes,
888 4497 987 4553 omnia
1038 4496 1105 4564 rut,
1120 4512 1182 4567 cap.
1210 4495 1267 4567 83.)
1294 4495 1347 4551 Pili
1375 4495 1468 4551 carnis
1487 4500 1556 4553 sunt
1579 4498 1715 4570 qnalibet
1741 4499 1887 4570 superflua

138 4590 296 4646 secundum
330 4587 490 4645 doctrinam
520 4586 706 4660 apostolicam
733 4590 762 4642 et
785 4585 983 4658 propheticam
1038 4582 1172 4639 hnmanae
1182 4585 1285 4653 carnis,
1296 4587 1360 4654 etc,
1376 4584 1512 4656 usquead
1534 4600 1600 4641 cnm
1612 4587 1816 4660 speculationis
1830 4589 1886 4644 alla

139 4695 223 4752 agere
239 4678 368 4735 student.
1038 4678 1234 4744 penetramus·

173 4771 261 4837 Hirci,
286 4772 339 4823 etc.
369 4764 436 4838 (ln.)
463 4764 498 4821 lli
527 4768 595 4820 aunt
623 4763 675 4836 qui
701 4760 903 4835 paenitentiam
924 4768 984 4818 stn-
1072 4763 1211 4817 Lucerini.
1240 4761 1446 4831 liundaverint,
1476 4761 1695 4836 scilicetopera,
1711 4765 1787 4821 utin
1814 4783 1886 4822 con·

138 4858 207 4913 dent
219 4857 374 4912 secundum
387 4857 518 4926 regulam
529 4853 692 4925 apostolicae
703 4851 770 4907 lidei
780 4850 928 4922 perlicere.
1038 4855 1135 4920 specta
1153 4849 1202 4904 liei
1218 4849 1255 4904 sit
1281 4866 1381 4905 eornm
1396 4850 1574 4906 conversatio
1589 4852 1707 4921 munda,
1733 4858 1763 4908 et
1788 4867 1885 4907 coram

173 4947 253 5002 Vsus.
280 4948 323 5001 88.
350 4974 387 4987 -
409 4945 501 5009 Boves,
530 4948 583 4997 etc.
610 4941 673 5013 (lo.)
703 4941 734 4995 ln
758 4939 803 4994 his
826 4939 982 5011 spiritualis
1035 4937 1204 4994 hominibus
1215 4939 1486 5011 irreprehensibilis.

135 5034 253 5089 scientia
266 5049 331 5089 cum
352 5033 494 5089 bonorum
517 5045 638 5102 operam
666 5026 839 5101 perfectione
867 5027 982 5100 signia·
1070 5027 1156 5084 Vnus.
1171 5029 1197 5082 s.
1213 5057 1247 5070 -
1263 5027 1372 5083 Bouem.
1390 5028 1573 5085 llediatorem
1588 5029 1639 5085 Dei
1657 5035 1688 5085 ιι
1702 5031 1882 5087 hominum:

134 5128 225 5184 catur,
242 5121 310 5193 qnia
333 5121 435 5194 viginti
457 5126 582 5191 quatuor
607 5117 685 5173 horis
710 5132 809 5172 cursus
835 5115 893 5172 diei
916 5132 979 5188 per·
1034 5117 1115 5186 cujus
1139 5116 1337 5172 immolatione
1361 5122 1477 5188 peccata
1495 5124 1593 5174 nostra
1627 5118 1721 5174 deleta
1747 5125 1824 5175 sunt.
1850 5120 1884 5175 ln

134 5210 251 5282 agitur:
268 5210 503 5265 lamenseientie
517 5206 630 5264 etlidei
650 5204 730 5263 omni
751 5203 913 5263 Christiano
928 5221 979 5262 ne·
1034 5212 1155 5278 utroque
1177 5206 1248 5261 bove
1264 5205 1421 5261 incarnatio
1449 5205 1510 5278 ejus
1535 5205 1721 5279 significatur.
1752 5207 1814 5263 Una
1841 5212 1884 5262 est

132 5298 360 5352 cessariumesse
373 5296 546 5367 significant.
1034 5293 1112 5349 enim
1140 5294 1234 5365 passio
1259 5293 1372 5362 Christi,
1394 5294 1443 5349 sed
1470 5292 1528 5350 duo
1545 5295 1628 5350 nobis
1654 5294 1821 5367 impetravit
1834 5311 1882 5350 ex·

167 5386 328 5456 Secupe’utc.
355 5383 571 5457 sexagenarius,
594 5383 624 5439 id
646 5388 698 5451 est,
718 5382 822 5440 sexties
843 5381 979 5439 denarios
1030 5381 1191 5455 piationem
1223 5383 1329 5439 scilicet
1355 5399 1374 5439 a
1396 5383 1519 5456 peccatis
1553 5388 1583 5439 et
1611 5384 1881 5452 sanctificationem,

132 5476 338 5549 perlectionem
372 5473 574 5530 mandatorum
610 5476 760 5528 monstrat.
790 5472 909 5529 Necesse
935 5475 980 5526 est
1032 5474 1065 5527 ut
1079 5486 1130 5526 nos
1144 5469 1260 5526 edomet
1275 5470 1332 5526 Deo
1356 5471 1542 5542 llortipteotos,
1564 5470 1674 5541 quidem
1692 5487 1784 5541 carne,
1809 5474 1881 5529 aloi-
