3892 6106
98 246 151 299 82l
430 241 626 298 wetarsstbl
646 242 770 298 subuel
791 242 893 298 rubo.
914 242 999 299 MON·
1017 243 1094 298 ΟΡΡ.
1117 239 1205 295 PARS
1224 240 1246 294 Ι.
1266 267 1301 276 -
1319 237 1550 294 rhuotoutca.
1805 241 1856 295 828

130 368 214 421 Vens.
233 367 278 421 20.
294 395 327 404 -
345 388 359 415 u
379 365 581 436 apprehendet
607 381 683 419 eum.
704 386 715 413 ι
741 369 851 436 rigente
866 367 985 420 nam-h
1004 363 1148 435 sapphiri,
1164 362 1266 417 coloris
1278 359 1350 415 aerii
1365 365 1442 416 sunt.
1468 361 1502 414 Et
1524 360 1580 414 hoc
1595 359 1676 424 dicit,
1704 359 1775 432 quia
1789 376 1857 414 nnn-

96 471 152 527 que
166 454 274 526 inopia,
292 454 368 526 apud
383 454 490 509 interos
511 469 601 524 nsque
624 454 659 509 ad
675 454 796 510 minima
824 454 946 526 petenda
999 467 1086 522 quam
1101 450 1136 505 de
1149 449 1249 506 ludeea
1264 448 1367 503 animae
1382 452 1498 514 sancte,
1515 463 1582 520 quc
1607 448 1755 503 celestem
1770 446 1855 502 vitam

96 545 173 601 dives
182 545 286 599 ardens
311 544 478 613 compulsus
501 546 554 608 est,
581 543 631 613 qui
645 543 692 597 hic
716 548 819 614 agente
835 544 946 599 tenacia
999 539 1152 608 ducerent,
1169 538 1344 593 defuerunt:

95 648 188 704 usqne
203 632 237 686 ad
254 630 374 685 minima
388 631 519 701 neganda
533 630 673 700 pervenit.
1038 651 1047 678 ‹
1066 630 1105 683 Et·
1115 629 1206 701 glebae
1221 627 1309 682 illius.
1334 649 1344 675 ι
1362 624 1463 682 Glebas
1476 624 1545 680 dicit
1558 623 1747 680 collectiones
1761 624 1855 696 singu-

134 741 148 769 «
174 722 259 775 Nocte
281 719 426 790 opprimet
453 735 529 773 sirm.
552 741 566 768 u
598 720 714 774 Noctem
748 719 946 775 absconditum
998 716 1334 784 lornmerdinnm,etc.,
1365 729 1450 785 usque
1468 713 1573 769 udSed
1599 713 1744 768 carbona
1761 712 1854 785 perdi·

97 812 210 879 tempus
241 805 385 877 repentini
409 806 499 860 exitus
529 807 664 877 appellat,
697 809 874 879 tempestatis
894 824 946 863 no·
1000 804 1052 872 dit,
1064 804 1216 876 sequitur:

96 896 174 951 mine
186 894 287 967 judicii
301 894 446 949 turbinem
462 894 603 966 designat.
1034 895 1115 948 Vens.
1132 898 1159 947 7.
1179 915 1239 942 -ι
1267 891 1405 947 semitam
1424 890 1575 961 ignoravit.
1594 912 1606 939 ›
1625 891 1684 945 lloc
1712 891 1778 946 loce
1800 889 1857 944 avis

132 985 215 1039 Vnus.
233 987 317 1039 ⁶21.-
343 1006 356 1032 u
374 984 467 1038 Tellet
493 999 560 1038 eum
579 990 717 1038 ventus·
742 985 947 1039 Ventusurons
999 982 1116 1039 nemine
1144 983 1193 1038 ille
1229 981 1369 1054 signatur,
1396 985 1462 1049 ete,
1492 995 1575 1051 ’oque
1603 980 1643 1035 ed
1677 978 1856 1035 considerare

95 1072 239 1145 malignus
253 1072 371 1144 spiritus
386 1079 512 1141 vocatur,
533 1072 663 1144 quicum
689 1089 776 1145 quem
792 1089 869 1128 nnnc
883 1089 946 1128 suc·
999 1070 1103 1128 noluit.

94 1161 455 1232 renderiligneperversee
481 1161 727 1232 concupiscentiae,
748 1162 807 1233 agit
822 1168 948 1233 postmo-
1037 1182 1050 1211 u
1079 1161 1134 1215 Nec
1161 1158 1281 1214 intuitus
1306 1162 1349 1212 est
1377 1157 1485 1213 oculus.
1504 1176 1518 1207 »
1548 1157 1727 1228 Redemptor
1764 1160 1857 1211 noster

95 1252 164 1308 dum
180 1251 216 1305 ad
230 1251 361 1305 llammas
374 1251 522 1321 gehenuae.
999 1249 1131 1315 vulturis,
1145 1254 1211 1310 ete..
1232 1263 1317 1317 usque
1341 1246 1380 1302 ad
1394 1245 1547 1318 dequibus
1562 1245 1697 1301 subditur
1713 1261 1721 1300 ε

133 1358 147 1389 «
161 1340 194 1394 Et
207 1339 284 1393 velut
300 1337 381 1392 turbo
396 1337 522 1408 rapiet.»
540 1339 629 1393 Locus
647 1354 847 1410 perversorum
871 1343 946 1394 tem·
1036 1339 1115 1393 Vens.
1137 1339 1163 1391 8.
1195 1358 1257 1385 -ι
1289 1336 1351 1391 Non
1378 1336 1636 1390 calcaverunteam
1666 1333 1854 1389 filiiinstilio·

96 1427 204 1498 poralis
217 1427 282 1481 vilae
297 1426 455 1482 delectatio.
999 1441 1074 1481 rum.
1096 1424 1272 1480 »institores
1284 1427 1351 1478 sunt
1379 1422 1429 1494 qui
1458 1422 1606 1494 spirituale
1636 1422 1792 1494 negotium
1809 1439 1854 1495 ge

131 1516 214 1571 Vnus.
232 1518 276 1570 22.
292 1536 353 1565 -u
372 1516 406 1570 Et
419 1515 514 1571 mittet
529 1532 616 1586 super
631 1532 737 1571 enm.»
766 1517 947 1572 Peccatorem
999 1518 1077 1581 runt,
1106 1519 1171 1581 ete,
1200 1528 1284 1584 usque
1300 1512 1337 1567 ed
1362 1511 1527 1567 institorum
1555 1510 1642 1579 lilios,
1674 1516 1806 1583 pastores
1830 1516 1856 1566 et

94 1605 170 1659 Deus
199 1605 312 1676 quoties
348 1604 477 1659 iaciendo
507 1604 636 1676 corrigit,
666 1605 699 1659 ad
716 1606 771 1660 hoc
799 1605 945 1676 flagellum
1000 1603 1139 1658 doctores.

94 1692 209 1761 emittit,
229 1698 263 1748 ut
276 1699 384 1764 pareat.
396 1692 478 1764 {Cum
502 1710 569 1748 vero
586 1693 648 1764 ejus
674 1694 759 1748 vitam
786 1694 816 1748 in
830 1700 946 1765 peccato
1041 1713 1055 1741 «
1068 1693 1123 1746 Nee
1137 1688 1321 1762 pertransivit
1335 1705 1387 1760 per
1400 1704 1465 1743 enm
1478 1689 1579 1744 leaena.
1597 1709 1609 1736 ι
1636 1686 1743 1743 Leaenn
1756 1686 1855 1741 dieitur

94 1784 313 1851 permanentem
337 1780 466 1835 feriendo
481 1779 635 1850 concludit,
658 1780 805 1852 llagellum
832 1781 947 1852 emittit,
1003 1780 1134 1848 Ecclesia,
1152 1779 1221 1852 quia
1243 1779 1318 1833 male
1335 1776 1462 1833 viventes
1488 1776 1519 1831 in
1542 1775 1619 1831 vitiis
1640 1792 1691 1831 ore
1719 1775 1854 1846 pradica-

94 1869 143 1924 sed
159 1884 342 1940 nequaquam
356 1867 455 1939 parcit.
1002 1869 1088 1924 tionis
1102 1873 1207 1923 sanctre
1228 1866 1373 1933 interficit,
1389 1866 1466 1922 undo
1491 1867 1574 1920 Petro
1590 1863 1717 1920 dicitur:
1737 1865 1856 1921 licetret

133 1957 201 2012 «be
216 1957 416 2027 maunejus.»
443 1955 515 2023 Quia
535 1973 637 2012 manus
665 1958 793 2029 operatio
807 1956 947 2030 intelligi·
1001 1959 1146 2014 munduca.
1174 1956 1297 2011 Ecclesia
1322 1955 1419 2027 itaque
1446 1969 1500 2027 per
1512 1954 1643 2010 ludaeam
1671 1953 1801 2020 transiit,
1813 1953 1855 2008 sed

94 2047 152 2112 tur,
169 2045 204 2100 de
216 2061 302 2099 manu
319 2045 445 2115 percussi
458 2044 542 2116 lugit,
559 2044 610 2116 qui
625 2045 693 2100 dum
705 2046 784 2117 previ
799 2046 948 2103 interitum
1001 2063 1060 2101 non
1076 2045 1257 2118 pertransiit:
1276 2044 1343 2115 quie
1359 2060 1391 2098 ex
1406 2044 1456 2099 illa
1471 2058 1577 2113 paucos
1592 2042 1627 2097 ad
1648 2042 1741 2098 tidem
1757 2042 1855 2112 rapuit,

95 2133 243 2205 conspicit,
267 2133 327 2187 vias
350 2134 497 2204 pravitatis
514 2133 661 2205 relinquit,
690 2135 765 2190 unde
793 2137 946 2208 sequitur:
1001 2135 1049 2188 sed
1066 2140 1164 2188 tamen
1193 2132 1341 2187 infidelem
1371 2132 1509 2203 populum
1527 2147 1544 2185 a
1565 2130 1688 2202 pertidia
1728 2130 1853 2186 funditas

132 2223 213 2277 Vens.
229 2225 276 2277 23.
296 2252 332 2262 -
347 2246 360 2269 ιι
381 2221 508 2293 Stringet
522 2238 609 2293 super
621 2238 699 2277 eum.
718 2245 729 2272 ι
751 2225 848 2279 uanus
861 2225 948 2281 strin-
1001 2238 1059 2277 non
1080 2221 1225 2277 exstinxit.
1239 2222 1293 2278 Sed
1308 2238 1324 2275 a
1339 2220 1444 2276 ludaeis
1459 2221 1584 2291 repulsa,
1608 2219 1680 2290 quid
1698 2219 1793 2275 lecit?

95 2326 173 2381 gere,
188 2314 231 2365 est
257 2310 322 2366 vitae
343 2326 432 2382 opera
455 2310 486 2364 in
511 2310 682 2366 rectitudine
710 2313 892 2379 confirmare,
916 2314 948 2369 in
1035 2313 1120 2369 Vens.
1135 2315 1162 2368 9.
1179 2341 1210 2352 -
1226 2333 1237 2361 ι
1253 2310 1297 2366 Ad
1309 2309 1420 2365 silicem
1432 2308 1561 2364 extendit
1580 2323 1704 2363 manum
1734 2322 1849 2362 snam.-

92 2399 186 2454 aliena
200 2415 286 2471 prena
299 2399 505 2470 conspiciendo
520 2399 590 2472 quid
601 2400 711 2454 timeat.
1000 2399 1072 2464 Quia
1086 2400 1123 2454 ad
1139 2398 1274 2454 duritiam
1288 2397 1418 2470 gentium
1434 2395 1582 2453 brachium
1594 2411 1656 2450 snae
1680 2394 1852 2468 predicatio

1000 2489 1046 2544 nis
1062 2488 1152 2543 misit.

413 2541 526 2597 CAPUT
539 2541 654 2597 XXVIII·
1038 2600 1050 2628 s
1067 2576 1213 2633 Subvertit
1230 2592 1247 2630 a
1262 2574 1405 2630 radicibus
1416 2577 1537 2628 montes.
1556 2594 1566 2621 ι
1586 2572 1720 2642 Radices,
1751 2573 1850 2645 cogita·

129 2667 212 2721 Vens.
230 2668 254 2720 l.
285 2686 349 2714 -«
367 2665 458 2721 Habet
485 2671 637 2738 argentum
662 2683 799 2722 venarum
830 2682 947 2722 suarum
1001 2659 1771 2734 tionesintimaesuperhornm:montesaradicibas
1793 2666 1855 2715 eunt

93 2753 246 2826 principia.
264 2775 275 2805 ι
291 2754 402 2826 (Gneo.)
425 2756 579 2826 Postquam
594 2756 755 2827 potentium
783 2772 881 2826 poenas
896 2772 947 2810 sn·
1001 2752 1102 2821 eversi,
1118 2753 1186 2825 quia
1199 2751 1296 2807 secuti
1319 2756 1474 2823 potestates
1486 2750 1522 2805 ad
1544 2749 1700 2805 colendum
1717 2750 1808 2804 Deum
1821 2748 1853 2803 ab

92 2841 258 2913 perborum,
274 2848 339 2909 etc,
356 2858 440 2915 usquc
450 2843 488 2897 ud
503 2848 535 2898 ut
552 2845 630 2899 nulla
645 2860 791 2899 sacrorum
806 2844 946 2900 librorum
1000 2842 1103 2896 intima
1113 2840 1286 2910 cogitatione
1295 2840 1470 2895 ceciderunt.

81 2930 263 2985 auctoritate
278 2931 446 2987 solidentur.
961 2937 982 2993 (l
1036 2940 1117 2994 Vens.
1135 2939 1177 2992 lt).
1194 2967 1229 2978 -
1246 2936 1402 3008 «inpetris
1415 2936 1490 2991 rivos
1510 2933 1624 3002 excidit,
1640 2956 1655 2983 »
1677 2939 1735 2990 etc.
1762 2934 1852 3008 (leid.)

130 3020 289 3074 «Etauro
315 3021 392 3075 loeus
419 3024 469 3076 est.
485 3042 498 3069 u
525 3021 583 3075 lloc
610 3021 672 3076 leco
710 3021 841 3091 haeritici,
876 3026 941 3092 etc,
1002 3028 1032 3083 id
1046 3032 1090 3083 est
1103 3027 1134 3082 in
1149 3026 1229 3081 duris
1255 3026 1386 3098 gentium
1400 3024 1534 3081 cordibus
1549 3023 1653 3079 fluvios
1672 3024 1855 3095 pradicatio·

92 3123 177 3176 usquc
191 3109 229 3162 ud
239 3109 318 3178 prius
334 3109 381 3163 hic
397 3109 537 3164 arseritin
549 3110 664 3164 officina
678 3111 836 3166 eharitatis.
998 3116 1043 3172 nis
1055 3115 1178 3188 aperuit.

131 3195 210 3251 Vens.
227 3199 253 3251 2.
277 3219 341 3246 -ι
367 3198 484 3251 Ferrum
509 3199 543 3252 de
571 3204 648 3252 terra
673 3199 798 3255 tollitur.
819 3221 830 3248 ι
848 3199 944 3256 Solent
1036 3205 1099 3258 «Et
1126 3219 1212 3258 omne
1240 3202 1399 3273 pretiosum
1424 3201 1497 3257 vidit
1521 3199 1621 3256 oculus
1650 3199 1751 3272 ejas.»
1781 3200 1854 3256 Vidit

92 3284 219 3338 haeretici
232 3284 391 3355 dejestitia
405 3286 533 3356 gloriari,
552 3291 580 3342 et
608 3288 762 3343 catholicos
778 3287 865 3343 luisse
891 3289 945 3343 ini-
999 3292 1073 3347 bens
1093 3291 1264 3363 pretiosum,
1289 3306 1354 3345 cum
1372 3291 1530 3345 humanam
1558 3288 1688 3344 animam
1704 3288 1742 3344 de
1760 3305 1792 3344 se
1805 3289 1852 3343 ab·

92 3388 167 3442 quos
180 3372 376 3428 criminantur.
394 3374 499 3428 Contra
513 3391 584 3445 quos
610 3391 661 3447 per
677 3376 816 3430 humilem
831 3376 943 3431 confes·
995 3381 1102 3452 J'ectam
1117 3380 1264 3452 sapientire
1288 3379 1387 3450 gratiae
1415 3395 1474 3434 suae
1503 3378 1698 3433 illustratione
1717 3377 1850 3450 respexit.

93 3460 204 3514 sionem
232 3461 356 3515 dieitur:
375 3483 386 3510 ι
405 3463 524 3517 Ferrum
554 3463 680 3518 deterre
706 3465 824 3519 tollitur.
844 3465 946 3531 »Quia
1035 3471 1254 3524 veus.rr.-‹
1282 3468 1428 3523 Profunda
1454 3483 1609 3539 quoquest»
1637 3467 1851 3523 Prolundalln·

93 3547 227 3602 fortiores
236 3548 454 3620 viri,aterrena,
466 3566 554 3621 quam
563 3551 642 3621 prins
653 3557 818 3619 tenuerunt,
834 3553 945 3609 actione
999 3558 1112 3613 riorum
1136 3561 1279 3612 serutatur
1300 3556 1448 3624 Dominus,
1469 3559 1534 3623 ete,
1559 3570 1644 3624 usque
1657 3556 1698 3611 ud
1724 3560 1752 3612 et
1776 3556 1852 3610 nullo

94 3642 273 3707 separantur,
289 3641 318 3692 et
331 3644 562 3710 propugnatores
581 3642 711 3696 Ecclesia
723 3643 806 3698 liunt.
998 3649 1102 3703 merito
1117 3654 1214 3703 nostre
1226 3646 1366 3719 sapientia
1381 3645 1431 3700 bei
1445 3644 1523 3699 veuit
1535 3645 1569 3698 ad
1584 3660 1649 3699 nos.

132 3725 194 3780 «Et
215 3725 287 3797 lapis
304 3728 455 3783 solutus.»
476 3729 548 3794 Quia
567 3746 617 3784 cor
641 3730 756 3798 durvrm,
779 3736 946 3803 etc,usque
1035 3738 1115 3791 Vens.
1132 3739 1173 3792 tt.
1197 3755 1257 3788 -u
1280 3737 1336 3791 Nec
1364 3733 1557 3789 iuveniturin
1586 3737 1673 3787 terra.
1693 3754 1705 3783 s
1728 3734 1851 3802 Terram,

93 3810 130 3865 “d
144 3816 172 3865 θῑ
184 3827 238 3882 per
252 3813 485 3883 Pfffidissali‘fflflm
500 3816 694 3872 s⁰¹1⁰1't18s121l·
998 3825 1157 3881 humanam
1168 3825 1296 3880 animam
1318 3822 1397 3879 dicit.
1414 3823 1478 3878 llaec
1493 3821 1633 3893 sapientia
1646 3820 1679 3875 iu
1694 3826 1773 3877 terra
1796 3839 1854 3877 sua·

130 3901 211 3955 Vnus.
230 3904 305 3956 3.-
322 3903 474 3974 «Tempus
489 3905 875 3979 posuittenebris.·lniqni
904 3907 944 3961 vi·
999 3914 1072 3969 viter
1096 3913 1252 3968 viventium
1278 3911 1403 3967 inveniri
1428 3926 1485 3966 non
1503 3913 1608 3981 potest,
1629 3909 1701 3982 quia
1727 3909 1854 3983 quisquis

91 3988 196 4045 delicet
209 3990 338 4058 medum,
355 4008 412 4062 quo
427 3992 520 4064 iniqui
535 4010 596 4048 esse
610 3995 757 4051 desistant.
1000 4003 1094 4058 adhue
1109 4003 1194 4073 hujus
1207 4001 1273 4056 vitae
1302 4000 1498 4070 voluptatibus
1513 3998 1653 4070 pasoitur,
1686 3998 1723 4053 ah
1741 4003 1854 4055 aeterne

132 4101 143 4127 ι
162 4080 194 4133 ut
204 4079 415 4136 universorum.
432 4103 446 4130 »
473 4081 545 4146 Ouia
568 4083 697 4137 intuetur
720 4085 876 4141 electorum
888 4089 942 4139 ter·
1001 4090 1148 4162 sapientiae
1163 4090 1307 4145 intellectu
1324 4092 1481 4160 separatur.

94 4167 215 4233 minum,
242 4173 408 4238 etc.,us‹1ue
434 4170 471 4224 od
496 4173 574 4242 quod
602 4173 749 4247 obduratae
773 4173 901 4244 perfidiae
915 4189 945 4227 se
1036 4180 1118 4234 Vens.
1148 4180 1190 4233 tt.
1219 4178 1375 4250 «Abyssus
1402 4174 1510 4231 dicit.»
1537 4174 1664 4246 Abyssus
1690 4174 1760 4232 dicit
1772 4175 1852 4230 eorda

93 4255 219 4311 tenebris
234 4262 362 4311 Gaessffl'el·
965 4267 1163 4345 „hominnm
1180 4272 1246 4335 etc,
1277 4282 1361 4336 usque
1389 4265 1427 4320 ud
1453 4280 1520 4337 quc
1543 4263 1632 4320 stulta
1658 4264 1737 4336 apnd
1766 4266 1852 4320 Deum

132 4366 142 4393 ι
161 4345 298 4416 Lapidem
312 4361 428 4417 quoque
444 4346 583 4416 caliginis.
600 4369 611 4396 ι
630 4349 757 4420 Populus
779 4351 945 4405 ludaeorum
1001 4356 1077 4422 dicit,
1094 4356 1201 4427 iniquis
1215 4355 1364 4427 operibus.

94 4432 215 4505 perfidia
226 4433 325 4501 durus,
342 4438 407 4502 etc,
433 4436 569 4505 usquead
592 4437 654 4508 ejus
680 4438 711 4493 in
734 4455 764 4494 se
789 4439 947 4511 imaginem
1038 4446 1140 4500 «blare
1162 4445 1290 4516 loquitur
1306 4461 1312 4498 :
1330 4459 1398 4510 non,
1412 4440 1633 4513 »inquietorum
1647 4445 1773 4509 mentes,
1789 4446 1851 4509 etc,

97 4521 244 4592 expressit.
1000 4530 1134 4599 usquead
1149 4530 1196 4584 sed
1210 4545 1263 4600 per
1276 4527 1460 4598 semetipsam
1476 4525 1596 4581 veniret.
1612 4524 1771 4597 Sequitur:

130 4611 210 4664 Vsus.
238 4611 265 4665 4.
293 4633 356 4660 -ι
389 4611 501 4668 [lividet
526 4618 664 4669 torrensa
687 4616 836 4687 populo.»
860 4616 945 4688 (thid.)
1037 4620 1117 4674 Vnus.
1137 4623 1179 4674 ts.
1200 4639 1261 4667 -«
1283 4617 1345 4672 Non
1372 4615 1487 4671 dabitur
1514 4629 1617 4669 aurum
1646 4613 1780 4670 obrizum
1805 4630 1852 4686 pro

94 4699 241 4753 Torrentis
267 4703 364 4753 autem
392 4700 520 4770 nemine,
546 4705 611 4768 ete,
651 4717 734 4772 usque
760 4705 797 4759 ud
830 4706 947 4761 nomine
1002 4722 1074 4764 ea.»
1104 4710 1216 4762 Aurum
1242 4705 1372 4760 obrizum
1399 4702 1490 4758 sancti
1511 4702 1607 4773 angeli
1638 4710 1850 4776 nuncupantur,

94 4787 230 4842 torrentis
255 4791 348 4859 potest
375 4786 505 4859 irrigatio
532 4796 637 4846 sauctae
661 4792 874 4862 predicationis
899 4794 947 4849 in·
1001 4801 1066 4862 etc,
1081 4811 1165 4866 usque
1176 4795 1213 4849 ud
1227 4794 1276 4849 sed
1292 4809 1352 4847 non
1366 4792 1427 4847 sine
1437 4790 1569 4861 contagio
1584 4790 1689 4862 eulpae.

94 4875 196 4947 telligi·
1039 4906 1049 4933 r
1067 4884 1124 4939 Nec
1137 4884 1473 4955 appendetnrargentum
1483 4880 1514 4934 iu
1524 4879 1849 4952 commutationeojas.»

134 4965 213 5019 «Eos
227 4980 298 5036 quos
323 4965 439 5034 oblitus,
455 4989 466 5015 ι
484 4966 512 5022 id
532 4972 574 5022 est
592 4968 715 5036 Judaeos,
730 4974 796 5036 etc,
816 4971 947 5040 usquead
1000 4972 1073 5037 Quia
1086 4976 1144 5026 vita
1169 4973 1313 5042 justorum
1340 4968 1569 5041 predicantium,
1592 4969 1637 5023 vel
1660 4968 1779 5039 eloquia
1805 4967 1851 5024 uei

95 5051 161 5121 qnia
177 5053 270 5108 verbis
283 5054 348 5108 vitae
363 5055 397 5109 ad
413 5071 462 5109 eor
473 5055 546 5110 viam
561 5056 689 5127 praebere
716 5058 879 5114 noluerunt.
1000 5058 1197 5126 scribentium,
1213 5057 1392 5129 quantalibet
1407 5056 1563 5111 sanctitatis
1581 5056 1644 5111 luce
1664 5057 1784 5129 polleat,
1807 5056 1851 5112 ad·

130 5142 210 5196 Vsus.
227 5145 256 5196 5.
273 5173 306 5182 -
319 5162 333 5190 «
358 5144 445 5198 Terra
466 5145 501 5198 de
525 5161 582 5217 qna
612 5145 793 5200 oriebatur.»
811 5146 883 5211 Quia
896 5149 945 5203 Ju·
1000 5155 1117 5204 ventum
1134 5147 1215 5202 nobis
1232 5162 1365 5217 supernae
1392 5144 1540 5217 sapientie
1556 5159 1608 5214 per
1627 5161 1712 5200 suam
1728 5161 1850 5218 pressen-

96 5229 195 5283 daeaet
211 5228 293 5299 prius
320 5231 422 5287 habuit
452 5233 546 5304 legem
574 5250 639 5304 quae
665 5234 805 5302 reliceret,
829 5240 947 5307 etpost
1000 5235 1358 5292 tiamnoncommunieat.

94 5316 162 5369 visis
177 5317 322 5373 miraculis
347 5319 557 5392 Redempturis,
586 5322 723 5377 invidiam
741 5339 805 5395 quae
830 5340 945 5378 concre·
1032 5327 1113 5380 Vens.
1139 5328 1180 5379 td.
1196 5353 1228 5364 —
1248 5345 1259 5373 ι
1279 5324 1342 5379 Non
1356 5322 1521 5379 conteretur
1533 5320 1632 5378 tinctis
1660 5322 1755 5379 Indiae
1775 5325 1848 5380 colo-

95 5410 195 5458 marfll·
999 5414 1089 5469 ribus.
1119 5435 1131 5463 ι
1160 5417 1213 5469 Per
1243 5413 1353 5468 indiam
1383 5412 1430 5467 bie
1452 5411 1578 5467 mundus
1600 5411 1755 5484 accipitur,
1787 5417 1847 5479 ete,

132 5494 211 5548 t'eas.
228 5498 254 5549 e.
271 5525 305 5534 —
320 5520 333 5543 ιι
350 5498 437 5553 bueus
453 5499 581 5570 sapphiri
596 5500 707 5572 lapides
731 5501 803 5573 ejas.
821 5523 832 5551 ι
850 5501 945 5574 (ibid)
998 5518 1084 5574 usque
1098 5504 1135 5558 ud
1148 5508 1177 5559 et
1192 5502 1274 5558 vestis
1289 5501 1351 5556 sine
1364 5501 1499 5557 tinctura.
