3892 6106
54 229 124 281 1157
505 224 632 282 tiLOSSli
651 222 855 281 ouotuaula.
876 252 911 262 -
929 222 1102 280 cauliculi
1123 220 1359 281 CANTICORUM.
1744 228 1813 285 titt

50 343 103 397 tati
116 342 266 398 affectione
280 341 307 396 ei
327 341 479 397 coherces.
496 343 572 398 Filiae
592 343 754 399 ierusalem.
785 344 839 397 Pro
853 342 942 399 ἀεὶ-Α
995 343 1076 399 Vens.
1093 345 1119 398 3.
1135 344 1305 400 -Putcbro
1319 361 1356 414 es,
1381 348 1470 402 amico
1492 363 1560 404 meu.
1584 349 1726 406 Hactenus
1753 367 1807 408 vox

53 448 120 487 core
154 432 290 487 carminis
314 430 461 486 variantur
484 447 615 502 persone
648 432 904 503 colloquentium:
961 431 1091 487 Ecclesie
1116 432 1269 488 Dominum
1296 450 1381 490 suum
1405 436 1548 491 laudantis
1570 444 1600 492 et
1626 440 1808 510 querentis;

53 521 220 576 sedeadem
247 519 350 576 Christi
377 520 500 575 Ecclesia
512 526 630 575 notatur
643 524 672 574 et
686 520 804 575 nomine
819 536 906 592 spon·
959 521 1161 592 quiquoniam
1179 522 1269 577 asuis
1291 523 1467 579 amatoribus
1493 541 1549 579 nou
1578 525 1739 598 longeest,
1766 543 1811 583 se·

53 626 103 676 se,
121 615 151 664 et
173 609 291 664 nomine
315 607 450 663 filiarum.
473 609 545 664 Cum
573 609 607 663 ad
624 608 746 680 patriam
762 609 905 664 celestem
960 609 1060 680 quitur
1078 609 1145 680 quid
1161 611 1297 682 quesitus
1312 612 1484 682 respondeat
1500 629 1506 666 :
1525 617 1552 667 et
1566 615 1691 670 declarat
1704 632 1734 671 se
1754 615 1812 672 iilis

54 698 189 769 suspirat,
204 696 287 752 iilia:
312 712 377 751 cnm
406 696 478 751 nihil
511 696 567 751 nisi
596 698 686 752 Deum
713 701 793 751 curet
808 698 907 752 andire
960 698 1143 770 loquentibus
1168 699 1303 766 adfuisse,
1318 705 1346 754 et
1373 701 1441 772 quid
1470 701 1661 773 loquerentur
1682 705 1811 775 audisse;

54 785 457 858 relinqui,sponsadicitor.
960 787 1198 859 devotionemque
1233 804 1302 859 erga
1327 805 1357 844 se
1385 795 1552 844 remunerat
1577 790 1664 862 digna
1695 793 1812 850 illorum

92 877 173 930 vaes.
200 868 298 929 175-
315 875 373 939 Quo
397 873 467 927 abiit
494 872 619 928 diiectas.
649 873 755 929 Audite
771 874 908 946 qualitate
961 875 1136 931 laudatione.
1168 877 1319 943 Terribilia,
1345 881 1376 931 ut
1398 883 1550 933 castrorum
1578 882 1649 935 ccicc
1670 882 1811 940 ordinato.

55 964 164 1024 dilecti.
179 963 214 1019 de
229 978 286 1035 qua
311 960 485 1033 quesierant
511 961 580 1016 filie
606 962 775 1031 ierusalem,
798 963 910 1018 addunt
961 963 1034 1028 Quia
1048 980 1099 1035 per
1122 963 1263 1019 unitatem
1284 964 1431 1020 charitatis
1455 973 1613 1038 compacta,
1644 968 1757 1023 nullum
1773 971 1814 1026 lo·

56 1052 143 1107 aliem
172 1051 380 1123 questionem:
409 1048 478 1121 quia
503 1050 679 1104 enumeratis
709 1051 907 1118 totiaudibus,
962 1069 1026 1107 curn
1051 1052 1144 1122 aperit
1165 1068 1219 1122 per
1243 1053 1352 1107 rnatum
1368 1053 1516 1108 discordie
1539 1055 1680 1121 hostibus,
1701 1054 1732 1110 id
1758 1059 1812 1122 est,

57 1140 124 1212 quis
148 1141 268 1194 audiens
295 1155 353 1193 non
384 1139 639 1210 concupiscatiet
665 1139 719 1193 hoc
745 1140 775 1195 in
801 1141 909 1196 unitate
962 1140 1105 1196 hereticis
1133 1142 1176 1195 vel
1192 1141 1349 1196 immundis
1362 1142 1518 1214 spiritibus.
1543 1143 1642 1198 Castra
1665 1144 1810 1199 iiomunc·

56 1234 163 1284 sancte
177 1228 307 1283 Ecclesiae
335 1228 445 1298 inquiri
475 1231 597 1299 oportet,
626 1227 656 1283 in
680 1228 810 1299 qualium
825 1231 910 1285 corde
962 1230 1288 1300 rumterribiiiaerant,
1314 1231 1383 1304 quie
1415 1235 1508 1287 totum
1533 1232 1672 1287 erundum
1700 1249 1812 1305 preme·

56 1317 332 1389 potissimum,etin
359 1332 417 1387 quo
440 1331 545 1388 genere
574 1317 799 1373 conversationis
816 1317 910 1373 Domi·
963 1319 1280 1386 hant3sedncnerent
1303 1320 1410 1387 suavia,
1440 1320 1617 1392 quiareram
1640 1337 1813 1392 pacemnon

56 1423 112 1460 nus
126 1408 216 1461 soleat
230 1404 362 1460 inveniri.
383 1405 440 1471 Quo
467 1405 547 1472 abiit,
574 1421 634 1461 non
657 1405 847 1477 relinquendo
862 1422 911 1461 eos
964 1406 1117 1464 hebebant.
1147 1408 1180 1462 ln
1207 1408 1329 1462 Ecclesia
1352 1424 1405 1463 nec
1427 1413 1520 1463 terror
1553 1396 1733 1478 suavitatem,
1760 1426 1811 1465 nec

56 1494 295 1566 inquiboserat,
323 1494 370 1549 sed
398 1493 447 1549 ubi
467 1493 537 1548 alios
562 1495 694 1558 associet,
709 1502 738 1549 et
761 1495 912 1566 postatios
965 1494 1089 1548 suavitas
1115 1499 1254 1548 terrorem
1283 1494 1393 1549 aufert:
1416 1512 1480 1567 que
1510 1496 1640 1550 interra
1669 1496 1812 1552 celestem

56 1583 144 1638 etiam
160 1583 231 1636 alios
245 1582 355 1647 inritet,
376 1586 405 1636 et
418 1582 459 1636 sic
470 1582 559 1650 abire,
586 1587 616 1636 et
642 1582 786 1638 declinare
808 1583 912 1638 dicitur
966 1580 1054 1635 ritem
1074 1582 1143 1650 egit,
1159 1588 1189 1636 et
1203 1583 1527 1639 barbarosdirersarum
1540 1585 1689 1639 nationum
1701 1586 1813 1640 animos

56 1672 93 1728 ed
118 1672 237 1726 modum
265 1672 400 1737 candele,
426 1686 491 1743 que
514 1687 580 1726 cum
600 1686 718 1726 accensa
744 1672 790 1738 sit,
807 1672 912 1727 multas
967 1670 1002 1723 ed
1026 1686 1110 1724 suum
1133 1671 1220 1726 ritum
1243 1672 1357 1726 trahere
1387 1673 1498 1743 satagit.
1527 1672 1597 1738 Quae
1622 1678 1721 1728 minen
1745 1674 1813 1745 quia

57 1761 128 1816 elias
155 1760 379 1831 circumquaque
405 1760 544 1825 accendit,
568 1759 743 1831 ipsatamen
770 1761 843 1816 nihil
860 1778 911 1833 pa·
966 1759 1090 1813 necdum
1105 1757 1207 1814 faciem
1223 1759 1330 1828 dilecti,
1353 1777 1439 1832 qnam
1469 1763 1593 1815 maxime
1609 1761 1723 1833 querit,
1751 1778 1813 1818 cer·

57 1850 134 1904 tiens
172 1848 352 1903 detrimenti.
390 1849 449 1913 Quo
484 1849 563 1903 abiit.
598 1848 711 1920 (Gneo.)
744 1849 909 1917 Sciendum,
966 1861 1034 1900 nere
1046 1848 1254 1903 meretur:hic
1268 1848 1477 1920 subsequenter
1491 1850 1586 1903 audit:

60 1937 241 2008 quodlleus,
265 1935 316 2007 qui
344 1936 449 2007 ubique
474 1942 526 2001 est,
556 1936 588 1991 in
615 1936 678 1992 loco
709 1943 762 2004 est,
788 1937 837 1993 sed
870 1939 911 1993 to·
1003 1934 1085 1989 Vens.
1108 1937 1396 1992 4.—Aocrteccutos
1423 1943 1481 1992 tuos
1506 1953 1590 1992 ome.
1605 1936 1709 2003 Quasi:
1736 1938 1813 1994 tierr-

59 2026 130 2080 celis
162 2041 221 2080 non
253 2030 305 2080 est.
340 2024 440 2080 hecale
477 2025 591 2092 dicitur,
625 2026 702 2097 quod
729 2025 911 2081 circumseri·
965 2022 1199 2079 ioscoiumbinos
1215 2025 1266 2080 tibi
1284 2025 1361 2092 dedi,
1374 2026 1480 2096 quihus
1492 2025 1740 2097 senritasjustitie
1759 2026 1815 2081 dis·

59 2114 139 2170 bitur
152 2113 310 2169 secundum
327 2118 421 2184 partes
449 2114 505 2168 loci
529 2130 615 2186 snpra
640 2119 669 2169 et
692 2114 777 2182 infra,
801 2119 868 2170 ante
883 2118 912 2170 et
966 2127 1098 2167 cerneres
1118 2129 1125 2167 :
1143 2112 1192 2167 sed
1209 2117 1306 2168 temen
1335 2112 1584 2185 intemperatae
1607 2114 1813 2185 peregrinatio-
1902 2145 1904 2150 ·

59 2201 281 2268 retro,dextera
303 2207 332 2255 et
359 2200 485 2256 sinistra.
514 2203 585 2257 Cum
604 2217 672 2258 vero
695 2202 792 2273 angeli
821 2203 912 2257 ethu·
965 2201 1011 2254 nis
1032 2216 1067 2255 ne
1096 2216 1209 2272 queres
1225 2217 1270 2256 me
1294 2202 1418 2272 perfecte
1446 2218 1632 2273 cognoscere.
1659 2204 1719 2260 Nou
1741 2205 1812 2258 euim

60 2305 154 2344 mane
169 2290 273 2344 anime
289 2290 350 2343 loco
379 2289 575 2345 circumscribi
604 2306 664 2345 non
678 2295 812 2360 possunt,
824 2290 911 2363 longo
965 2288 1068 2345 uidebit
1087 2290 1259 2344 mcbcmcet
1278 2291 1352 2346 oioct
1373 2289 1474 2360 (and.
1498 2289 1604 2361 xrxrrr).
1637 2291 1676 2345 Ne
1700 2307 1813 2362 queres

60 2380 156 2434 minos
175 2378 540 2449 illaincomprehensibilis
560 2378 912 2450 substantialiaq'orrero
966 2377 997 2431 in
1026 2377 1069 2432 via
1097 2378 1261 2449 premium,
1284 2378 1361 2449 quod
1393 2378 1445 2432 tibi
1469 2379 1499 2433 in
1523 2378 1616 2450 patria
1641 2384 1810 2434 reservatur.

60 2466 199 2537 cognitio,
224 2481 289 2538 que
313 2467 342 2520 in
355 2466 490 2537 presenti
513 2466 549 2521 de
565 2468 621 2521 [teo
635 2465 740 2520 habere
755 2471 859 2537 potest,
871 2470 911 2536 et,
967 2467 1039 2533 Quin
1051 2468 1108 2536 ipsi
1119 2482 1170 2522 ma.
1187 2467 1280 2521 Nona
1303 2466 1443 2522 desiderio
1465 2467 1657 2539 cognoscendi
1679 2468 1810 2536 desistas,

60 2557 218 2611 secundum
234 2556 296 2626 ejus
319 2556 380 2610 sola
404 2571 509 2626 opera:
527 2555 595 2627 qnia
610 2556 687 2626 quod
713 2555 798 2609 altius
812 2560 865 2622 est,
881 2555 911 2610 in
966 2555 1015 2609 sed
1042 2554 1078 2610 de
1101 2555 1293 2626 cognoscendi
1320 2555 1455 2610 facultate
1479 2570 1515 2610 ne
1534 2571 1709 2627 presumas:
1739 2556 1813 2611 unde

60 2660 147 2699 cerne
161 2658 312 2713 possumus
327 2643 537 2698 mirificentiam
561 2660 682 2717 operum
705 2643 756 2698 Dei
770 2643 913 2698 subtiliter
966 2641 1290 2711 dicitur,.ucuuimcttms
1312 2644 1370 2714 ejas
1383 2658 1437 2699 ocu
1450 2650 1489 2698 est
1510 2647 1574 2713 linis
1602 2645 1687 2711 (Psoi,
1714 2647 1802 2712 creir)

60 2730 219 2786 attendere.
256 2731 314 2796 Quo
338 2731 408 2785 abiit
439 2731 553 2786 dilectus
588 2737 660 2798 tuus,
689 2732 913 2801 oputcbcrrimc
965 2734 1082 2788 Auctore
1096 2733 1228 2799 feceruut.
1245 2731 1339 2803 (liae)
1355 2732 1417 2797 Quo
1433 2732 1576 2787 intensius
1587 2747 1633 2786 me
1659 2748 1814 2803 agnoscere

60 2821 216 2876 mulierum.
232 2817 310 2874 Licet
338 2819 414 2873 fieus
442 2820 588 2874 communi
615 2819 701 2874 modo
717 2819 851 2874 omnibus
864 2835 911 2875 re·
966 2820 1079 2892 queris,
1094 2835 1127 2874 eo
1144 2820 1284 2874 intensius
1300 2835 1345 2874 me
1359 2818 1679 2890 incomprehensibilem
1694 2836 1755 2874 esse
1767 2821 1813 2875 in·

62 2909 118 2964 bus
132 2907 210 2974 insit,
227 2907 389 2977 presentia,
404 2907 541 2978 potentia,
569 2907 738 2975 substantie,
755 2912 853 2964 tamen
867 2906 909 2963 fa·
926 2914 947 2969 c
964 2906 1081 2978 telligis,
1097 2912 1126 2962 et
1140 2923 1198 2961 non
1213 2912 1256 2962 est
1271 2910 1321 2961 tua
1335 2908 1429 2979 culpa,
1448 2907 1472 2960 si
1487 2921 1533 2961 me
1547 2922 1607 2961 non
1635 2907 1785 2978 cognoscis
1805 2924 1812 2963 :

61 2997 170 3052 miliari
181 2996 265 3051 modo
280 2996 386 3052 dicitur
400 2996 503 3063 inesse,
518 2996 546 3051 id
567 3001 621 3062 est,
638 3013 692 3067 per
712 2996 915 3068 gratiam,itlis
967 2996 1017 3051 sed
1031 3001 1074 3050 est
1087 2994 1239 3050 infirmitas
1268 2995 1403 3051 humane
1426 2994 1610 3050 conditionis.
1640 2997 1741 3066 Gopitti
1769 2999 1811 3052 tui

63 3085 169 3158 quibus
184 3100 270 3155 opere
284 3101 336 3139 sua
351 3084 484 3140 ridentur
499 3083 685 3152 mirabiliora,
702 3085 752 3156 qui
767 3086 834 3140 licet
853 3086 913 3156 ple·
967 3086 1113 3153 ricutpree
1126 3100 1283 3154 caprarum,
1306 3090 1363 3140 etc.
1397 3083 1430 3139 lli
1455 3083 1586 3138 versiculi
1600 3100 1688 3156 supra
1713 3085 1812 3156 positi,

62 3172 193 3229 neuriiei
212 3172 414 3227 notitiemnon
430 3171 565 3234 habeant.
585 3177 683 3228 temen
703 3172 915 3229 mirificentiam
968 3179 997 3229 et
1010 3172 1144 3244 expositi,
1165 3172 1213 3228 sed
1231 3188 1287 3226 non
1302 3172 1400 3244 pigeat
1427 3187 1485 3226 non
1513 3172 1643 3227 iterando
1672 3189 1814 3244 exponere
1914 3174 1919 3181 '

64 3277 186 3334 operum
202 3260 255 3316 Dei
267 3261 378 3316 acutius
394 3261 585 3316 considerent.
968 3261 1044 3333 quod
1058 3265 1205 3316 auctorem
1219 3277 1276 3315 non
1291 3261 1386 3332 piguit
1399 3260 1550 3316 scribendo
1573 3260 1687 3324 iterare.
1705 3267 1736 3318 ut
1749 3261 1814 3318 nori

289 3389 292 3394 -
967 3349 1078 3421 aliquid
1092 3349 1226 3405 addatur.
1245 3350 1286 3404 Ne
1314 3348 1438 3404 Ecclesia
1456 3349 1582 3420 graviter
1609 3349 1697 3405 ferret
1710 3351 1816 3424 quoda

403 3403 516 3460 CAPUT
553 3405 601 3459 w·
968 3439 1137 3510 cognotione
1156 3437 1252 3492 dilecti
1276 3437 1471 3509 suspenditur,
1487 3436 1619 3508 sequitur
1647 3437 1811 3511 descriptio,

101 3527 183 3582 Vens.
199 3529 223 3592 l,
239 3556 275 3570 -
291 3527 410 3582 Dilectus
434 3542 517 3583 meus.
543 3527 684 3582 Descmdit
698 3527 822 3599 irrigans
837 3528 915 3584 fonte
969 3542 1027 3598 qua
1053 3525 1285 3582 assimilaturiili
1312 3525 1466 3597 primitiae
1490 3525 1620 3581 Ecclesiae
1645 3527 1813 3596 Jerusalem,

64 3614 211 3685 baptismi,
225 3615 259 3670 de
274 3617 332 3670 aito
348 3616 465 3671 veniens
480 3616 509 3670 in
525 3616 628 3671 humili
655 3617 764 3688 positos
777 3617 914 3673 visitavit.
969 3615 1004 3670 de
1019 3631 1076 3686 qua
1091 3631 1149 3669 non
1160 3614 1318 3679 dubitatur,
1334 3614 1404 3685 quio
1418 3613 1508 3668 amica
1522 3613 1572 3668 Dei
1599 3613 1695 3670 fuerit.
1721 3616 1816 3673 Omues

65 3703 102 3758 Ut
116 3719 169 3758 nos
184 3720 297 3759 sursum
313 3705 542 3770 ascenderemus,
564 3704 702 3760 Dominus
726 3706 755 3759 in
787 3711 915 3762 montem
968 3705 1088 3773 nemetes
1101 3703 1213 3772 fetibus,
1228 3707 1255 3757 ct
1271 3704 1374 3759 eteritis
1388 3718 1441 3758 non
1451 3707 1490 3757 cst
1504 3705 1532 3757 in
1544 3705 1593 3757 eis.
1609 3702 1815 3760 consimilibus

65 3791 341 3863 descendit,ltoyscs
365 3792 538 3847 inurentem
567 3792 703 3848 escendit.
734 3792 806 3849 Cum
833 3794 918 3849 dixis·
969 3791 1074 3847 fetibus
1114 3791 1183 3862 quia
1204 3791 1275 3844 tales
1297 3790 1368 3844 alios
1395 3790 1531 3857 reddunt,
1546 3792 1646 3861 quates
1658 3792 1712 3861 ipsi
1737 3802 1813 3850 suut.

66 3883 128 3934 set:
145 3881 290 3937 Descendit
316 3882 346 3935 iu
379 3881 496 3946 bortum,
527 3880 605 3935 addit
632 3879 755 3952 qualiter
778 3880 815 3936 sit
838 3881 916 3937 idem
968 3879 1019 3939 Vel
1034 3879 1163 3951 duplices
1176 3879 1259 3947 fetus,
1286 3893 1374 3949 opere
1389 3878 1511 3948 gemine
1539 3878 1696 3946 charitatis,
1713 3881 1767 3949 rel,
1782 3882 1815 3936 fi-

67 3968 169 4022 hortus
182 3969 362 4037 constitutus,
379 3986 436 4042 qua
449 3970 531 4041 fruge
546 3967 697 4037 fecundus,
711 3969 865 4034 cumdicit,
879 3971 918 4026 ad
971 3967 1048 4023 deles
1075 3969 1110 4022 de
1132 3974 1255 4040 utreque
1282 3967 1389 4039 populo
1412 3967 1559 4021 conuersi:
1598 3968 1654 4037 vel,
1680 3968 1752 4023 iides
1787 3981 1816 4025 et

67 4058 187 4111 ereetum
213 4062 374 4112 oromatum.
404 4059 507 4112 llortns
531 4058 673 4113 Ecclesia:
701 4057 917 4130 hortosqueli·
970 4074 1051 4129 opus.

67 4145 117 4200 bet
132 4145 225 4200 fidelis
252 4147 359 4201 anime.
387 4148 489 4201 Areoic
510 4149 552 4200 est
576 4162 656 4202 mens
678 4147 913 4220 tidelis,quedi·
1006 4146 1086 4200 Vens,
1118 4148 1144 4200 6.
1180 4174 1214 4185 -
1242 4145 1317 4202 Sicut
1347 4150 1439 4201 corten
1461 4146 1529 4199 mcii
1550 4146 1655 4214 punici,
1679 4149 1719 4202 aie
1742 4163 1816 4215 perce

67 4235 288 4304 sciplinarectoe
316 4234 384 4289 fidei
410 4235 519 4304 edocta,
548 4237 631 4307 quasi
659 4237 749 4308 equis
778 4236 914 4292 lateribus
933 4204 955 4258 Β
970 4238 1034 4297 tue,
1059 4240 1111 4288 etc.
1139 4233 1249 4305 (Gneo.)
1272 4234 1343 4289 Cum
1362 4232 1447 4288 multi
1474 4233 1547 4288 mire
1572 4239 1671 4305 agunt,
1697 4243 1817 4291 ventura
1881 4232 1893 4249 ⁴

67 4323 214 4377 hincinde
242 4328 284 4378 est
309 4323 489 4395 composite:
514 4329 543 4379 et
562 4324 643 4397 quasi
672 4324 768 4380 solerti
794 4325 916 4381 fossorio
970 4323 1152 4395 prophetant,
1168 4322 1311 4377 mundum
1324 4323 1446 4393 perfecte
1462 4323 1639 4394 relinquunt,
1654 4324 1818 4380 celestibus

66 4410 242 4465 creberrime
272 4419 425 4477 reversata,
446 4418 474 4467 et
512 4428 530 4466 a
557 4413 710 4485 superfluis
737 4413 917 4485 graminibus
971 4411 1118 4467 desideriis
1145 4412 1267 4468 ardent:
1283 4411 1357 4466 sicut
1380 4418 1478 4467 cortex
1497 4413 1566 4466 mali
1587 4413 1685 4483 punici
1713 4420 1817 4470 sancte

68 4505 239 4571 expurgata.
270 4500 436 4571 Respondet
455 4501 511 4573 piis
537 4509 703 4557 sanctorum
725 4503 874 4559 desideriis
884 4520 917 4558 ac
971 4506 1176 4572 comparantur
1203 4500 1344 4556 Ecclesiae.
1367 4500 1421 4556 Sed
1443 4500 1504 4556 hec
1533 4500 1629 4556 omnia
1654 4502 1726 4558 nihil
1751 4509 1819 4559 sunt

66 4588 222 4643 fructuosis
261 4591 397 4660 oporibus
424 4606 490 4644 enm
531 4590 675 4655 delectari,
716 4608 748 4647 ac
775 4591 917 4663 perfectos
971 4589 1008 4645 ed
1023 4589 1268 4661 comparationem
1282 4588 1324 4644 rei
1337 4589 1373 4644 de
1388 4604 1446 4660 qua
1466 4589 1621 4646 scribitur:
1640 4591 1718 4657 Quod
1727 4593 1818 4648 ocutus

66 4694 198 4748 quosque
232 4677 409 4732 castimonie
435 4679 588 4733 virtutibus
619 4679 653 4734 ad
677 4685 785 4735 eterna
812 4678 918 4751 gaudia
971 4694 1026 4734 uon
1062 4678 1134 4735 cidit
1153 4681 1291 4734 moceria
1315 4677 1434 4743 audiuit,
1461 4684 1514 4733 etc.
1538 4680 1604 4744 (iso.
1628 4680 1713 4753 narr.)
1739 4681 1818 4737 Unde

66 4767 211 4836 colligere.
228 4766 302 4821 titia
322 4767 435 4835 coilipit,
461 4767 530 4822 dum
546 4767 580 4822 ad
610 4768 802 4839 perfectorum
830 4767 917 4824 meri·
972 4767 1175 4823 convenienter
1188 4767 1306 4823 subdit:
1329 4767 1440 4836 Absque
1449 4765 1561 4823 occultis
1571 4770 1636 4836 tuis,
1665 4769 1748 4840 quasi
1772 4769 1818 4824 di-

65 4858 161 4909 torum
188 4854 348 4910 candorem
376 4857 583 4926 pervenientes,
618 4856 654 4912 de
681 4862 757 4912 statu
771 4857 821 4912 ubi
835 4860 918 4912 erant
971 4861 1028 4925 cat,
1048 4872 1153 4928 inagna
1167 4857 1283 4927 quidem
1298 4859 1376 4922 sunt,
1391 4871 1457 4926 que
1472 4855 1502 4911 in
1517 4862 1545 4911 te
1561 4873 1621 4912 non
1645 4857 1744 4924 latent,
1768 4858 1817 4913 aed

66 4944 158 5014 prius,
175 4943 270 4998 educit
283 4948 313 4999 et
326 4944 362 4999 ed
373 4945 499 5000 celestia
518 4945 756 5017 regnaperducit.
972 4945 1054 5000 vaide
1069 4945 1225 5001 ineffabilia
1240 4961 1305 5016 que
1321 4946 1419 5000 latent.

104 5031 182 5087 Vens.
203 5035 230 5087 2.
257 5061 291 5072 -
315 5035 372 5103 Epo
397 5034 493 5089 diiecto
529 5043 594 5089 mec.
636 5035 716 5089 lianc
746 5033 916 5089 versiculum
1008 5035 1087 5089 Vnae.
1103 5038 1128 5092 f.
1154 5062 1191 5077 -
1215 5033 1369 5101 Sexaginta
1381 5039 1444 5089 suut
1459 5036 1560 5104 repiue
1579 5039 1603 5089 ct
1611 5036 1746 5104 octogiuta
1759 5051 1819 5091 con-

67 5119 187 5191 apponit
203 5123 401 5192 exaggerando
416 5122 565 5178 stimulum
592 5123 742 5178 immense
760 5123 915 5189 charitatis,
973 5124 1087 5190 cubitare,
1101 5127 1153 5177 etc.
1171 5122 1289 5193 liegine
1304 5128 1333 5178 et
1359 5123 1527 5178 concubine
1542 5124 1650 5194 pariter
1677 5124 1712 5179 ed
1740 5124 1819 5180 thro-

68 5227 135 5282 que
154 5211 274 5267 interius
289 5212 457 5268 exardescit.
470 5212 577 5277 Quasi:
594 5213 626 5267 ln
643 5229 688 5268 me
707 5211 865 5281 descendit,
887 5211 918 5267 in
974 5226 1043 5265 nrum
1059 5211 1135 5282 regis
1149 5209 1298 5274 accedunt,
1314 5209 1422 5281 pariter
1436 5217 1585 5282 generant,
1601 5211 1650 5267 aed
1661 5227 1720 5267 uon
1735 5216 1818 5268 utre·

68 5300 330 5369 mepoteshabere
353 5300 475 5355 formam
504 5300 566 5370 cius
594 5315 679 5372 quem
703 5299 918 5372 queritistho
973 5315 1030 5372 que
1046 5299 1180 5354 diadema
1198 5299 1280 5370 regni
1291 5299 1408 5354 habent.
1435 5300 1552 5372 liegine
1581 5306 1659 5368 sunt,
1685 5317 1750 5373 qne
1772 5301 1820 5357 in·

67 5389 163 5458 nepae
189 5403 245 5443 meo
271 5394 296 5443 rt
322 5403 403 5459 nepos
427 5404 501 5445 metu
530 5391 608 5456 milti,
623 5391 775 5460 quipoecit
795 5390 867 5444 inter
881 5389 920 5446 ti·
974 5389 1050 5445 tuitu
1063 5387 1611 5459 regnicoeleatisdcctrinesinserviunt3
1641 5390 1818 5457 concubine,

71 5477 121 5532 tic.
567 5506 588 5527 μ·
976 5491 1153 5549 queamcrc
1182 5477 1385 5548 temporalium
1401 5477 1544 5535 Christum
1557 5478 1738 5535 annuntient.
1753 5480 1819 5536 ideo
