3892 6106
142 288 211 344 ¹⁰¹5
465 283 662 340 walarulul
682 281 808 339 sanast
827 281 926 338 FULI).
946 279 1028 336 ΜΟΝ.
1046 275 1125 335 ΟΡΡ.
1146 278 1233 334 Plus
1251 278 1273 332 l.
1292 305 1328 318 -·
1346 274 1576 334 absolutius.
1827 276 1893 330 {dli

177 409 259 464 Vana.
275 413 346 464 7.-
357 409 454 478 llopsi.
466 406 557 479 (Ans.)
567 408 743 477 Perlloysen
754 421 854 462 omnes
866 409 988 471 sanctos,
1003 404 1027 458 Α
1045 403 1141 458 caelum
1157 403 1236 458 sicut.
1251 400 1293 457 Ad
1307 399 1442 467 litteram,
1456 399 1571 469 coelum,
1583 397 1667 470 qnasi
1680 401 1805 466 tectum,
1830 401 1892 465 ιιι,

93 482 95 486 “
140 498 351 567 etc.,udusque
365 511 518 568 perquem
547 497 639 566 legem
664 495 752 564 dedit,
775 500 806 550 nt
830 493 989 550 abundaret
1043 492 1182 560 usquead
1203 489 1306 561 postin
1331 488 1390 543 llne
1410 491 1441 542 nt
1465 487 1538 542 liber
1565 486 1713 558 Scriptura
1730 485 1892 558 plicabitur.

142 587 288 644 dilectum.
1080 581 1159 635 Vsus.
1176 581 1202 634 3.
1216 608 1251 619 -
1264 579 1330 645 Quia
1347 578 1423 646 lepis.
1437 576 1500 648 (ln.)
1515 576 1557 631 td
1570 575 1699 632 litteram
1721 581 1794 630 snnt
1807 591 1892 647 aqua,

178 677 258 730 Vsus.
288 677 330 729 ll.
369 704 404 713 —
433 674 577 739 Quoniam.
620 674 686 743 (ln.)
717 673 827 729 Coelum
859 671 988 743 undique
1043 672 1205 739 etc.,usque
1224 667 1262 722 ud
1286 667 1366 736 cirins
1396 666 1547 736 superiora
1572 669 1640 720 sunt
1668 665 1726 720 dno
1753 669 1895 735 praecepta

143 764 217 820 circa
231 768 338 818 terram
365 761 442 816 unde
457 761 544 815 etiam
567 760 751 832 peccantibus
765 761 826 829 lux,
842 776 892 816 aer
905 759 988 831 spiri·
1043 755 1196 810 charitatis.
1215 755 1263 809 Vel
1277 755 1326 826 qui
1336 756 1404 822 topia
1417 754 1508 822 aquis,
1524 751 1616 817 idest,
1634 751 1785 825 spirituali
1802 767 1892 817 sensu,

140 857 197 919 tus,
210 850 317 922 pluvia,
334 849 412 905 unde
437 849 547 904 lructus
563 866 570 904 :
596 849 657 904 sine
683 851 753 905 coelo
780 849 887 905 desinit
901 853 987 917 terra,
1043 844 1224 916 superficiem
1239 843 1403 914 Scripturas,
1414 843 1456 897 vel
1472 841 1555 897 donis
1568 841 1785 914 {spiritualibus
1799 856 1893 896 eornm

141 939 330 1011 sicprotectio
346 936 397 993 llei
412 954 498 1010 super
507 938 652 992 timentes.
1043 933 1139 988 munis
1151 932 1329 1000 charitatem,
1345 931 1460 1004 nequid
1476 947 1524 986 eos
1539 946 1674 1003 separare
1688 931 1794 1003 possit.
1814 931 1893 1000 Super

179 1029 260 1083 Vsus.
288 1030 330 1082 la.
355 1058 390 1066 —
406 1026 543 1093 Quantum
569 1026 663 1093 dutus,
686 1032 739 1081 etc.
768 1025 833 1097 (ln.)
868 1025 989 1092 Quando
1023 1012 1145 1091 'pennas
1172 1025 1322 1087 ventorum,
1342 1024 1396 1074 etc.
1421 1020 1524 1073 Ventus
1549 1023 1592 1074 est
1614 1023 1712 1073 motus
1729 1018 1891 1084 aeris‚ctc.,

142 1120 291 1189 peccatum
307 1115 472 1182 remittitur,
488 1116 620 1169 occidunt
633 1119 758 1185 peccata,
780 1115 870 1186 gretia
888 1115 989 1183 oritur,
1043 1123 1128 1178 usque
1143 1109 1181 1163 ad
1198 1108 1248 1163 sed
1272 1108 1439 1163 charitatem
1466 1106 1597 1162 amnium
1625 1111 1749 1179 superat
1776 1107 1891 1161 charitas

141 1209 256 1278 paccata
271 1203 301 1258 in
316 1220 426 1271 occasu,
452 1209 579 1258 avertere
602 1218 670 1274 ergo
683 1202 718 1257 ab
733 1219 835 1258 occasu
862 1208 991 1274 peccato·
1044 1197 1160 1253 Christi.

144 1310 219 1362 rum,
236 1297 265 1347 et
277 1292 361 1347 tende
375 1292 411 1346 ad
427 1291 643 1362 ortumgratiae,
660 1295 688 1345 et
702 1292 804 1362 surgis.
1079 1285 1163 1338 Vsus.
1180 1284 1207 1337 ι.
1224 1313 1260 1323 -
1288 1283 1381 1352 lpuem
1405 1286 1535 1338 urentem.
1564 1281 1664 1350 (Cass.)
1683 1281 1715 1336 ld
1747 1285 1793 1335 est
1816 1295 1889 1335 sera-

179 1381 319 1436 Vans.ld.
340 1380 556 1436 -Reecrdatus
578 1383 628 1448 est,
655 1384 708 1434 etc.
735 1379 797 1449 (ln.)
823 1379 990 1435 Velsecun-
1045 1371 1137 1443 pbim,
1150 1371 1200 1443 qui
1214 1375 1281 1426 sunt
1303 1370 1436 1442 superior
1449 1369 1532 1433 ordo,
1563 1369 1632 1424 iacis
1647 1369 1801 1425 ministros
1823 1372 1889 1434 taos,

145 1470 211 1525 dam
235 1469 321 1523 aliam
350 1467 496 1522 litteram:
516 1471 656 1534 Menenio,
682 1470 809 1537 quonium
824 1467 917 1536 puluis
944 1481 990 1521 su·
1046 1461 1122 1516 unde
1135 1460 1165 1515 in
1179 1460 1270 1514 lseia:
1289 1459 1455 1517 Votaoitod
1474 1473 1601 1514 menum
1616 1458 1651 1513 ds
1677 1458 1821 1529 seraphim
1847 1457 1891 1528 qui

144 1573 214 1614 mus.
248 1556 333 1622 Quasi
372 1555 499 1611 diceret:
529 1557 663 1625 Copueuit
687 1559 853 1626 ilementum,
892 1554 921 1609 id
949 1557 992 1608 est
1046 1553 1113 1603 sunt
1128 1549 1259 1621 superior
1271 1549 1351 1604 crde.

144 1645 341 1701 infirmitatem
367 1649 513 1699 nostram:
541 1644 618 1715 quod
645 1644 816 1716 figmentum
837 1659 1032 1732 conversusB
1082 1639 1170 1693 Vnus.
1186 1637 1328 1704 5.-Qui
1343 1636 1588 1704 maurianum
1611 1649 1695 1705 super
1718 1634 1893 1692 stabilitatem

143 1734 177 1789 ad
193 1735 283 1789 Deum
299 1733 390 1788 dicit:
417 1734 547 1789 Memento
574 1736 639 1802 quio
660 1734 751 1804 puteis
779 1748 880 1799 samus,
898 1732 927 1787 id
951 1735 993 1786 est
1046 1749 1133 1789 suom.
1153 1734 1214 1806 (lo.)
1234 1733 1301 1789 ldeo
1315 1734 1437 1806 Spiritus
1450 1738 1564 1788 sanctus
1587 1732 1618 1788 in
1632 1732 1689 1788 bac
1712 1733 1827 1804 psalmo
1845 1731 1894 1787 dii·

145 1824 388 1896 persevereterga
407 1838 458 1876 nos
481 1826 530 1876 tna
549 1820 755 1889 misericordia,
779 1837 816 1876 ne
842 1820 991 1876 oblivisca-
1045 1822 1214 1878 flciliadicit
1228 1823 1385 1878 secuudum
1415 1821 1552 1892 litteram,
1566 1826 1600 1877 ut
1625 1837 1795 1895 quaeramus
1820 1820 1894 1891 spiri·

143 1926 210 1966 mur
222 1909 321 1981 gratia
336 1912 405 1963 tuse.
429 1907 487 1962 Vel.
511 1911 593 1962 Homo
608 1910 678 1963 sicut
692 1910 794 1975 senum,
811 1911 867 1963 etc.
900 1908 992 1962 llomo
1046 1912 1145 1966 tualia.

144 1998 223 2054 enim
238 1997 310 2051 sicut
332 1999 380 2065 ptos
394 1996 542 2065 epreditur,
555 2000 620 2064 ιιι,
636 2010 721 2066 usque
743 1995 780 2050 ad
808 1995 992 2051 Mammosam
1082 2001 1164 2055 Vsus.
1185 2004 1213 2054 7.
1243 2028 1277 2040 -
1301 2000 1326 2053 Α
1351 2013 1412 2054 uoce
1440 1999 1566 2054 tonitrui.
1591 1996 1658 2067 (lu.)
1680 1999 1739 2053 Per
1759 1997 1894 2053 terribiles

146 2085 268 2139 Domini.
284 2085 429 2155 Effloredit
443 2084 552 2155 (Cass.)
577 2085 608 2139 ld
621 2089 674 2150 est,
686 2083 720 2138 ad
734 2084 798 2155 plus
817 2083 857 2137 sic
879 2083 993 2138 ilorebit
1046 2091 1147 2140 uentos
1157 2085 1341 2140 siccabuntur
1355 2101 1452 2156 aquae3
1472 2085 1539 2139 mali
1554 2084 1787 2140 comminatione
1798 2084 1894 2157 judieii

145 2173 190 2227 vel
202 2171 354 2239 efflorebit,
370 2172 399 2228 id
415 2171 626 2228 estdellorebit
648 2172 682 2226 Et
705 2172 744 2226 sic
757 2176 800 2227 est
809 2172 992 2242 intentivum,
1046 2174 1200 2230 timebunt.

145 2260 189 2314 rel
204 2260 385 2332 privativum.
1082 2263 1166 2316 Vens.
1197 2264 1224 2316 8.
1254 2287 1288 2303 -
1306 2258 1471 2316 lacendum.
1502 2260 1595 2331 (Ans.)
1617 2260 1693 2328 llali,
1716 2263 1751 2315 nt
1778 2265 1891 2327 montes,

183 2349 262 2402 Vsus.
281 2351 323 2403 lu.
338 2348 518 2415 -Ououiam
542 2350 659 2418 spiritus
680 2349 859 2418 pertransivit
879 2349 910 2402 in
930 2347 991 2404 illo.
1047 2356 1121 2420 ιιι,
1139 2364 1224 2419 usque
1251 2349 1289 2403 od
1311 2355 1344 2403 ιιι
1360 2347 1443 2402 liceat
1471 2347 1601 2403 Ecclesia
1624 2348 1718 2404 libere
1731 2349 1891 2421 praedicare.

145 2438 183 2492 Et
196 2451 249 2491 non
262 2437 397 2493 subsistet.
1046 2437 1310 2511 (CisalSuperbos
1323 2437 1465 2509 permittit
1488 2437 1572 2505 Deus,
1593 2442 1660 2506 ιιι,
1690 2452 1781 2502 usaue
1804 2438 1842 2493 ad
1867 2442 1895 2493 nt

183 2526 265 2580 Vens.
288 2529 330 2580 ll.
354 2555 386 2566 -
413 2527 449 2581 Et
471 2525 594 2595 justitia.
619 2525 723 2597 (buu.)
747 2524 940 2580 Misericordia
965 2529 995 2580 ιι
1044 2526 1105 2597 jam
1120 2525 1261 2579 mundum
1275 2529 1496 2596 nonaccupent.

142 2613 254 2686 justitia
281 2613 432 2668 retributio
465 2618 515 2668 est.
545 2614 628 2683 llicit,
655 2629 737 2683 super
763 2616 834 2683 itlius
858 2615 991 2683 filiorum
1084 2611 1163 2665 Vnus.
1182 2614 1224 2667 ιο.
1250 2641 1285 2652 -
1312 2614 1349 2667 In
1371 2614 1546 2669 convallibus.
1572 2613 1667 2686 (dna.)
1689 2615 1732 2670 lle
1743 2614 1898 2670 humilibus

146 2701 230 2757 multi
242 2700 311 2770 justi
324 2717 383 2756 non
397 2701 505 2755 babent
524 2701 608 2769 lilios,
624 2701 733 2756 nedum
755 2700 831 2756 filias
854 2701 991 2770 liliorum,
1048 2699 1168 2754 subditis
1184 2700 1283 2772 gratiae
1307 2706 1336 2755 et
1360 2700 1385 2755 si
1412 2707 1479 2756 sunt
1498 2707 1610 2757 montes
1634 2701 1783 2773 spirituali
1808 2702 1899 2757 altitu·

39 2823 41 2827 ,
147 2789 257 2855 sedulii
270 2790 658 2861 suntoperarlttiititiorum
669 2805 921 2860 mercesoperum.
1048 2788 1124 2855 dine,
1140 2788 1236 2844 ilunnt
1245 2790 1339 2845 fontes
1348 2789 1471 2861 Spiritus
1484 2789 1747 2862 sancti,quisnper
1760 2791 1898 2846 humilem

183 2877 267 2931 Vsus.
281 2879 323 2931 ιι.
337 2905 372 2918 -
387 2878 515 2932 Dominus
534 2878 564 2931 iu
579 2876 767 2946 catoparuvit
793 2877 881 2932 sedem
904 2893 992 2932 suom.
1047 2877 1177 2948 quiescit.
1192 2879 1268 2934 luter
1291 2878 1420 2933 medium.
1437 2878 1503 2947 (ln.)
1524 2876 1556 2932 ld
1585 2882 1628 2932 est
1652 2877 1732 2934 inter
1759 2879 1900 2946 medium,

147 2965 243 3036 (Cass.)
260 2964 399 3020 Pradicat
411 2964 551 3036 judicium
566 2965 707 3033 futurum,
724 2980 759 3019 ue
774 2970 923 3037 peccantes
949 2966 993 3020 in·
1009 2962 1030 3018 C
1049 2971 1113 3031 ιιι,
1126 2980 1210 3034 usque
1223 2965 1261 3020 od
1279 2971 1308 3020 et
1330 2965 1377 3021 hic
1392 2965 1457 3020 talis
1481 2982 1563 3021 mons
1575 2981 1634 3021 non
1659 2970 1705 3021 ιιι
1729 2967 1899 3023 andiendus.

146 3053 301 3119 solescent;
317 3053 409 3124 quasi,
423 3057 452 3108 ιι
466 3053 623 3109 debesesse
638 3069 749 3109 memor
764 3058 796 3108 ut
814 3053 901 3108 iacias
926 3054 995 3126 quia
1083 3054 1169 3109 Vsus.
1187 3057 1229 3108 lt.
1247 3084 1282 3094 -
1305 3055 1441 3109 Petebant
1454 3068 1553 3109 omues.
1571 3054 1634 3126 (ln.)
1660 3054 1771 3110 Omnes
1785 3056 1901 3110 luerunt

148 3141 286 3197 llominns
301 3142 331 3196 in
346 3143 426 3196 coelo.
1048 3142 1079 3197 in
1095 3143 1172 3197 disco
1185 3143 1262 3198 Petri
1274 3148 1318 3199 ter
1333 3143 1484 3212 submisso,
1497 3148 1568 3201 ιιι..
1592 3158 1680 3213 usque
1695 3144 1734 3199 ad
1755 3148 1792 3200 ut
1810 3145 1900 3200 Eccle-

182 3230 318 3284 Vrmstl.
335 3228 533 3284 -Bencdicile
562 3230 687 3296 Domino,
702 3245 791 3285 omncs
810 3230 902 3298 anqeli
924 3231 994 3301 ejus,
1049 3231 1091 3285 sia
1103 3236 1301 3303 congregetur.
1319 3232 1432 3302 Ouaqri.
1450 3231 1513 3304 (ln.)
1524 3232 1678 3303 sylvestres
1703 3231 1780 3288 asini
1804 3233 1901 3305 magni

145 3321 273 3387 potentes.
290 3317 351 3388 (ln.)
372 3317 467 3370 Tertio
483 3322 582 3371 monet
596 3317 724 3371 caelestes
739 3322 767 3370 ιι
796 3333 897 3372 omnes
925 3319 995 3373 alias
1049 3318 1192 3387 indomiti,
1218 3324 1285 3389 ιιι,
1313 3335 1399 3390 usquc
1425 3320 1464 3375 od
1489 3320 1533 3374 vel
1557 3318 1673 3391 superbi
1690 3319 1788 3377 ludaei
1817 3322 1900 3377 dille·

147 3409 293 3458 cresturas
318 3403 495 3458 benedicere.
524 3404 680 3458 Benedicite
696 3407 814 3472 Domino,
852 3410 905 3460 etc.
935 3407 994 3477 Ag·
1049 3408 1218 3462 rentbibere
1232 3408 1541 3479 intempnsnltimnm.

147 3491 318 3563 gratulando
341 3489 419 3558 dicit,
450 3490 701 3560 nonimperenda,
717 3491 761 3546 ιιι
777 3494 930 3548 monendo.
946 3494 994 3548 lii·
1085 3496 1170 3550 Vsus.
1199 3498 1241 3552 lt.
1269 3526 1305 3539 -
1332 3498 1420 3566 Super
1446 3512 1478 3551 ea
1502 3496 1623 3552 uolucres
1644 3497 1714 3552 coeii.
1745 3497 1816 3568 (ln.)
1840 3500 1901 3555 Non

147 3581 231 3634 ruistri
252 3577 321 3647 ejus.
347 3577 440 3649 (Aac.)
467 3578 520 3632 llos
550 3579 720 3647 benedicite,
750 3583 816 3648 ιιι,
851 3580 997 3650 usquead
1050 3599 1151 3639 omnes
1170 3600 1235 3639 ares
1256 3590 1383 3653 manant,
1413 3589 1479 3652 ιιι,
1504 3600 1590 3657 usque
1609 3585 1647 3640 ad
1669 3585 1719 3641 alii
1739 3585 1774 3642 in
1790 3587 1902 3644 sinistra

148 3670 181 3722 ut
194 3665 268 3737 quod
280 3665 366 3721 babet
378 3665 408 3720 in
423 3667 612 3721 oreostendat
626 3667 655 3721 in
669 3683 765 3739 opere.
1051 3673 1233 3729 damnantur.

597 3809 605 3826 ,
1086 3760 1168 3814 ιἰιι.
1188 3763 1229 3814 lb.
1244 3760 1440 3826 -Desructu
1454 3775 1564 3830 operam
1586 3764 1705 3823 morum,
1722 3759 1786 3830 (lul
1816 3763 1902 3818 llemc

451 3808 607 3864 PSALMUb
626 3809 694 3866 cm·
1051 3863 1120 3918 ergo
1135 3848 1276 3918 glorietur
1291 3847 1321 3902 in
1341 3848 1475 3918 operibus
1490 3847 1557 3911 suis,
1572 3848 1621 3902 sed
1645 3849 1696 3916 qui
1709 3850 1860 3918 ptoriatum
1874 3853 1901 3905 ia

185 3933 265 3989 Vnus.
284 3936 352 3986 l.-
367 3933 490 3988 Psalmus
506 3933 602 3987 travia.
616 3932 721 4003 (Cass.)
743 3934 814 3988 ltem
829 3933 997 3989 benedicere
1051 3938 1165 3992 Domino
1180 3937 1319 4004 plorietur,
1343 3936 1435 4004 gratia
1460 3935 1536 3989 enim
1567 3934 1617 3990 [lei
1639 3941 1792 3991 saturatur
1817 3942 1899 3993 tarra

148 4021 225 4075 Deus
238 4024 345 4088 monet,
367 4020 462 4092 primo
485 4036 538 4091 per
560 4022 661 4076 coelum
685 4025 714 4076 et
737 4027 842 4076 terram
859 4028 888 4077 ιι
910 4039 997 4076 orna-
1051 4023 1196 4094 sicigitur
1215 4024 1308 4096 gratia
1322 4024 1411 4094 gratis
1431 4023 1524 4077 datur.
1539 4023 1569 4077 Si
1585 4021 1722 4093 operibns
1752 4023 1900 4082 bominum

149 4113 211 4164 tum
227 4124 337 4163 eorum.
354 4109 444 4179 (Aua.)
466 4108 523 4163 Etsi
542 4125 608 4164 vere
628 4108 675 4163 bic
701 4110 799 4164 omnia
817 4110 851 4165 ed
873 4110 997 4165 litteram
1051 4112 1188 4180 redditur,
1201 4127 1308 4166 merces
1324 4111 1436 4167 dicitur.

149 4200 271 4268 possunt
294 4195 427 4268 religiose
442 4197 543 4268 accipi,
566 4202 610 4252 etc
626 4238 633 4263 ,
648 4198 783 4268 usquead
809 4198 840 4252 in
863 4198 997 4253 omnibns
1089 4198 1166 4253 Vsus.
1185 4198 1226 4252 ιι.
1251 4227 1286 4238 -
1308 4198 1443 4253 Seruituti
1471 4199 1619 4253 nerninem.
1644 4197 1709 4269 (lu.)
1735 4200 1821 4256 Unde
1846 4217 1896 4257 ιιιι

149 4283 307 4355 spiritualis
322 4299 420 4338 sensns
433 4285 605 4356 quarendus
619 4289 669 4339 est.
686 4286 809 4352 Benedic,
824 4288 918 4342 auimo
927 4303 996 4356 mea,
1053 4285 1121 4339 liber
1135 4300 1217 4341 essem
1227 4301 1261 4340 eu
1274 4286 1408 4356 omnibus,
1421 4289 1538 4342 omnium
1567 4302 1608 4342 me
1621 4285 1677 4354 feci
1696 4302 1821 4359 seeum,
1838 4296 1895 4353 etc,

150 4374 351 4440 Durniumctc,
378 4376 579 4442 meminentes.
605 4374 639 4427 ln
663 4373 773 4442 notitia,
802 4374 870 4447 quia
885 4392 998 4447 semper
1050 4387 1136 4441 usque
1160 4373 1197 4427 ad
1211 4373 1315 4445 quibus
1339 4374 1464 4446 praebuit
1489 4375 1652 4446 exemplum
1674 4379 1842 4434 neoessaria
1856 4393 1893 4432 su·

32 4511 33 4514 ,
150 4476 274 4531 magnus
294 4466 407 4526 natura,
432 4461 555 4533 quinon
583 4467 667 4532 putes
690 4478 815 4517 crescere
830 4463 873 4517 ιιι
894 4464 997 4533 minui,
1051 4461 1175 4516 mendis
1203 4462 1333 4517 subditis.
1358 4461 1639 4533 auunculumque
1664 4463 1755 4520 datur·
1783 4468 1893 4537 Spiritu

151 4548 220 4621 quia
242 4548 384 4620 perfectus
413 4564 457 4616 es;
479 4549 684 4618 consessionem,
702 4550 729 4604 id
745 4555 787 4605 ιιι
803 4551 932 4622 undique
951 4552 1000 4607 ha·
1026 4568 1029 4575 ·
1052 4549 1090 4604 od
1103 4552 1370 4617 manifestationem:
1397 4551 1489 4623 gratia
1516 4566 1584 4621 erqo
1604 4555 1633 4606 et
1658 4551 1742 4606 nitor
1776 4555 1891 4626 quiden,

151 4637 201 4692 bes
216 4640 370 4704 creaturas,
385 4642 491 4709 quiete
509 4638 694 4707 confitentur,
713 4643 741 4693 et
759 4655 825 4710 quae
853 4644 920 4694 sunt
948 4641 998 4695 de·
1053 4642 1119 4700 etc..
1135 4653 1219 4708 usque
1234 4639 1272 4693 ad
1287 4638 1641 4694 utsxbilaraturiaciesin
1656 4640 1734 4696 eleo.
1749 4644 1787 4697 Et
1812 4646 1890 4713 paam

151 4730 270 4780 corceat
297 4725 463 4783 luminosa.
486 4727 545 4794 Vel,
575 4728 661 4782 decor
683 4727 713 4781 in
743 4731 864 4782 essentia
890 4728 950 4796 Dei,
971 4733 1000 4785 et
1053 4725 1132 4782 ldem
1148 4733 1190 4781 est
1214 4743 1282 4798 ergo
1301 4728 1384 4798 panis
1399 4732 1428 4782 et
1454 4728 1562 4783 sinum.
1588 4726 1673 4781 Panis
1694 4728 1777 4784 enim
1802 4730 1891 4785 istest

152 4813 201 4869 lux
227 4813 364 4885 undique.
390 4815 493 4884 (Cass.)
520 4815 570 4870 Vel
597 4814 824 4871 incarnationem
846 4815 999 4887 significet,
1054 4812 1163 4879 vinum,
1176 4813 1289 4883 justitia
1299 4819 1351 4880 ιιι,
1362 4813 1467 4868 veritas
1482 4819 1523 4868 est
1539 4813 1669 4869 Christus
1685 4830 1693 4873 r
1710 4820 1742 4870 et
1756 4816 1805 4872 bic
1817 4822 1843 4871 et
1864 4816 1891 4868 il·

153 4917 206 4973 per
219 4917 306 4973 quem
324 4902 465 4957 consessio
484 4906 513 4958 et
526 4902 611 4957 decus
626 4918 755 4973 superna
779 4903 936 4973 majestatis
958 4904 1001 4958 in·
1053 4902 1102 4956 lud
1119 4900 1251 4967 laetificat,
1268 4906 1297 4956 et
1309 4902 1460 4957 confirmat
1473 4917 1534 4959 cnr.

153 4989 258 5057 notuit,
275 4994 303 5044 et
326 4989 458 5045 homines
482 5006 549 5046 cum
568 4991 690 5046 confessi
715 4995 790 5057 sunt,
808 4991 940 5063 quisunt
959 4993 1001 5047 ln·
1089 4991 1168 5045 Vens.
1188 4993 1229 5044 ιθ.
1246 5021 1278 5032 u
1293 4991 1366 5056 Quos
1382 4992 1528 5061 plantavit.
1556 4987 1618 5061 (ln.)
1645 4988 1705 5045 Cur
1733 5007 1751 5045 a
1780 5007 1810 5047 se
1824 4993 1889 5063 plan·

154 5092 220 5132 men
231 5077 404 5148 cognitione.
422 5077 516 5148 (buo.)
536 5078 750 5133 Confessionem
770 5079 898 5145 induisti,
913 5079 942 5135 id
957 5085 1000 5135 est
1054 5078 1120 5132 tatis
1134 5077 1272 5149 relinquit
1282 5079 1437 5134 candorem
1449 5078 1565 5134 saculi?
1576 5076 1645 5149 quia
1655 5077 1716 5133 illic
1731 5079 1820 5136 fulica
1831 5079 1889 5135 aris.

65 5187 68 5190 ·
153 5163 316 5231 Ecclesiam,
332 5169 397 5232 etc,
421 5165 563 5235 usquead
588 5169 617 5220 ιι
638 5165 723 5220 vestis
748 5165 810 5220 sine
831 5166 944 5221 macula
971 5171 1000 5221 et
1054 5165 1253 5238 quoeinaquis
1267 5167 1389 5231 habitat,
1407 5168 1437 5222 hi
1453 5171 1518 5223 sunt
1532 5165 1583 5238 qai
1609 5165 1641 5221 in
1653 5167 1794 5239 baptismi
1816 5166 1892 5239 gratis

152 5266 235 5322 ruge.
1053 5260 1232 5326 permanent.
1250 5256 1309 5319 Vel,
1332 5256 1471 5312 llerodius
1486 5256 1544 5311 aris
1558 5255 1760 5328 rapacissima,
1787 5274 1837 5315 nec
1855 5263 1890 5311 ta·

188 5340 310 5396 lineat.
327 5341 701 5410 -Eateudensfcoelumsim
719 5341 906 5411 (casalone
935 5359 1000 5398 con·
1054 5343 1095 5398 les
1109 5342 1237 5397 Christus
1251 5344 1370 5414 respuit.

152 5424 401 5484 fltenturicoelnm
416 5433 501 5497 terra,
527 5445 695 5496 mere,cum
719 5429 798 5484 omni
814 5434 918 5485 ornatu
947 5446 999 5485 suo
1088 5430 1170 5484 Vens.
1189 5434 1230 5485 ll.
1256 5461 1291 5471 -
1312 5432 1372 5487 lltic
1395 5447 1529 5502 passeres.
1551 5433 1617 5504 (lu.)
1636 5433 1749 5490 Minuta
1766 5435 1888 5500 volatilis,

151 5512 188 5569 de
210 5513 315 5586 quibus
334 5515 456 5587 singulis
483 5516 700 5589 subsequenter.
725 5516 816 5588 (Auo.)
844 5517 1000 5575 &tendens
1054 5523 1125 5586 ιιι,
1139 5519 1315 5589 usqmadut
1328 5519 1359 5574 in
1374 5520 1468 5576 cedris
1493 5520 1592 5576 libeni
1610 5521 1776 5580 nidificent.
1796 5522 1891 5582 ilarii
