3892 6106
93 256 148 311 473

668 251 796 310 diosas
813 253 1016 312 ountrttula.
1037 283 1071 294 -·
1092 253 1158 309 tle.
1179 252 1281 310 DEUT.

1799 252 1853 309 t‘lb

93 377 235 447 arripere,
248 379 313 446 etc,
329 390 415 446 usque
432 375 489 431 od:
504 377 574 431 utcs'
595 376 702 446 plccm
723 377 806 431 usisc
818 375 945 446 probauit
954 377 982 431 'A
1035 376 1115 432 Vens.
1134 378 1175 431 ll.
1194 405 1226 418 -
1240 375 1382 431 Mulierem
1409 374 1561 444 puberum.
1586 373 1666 429 Sicut
1679 373 1786 429 Paulos
1800 372 1851 446 qui

97 466 289 609 fflflreiiiisliist
311 552 520 624 professionem
543 552 587 607 rel
612 551 841 624 persecutionem
867 553 948 608 devi-

100 649 168 710 tare,
184 657 273 714 quarn
289 641 319 697 in
330 657 364 695 ea
376 641 570 695 succumbere.
582 641 622 696 Ad
638 640 864 712 disputationem
876 658 951 715 qno·

99 735 268 803 quocontra
289 730 439 785 hereticos
461 729 557 784 venire
581 745 640 784 non
663 729 758 798 debet,
774 729 830 785 nisi
850 730 949 786 doctus

99 824 126 875 et
138 819 292 891 perfectus,
308 834 346 874 ne
359 818 531 873 scandalizet
545 817 616 873 elios
632 822 791 890 superatus.

131 909 212 962 Vsus.
238 911 286 962 lii.
314 937 351 949 -
366 909 477 964 Nullum
498 910 606 962 omniuo
626 910 776 978 permittes.
804 908 879 964 Nulli
903 908 949 963 ri-

98 997 135 1052 tio
161 997 192 1050 in
221 1000 320 1051 nostra
346 995 561 1050 conversatione
585 996 771 1067 percendum,
795 1012 833 1051 ue
852 1012 948 1052 coram

98 1084 185 1140 oculis
201 1083 315 1140 Domini
340 1084 534 1155 voluptatibus
557 1085 685 1155 corrupti
700 1089 728 1138 et
742 1084 949 1141 abominabiles

97 1190 296 1246 appareamus,
313 1179 341 1227 et
358 1173 532 1228 exsultantes
554 1172 665 1227 inimici
683 1173 717 1228 de
744 1173 827 1229 ruina
851 1180 947 1230 nostra

98 1262 215 1318 dicam:
242 1264 327 1330 Euge,
342 1277 406 1331 euge
430 1264 528 1317 anime
551 1266 659 1328 nosue,
680 1261 869 1320 deuorobisrus
887 1279 946 1320 curn

100 1350 181 1420 (Psal.
203 1352 308 1420 xxxiv).

424 1491 536 1546 CAPUT
554 1491 619 1546 lle.

1001 464 1037 519 dc
1052 465 1207 520 Menandro
1223 463 1364 535 sumpsit:
1387 464 1574 534 corrumperit
1599 463 1678 517 bonos
1698 476 1785 517 mores
1799 461 1852 516 col-

1001 553 1094 622 loquio
1115 553 1189 607 mec
1214 553 1242 624 (1
1265 553 1329 607 Cor.
1348 552 1404 621 xv).
1429 552 1462 608 Et
1473 551 1508 606 de
1524 555 1629 606 Arato:
1646 553 1678 606 lu
1692 552 1752 621 ipso
1778 551 1854 604 uiui-

1000 656 1070 701 mus.
1099 657 1244 710 moremur,
1273 644 1298 695 et
1322 655 1433 696 sumus:
1461 642 1550 710 ipsius
1574 641 1645 694 cuim
1660 643 1685 694 et
1707 653 1792 705 aeuus
1805 652 1854 693 su-

1000 744 1060 784 stus
1075 729 1149 800 (Act.
1163 731 1243 801 xus),

1010 863 1014 871 .
1035 817 1091 873 Alii
1105 822 1208 890 potant
1221 818 1294 873 hanc
1316 816 1465 872 mulierem
1482 815 1576 888 specie
1590 816 1724 871 decorem
1739 812 1852 886 signid-

1000 923 1064 961 care
1078 906 1279 962 rationabilem
1303 905 1483 978 disciplinam
1507 905 1583 977 apud
1608 904 1733 960 Gentiles
1749 903 1851 959 inven-

999 999 1075 1050 tam:
1089 996 1124 1050 ab
1139 1011 1172 1050 aa
1184 995 1261 1051 enim
1273 1000 1385 1066 oportet
1399 993 1487 1049 recidi
1501 1004 1617 1049 omnem
1633 991 1851 1064 superstitionis

1000 1084 1225 1152 immunditiam,
1254 1089 1284 1138 ut
1307 1083 1344 1139 ad
1369 1083 1495 1138 studium
1525 1082 1653 1136 veritatis
1677 1083 1849 1137 esssrmatur.

1001 1173 1077 1229 Nihil
1100 1172 1178 1228 enim
1204 1173 1345 1228 mundum
1369 1173 1478 1228 habent
1501 1170 1661 1243 discipline
1687 1169 1849 1243 gentilium,

1000 1262 1069 1335 quie
1094 1262 1173 1316 nulls
1197 1263 1273 1333 epod
1298 1261 1512 1334 ecsdisciplina
1535 1264 1587 1327 est,
1603 1260 1650 1315 cni
1664 1275 1722 1314 non
1737 1259 1775 1314 sit
1799 1259 1851 1313 uli-

1000 1349 1071 1423 quid
1085 1350 1276 1406 immunditie
1289 1351 1331 1406 vel
1348 1350 1561 1423 superstitionis
1573 1349 1737 1406 admistum.

1035 1440 1118 1494 voss.
1136 1440 1179 1494 13.
1204 1467 1240 1481 -·
1266 1441 1322 1495 Urso
1345 1454 1444 1506 merrae,
1466 1439 1495 1495 id
1520 1444 1572 1505 cst,
1598 1437 1717 1510 triginta
1737 1436 1850 1502 diebus,

1002 1531 1032 1583 nt
1045 1533 1108 1598 post
1122 1527 1208 1583 iidem
1233 1527 1381 1583 Trinitatis
1395 1535 1424 1584 et
1447 1545 1519 1600 opus
1537 1527 1620 1599 legis,
1637 1529 1782 1581 mereatur
1797 1527 1851 1582 Fc-

129 1616 212 1670 Vsns.
233 1619 257 1671 l.
272 1643 309 1655 —
333 1614 446 1682 mundo
466 1615 614 1684 incentum,
641 1619 695 1670 etc.
723 1616 860 1686 Cadaver,
881 1634 947 1673 cor·
999 1617 1093 1672 clesie
1109 1616 1211 1672 sociari
1222 1633 1230 1684 ;
1242 1621 1288 1672 ter
1302 1616 1381 1672 enim
1395 1617 1493 1672 decem
1507 1617 1625 1687 triginta
1636 1615 1775 1671 efficiunt.

99 1703 224 1774 possins
239 1703 345 1770 anima,
371 1709 401 1758 et
414 1703 512 1758 anima
535 1703 598 1759 sinc
623 1705 691 1773 Deo,
707 1704 758 1776 qni
776 1705 855 1761 enim
871 1706 941 1763 rita.
1036 1708 1072 1762 Et
1084 1708 1188 1776 posteo.
1215 1706 1285 1762 Cum
1300 1705 1397 1761 necin
1424 1705 1528 1778 capite,
1544 1705 1572 1761 id
1587 1709 1631 1761 est
1642 1705 1783 1770 sensibus,
1799 1719 1852 1759 nec

98 1793 128 1845 Is
143 1796 219 1846 terro
247 1805 331 1860 quom
360 1793 488 1846 Domum
515 1792 585 1846 Deus
613 1795 675 1846 tuus
700 1791 816 1848 daturus
841 1795 947 1850 esttibi

98 1880 146 1935 boc
171 1879 266 1934 estin
297 1879 428 1934 Ecclesia.
456 1878 543 1936 cocu
569 1894 641 1946 rcus,
670 1884 750 1935 actor
774 1881 943 1952 seditionis;

96 1967 209 2037 llop'orss
232 1969 309 2020 notu.
327 1964 386 2019 rita
409 1970 438 2019 et
452 1964 595 2036 sapientia
620 1965 751 2037 majores.
768 1967 889 2038 iudices,
916 1969 946 2026 id
971 1976 983 1988 “

97 2058 134 2109 est
147 2053 323 2120 sacerdotes,
344 2068 467 2125 qnorum
490 2051 617 2109 officinm
632 2058 674 2109 est
687 2054 722 2109 de
735 2054 856 2127 singulis
865 2056 946 2128 iudi·

96 2159 167 2210 care,
190 2142 222 2198 id
246 2146 299 2210 est,
323 2141 496 2197 discernere.
523 2143 670 2198 lletieutur
693 2144 944 2215 succendereris,

96 2232 190 2298 idest,
206 2247 274 2286 cum
298 2245 412 2285 summa
433 2230 604 2286 discretione
626 2230 840 2303 investigabunt
865 2238 947 2289 acto-

96 2337 153 2377 rem
176 2319 336 2376 seditionis.
362 2320 465 2374 Tolleut
489 2320 605 2375 uitulum
627 2319 661 2374 dc
684 2325 818 2386 urmmm,
843 2322 945 2391 idest,

98 2425 210 2466 carnem
224 2407 338 2475 Christi,
355 2423 441 2480 qnam
457 2407 493 2462 de
517 2407 645 2479 parribus
668 2409 800 2480 sumpsit.
814 2411 880 2477 Qre
892 2427 947 2466 uon

98 2499 307 2569 occisionum,
324 2497 391 2569 quia
402 2501 543 2567 peccatum
567 2512 619 2552 nou
640 2499 717 2567 tecit,
741 2512 794 2554 uec
821 2501 946 2556 inuentus

98 2587 132 2637 est
144 2582 225 2639 dolus
239 2587 270 2638 in
282 2599 327 2639 ore
339 2584 407 2653 cius.
424 2586 476 2640 Nec
495 2589 596 2640 terrum
610 2585 693 2641 scidit
711 2588 850 2659 comesti
875 2591 943 2646 Pstr.

1000 1792 1190 1861 inmanibus,
1204 1794 1233 1850 id
1248 1800 1293 1850 est
1319 1795 1465 1868 operibus.
1482 1794 1592 1866 aliquid
1608 1795 1788 1865 superfluum
1802 1797 1854 1850 ant

1000 1882 1184 1939 immundum
1199 1883 1262 1940 crit.

1035 1972 1116 2026 Vens.
1137 1975 1180 2026 t5.
1205 2001 1240 2012 -
1263 1970 1297 2026 Si
1322 1971 1448 2027 habueri
1471 1971 1548 2026 torm
1570 1985 1668 2026 ucores
1691 1970 1771 2037 duos,
1796 1973 1851 2025 etc.

1000 2058 1130 2114 Christos
1144 2059 1197 2114 sibi
1220 2059 1289 2114 duas
1309 2076 1422 2128 uxores,
1451 2061 1590 2132 populum
1618 2058 1725 2114 scilicet
1738 2059 1850 2116 ludeo·

999 2162 1066 2203 rum
1080 2152 1109 2203 ct
1123 2147 1265 2220 gentium,
1282 2148 1410 2220 conjugii
1433 2148 1576 2221 copulavit
1601 2147 1730 2204 nomine.
1747 2147 1851 2205 Odiosa

999 2240 1043 2291 eat
1055 2252 1209 2309 synagoga,
1234 2253 1347 2309 semper
1367 2237 1553 2302 contentiosa,
1575 2237 1648 2292 dura
1671 2236 1789 2305 cervice,
1806 2237 1850 2292 in·

999 2324 1165 2379 circumcisa
1179 2325 1265 2380 corde
1280 2342 1287 2394 ;
1304 2326 1407 2381 dilecta
1430 2325 1546 2397 gentilis
1569 2326 1702 2380 Ecclesia.
1716 2325 1770 2382 Sed
1792 2340 1852 2382 non

999 2417 1095 2484 potest
1107 2413 1200 2469 lilium
1214 2414 1326 2470 dilecte
1340 2413 1475 2485 preferre
1490 2413 1551 2469 tilio
1566 2413 1684 2482 odiose,
1699 2413 1728 2468 id
1743 2420 1785 2469 eat
1801 2415 1851 2470 lic·

1000 2501 1114 2557 clesiam
1129 2502 1163 2558 de
1186 2502 1321 2575 gentibus
1340 2508 1370 2559 et
1384 2503 1457 2558 filios
1472 2503 1535 2574 ejus
1556 2502 1690 2574 preferre
1712 2502 1851 2573 apostolis

1000 2591 1106 2647 statiis
1121 2591 1282 2663 primitivis,
1309 2593 1441 2665 quisunt
1464 2592 1516 2647 lilii
1535 2608 1697 2665 synagoge.
1715 2591 1851 2664 Agnoscit

98 2673 136 2740 u),
151 2672 263 2727 nnllam
272 2671 380 2728 scilicet
393 2672 544 2729 seditionis
555 2673 699 2729 maculem
709 2675 836 2732 admisit.
1000 2679 1107 2735 odiose
1121 2680 1356 2752 primogenitum,
1370 2682 1419 2737 dat
1427 2681 1454 2737 ei
1467 2682 1603 2753 duplicia,
1615 2681 1683 2752 qnia
1697 2679 1851 2752 primitivis

128 2762 164 2816 Et
177 2760 353 2840 igmrobitur
366 2761 448 2817 cardis
466 2777 539 2818 reus.
556 2761 692 2817 Diebolos
705 2764 755 2835 qni
779 2764 944 2837 invisibilis,
999 2784 1152 2840 synagoge
1167 2769 1234 2824 filiis
1250 2768 1328 2824 dedit
1341 2770 1436 2842 legem
1450 2774 1479 2825 et
1493 2769 1658 2842 prophetas,
1674 2773 1703 2824 et
1717 2768 1850 2825 notitiam

98 2856 122 2905 et
132 2850 197 2905 idco
211 2848 342 2921 ignorari
356 2849 470 2918 dicitur,
496 2849 585 2905 scitur
612 2850 688 2906 enim
718 2851 786 2925 quia
813 2853 892 2910 misit
914 2856 945 2910 in
999 2856 1126 2911 nominis
1140 2856 1195 2923 sui,
1210 2861 1239 2912 ct
1250 2857 1345 2929 primo
1359 2856 1595 2928 eisiivangelium
1606 2857 1780 2929 predicavit.
1798 2857 1849 2914 llic

96 2954 149 3006 cor,
163 2943 196 2994 nt
210 2937 338 2993 traderet
350 2954 417 2993 enm
431 2938 518 2994 ludas
533 2938 626 3010 (Joosr.
644 2955 703 2996 xus.
960 2969 982 3028 c
1001 2945 1078 3001 enim
1093 2950 1135 2999 est
1148 2945 1357 3017 primogenitus
1373 2945 1530 3001 liberorum
1545 2946 1617 3017 ejus.
1922 3003 1925 3007 .

127 3027 244 3097 Maiores
265 3032 344 3086 notu
370 3031 423 3082 etc.
447 3027 576 3099 Apostoli
598 3032 626 3083 et
650 3028 780 3084 doctores
802 3030 853 3101 qui
868 3031 946 3088 Scri-
1037 3034 1123 3088 Unum
1136 3032 1274 3090 drusum.
1299 3033 1525 3104 Animalitatem,
1550 3050 1615 3107 que
1633 3035 1724 3090 dulcis
1738 3034 1850 3090 ridetur

96 3121 182 3187 ptore
210 3115 391 3170 attestatione
426 3120 616 3189 perceperunt
656 3117 765 3173 nullam
799 3119 945 3177 nationem
999 3124 1028 3176 et
1042 3121 1233 3178 delectabilis:
1249 3122 1347 3178 omnia
1366 3123 1537 3194 voluptuosa
1550 3124 1631 3196 cupit
1644 3127 1673 3179 et
1686 3125 1767 3180 nullo
1781 3140 1849 3181 mse·

96 3204 132 3259 sic
145 3208 312 3277 promptam
335 3204 369 3259 ad
384 3205 492 3260 cedem
513 3208 545 3260 nt
560 3206 727 3261 iudeorum
751 3212 878 3278 gentem,
893 3210 946 3283 qni
998 3224 1064 3264 rore
1079 3209 1179 3265 atflcit.

96 3297 122 3348 st
135 3293 345 3365 prophetarum
361 3297 389 3347 et
403 3291 519 3347 Domini
529 3291 701 3363 sanguinem
716 3293 861 3352 inderent.
1033 3299 1157 3355 Alterum
1178 3299 1310 3356 odiosum.
1335 3301 1579 3367 Rationalitatom,
1600 3316 1664 3373 que
1680 3316 1738 3355 non
1753 3300 1848 3356 indul·

128 3383 210 3437 Vsus.
227 3384 255 3438 4.
270 3411 306 3423 -
320 3384 355 3437 Et
369 3382 466 3436 ducent
489 3397 549 3436 com
569 3381 607 3437 ud
618 3382 717 3437 uotum
737 3397 873 3454 modom,
889 3389 943 3441 etc.
998 3392 1046 3461 gat
1055 3388 1180 3460 corpori,
1194 3404 1248 3445 nec
1262 3390 1349 3445 servit
1374 3389 1525 3462 voluptati,
1540 3389 1588 3445 sed
1604 3389 1716 3445 abdicat
1738 3391 1849 3445 occulta

97 3472 213 3527 sorssm
237 3470 345 3525 scilicet
372 3470 535 3543 despectam
560 3477 589 3525 et
616 3469 823 3541 turpissimam,
847 3474 942 3531 unde:
997 3476 1155 3533 dedecoris.

95 3559 178 3614 loric
208 3561 369 3628 copissiou
395 3558 595 3614 cmsdemuermss
622 3575 691 3615 cusu.
718 3559 782 3627 Que
804 3577 944 3634 uunquam
1035 3566 1115 3621 Vara.
1145 3568 1188 3621 ld.
1205 3595 1238 3608 -
1265 3569 1483 3637 Primogurilum.
1509 3567 1640 3639 Apostoli
1650 3572 1679 3622 ct
1699 3567 1847 3640 apostolici

95 3653 174 3703 orato
196 3654 236 3704 est
250 3647 329 3718 (Sap.
358 3653 401 3718 u),
427 3647 495 3720 quia
512 3663 589 3703 mors
613 3647 716 3704 Christi
730 3649 838 3721 absque
860 3653 945 3724 culpa
996 3653 1061 3721 viri,
1077 3654 1127 3727 qni
1147 3653 1244 3710 locum
1267 3654 1455 3727 primogeniti
1482 3655 1625 3726 obtinent,
1648 3671 1773 3728 quornm
1797 3657 1846 3712 lic·

95 3736 155 3792 init.
172 3738 229 3792 Nec
243 3741 384 3793 mentem
409 3740 508 3808 recepit
533 3737 643 3808 (nossa.
670 3741 739 3809 xm),
756 3738 785 3795 id
801 3749 854 3807 ast,
868 3741 944 3797 aiza-
996 3742 1083 3799 etesia
1096 3741 1226 3815 sequitur
1240 3743 1449 3799 auctoritatem.
1757 3810 1759 3814 .

95 3826 141 3881 nia
156 3827 275 3897 peccati,
291 3842 356 3899 que
369 3825 503 3881 inimicus
513 3826 600 3881 homo
610 3827 859 3897 superseminavit.
873 3831 943 3885 Pos·
1032 3833 1114 3888 Vens.
1133 3835 1172 3888 u.
1188 3861 1225 3873 —
1239 3831 1292 3889 Sed
1305 3833 1402 3902 tilium
1426 3832 1533 3887 licead
1547 3832 1670 3887 litteram
1685 3832 1846 3888 iaciendum

95 3931 192 3970 snmus
214 3931 268 3987 per
296 3916 399 3970 vetlem
427 3930 556 3987 asperam
586 3914 778 3986 gentilitatem
805 3918 941 3990 accipere,
997 3924 1049 3988 est,
1066 3936 1102 3974 ne
1116 3927 1254 3992 sequatur
1267 3921 1333 3993 quis
1347 3919 1438 3975 animi
1451 3919 1496 3974 sni
1510 3924 1633 3983 molum,
1647 3922 1688 3975 rel
1706 3936 1844 3989 amorem,

95 4019 156 4075 qne
181 4020 284 4076 aspero
307 4008 388 4071 erat;
417 4019 524 4065 saxosa,
547 4002 615 4075 qnia
638 4019 706 4058 saxa
731 4004 885 4075 adorabat;
911 4007 942 4062 in
995 4010 1040 4065 vel
1052 4009 1162 4078 odium,
1178 4009 1227 4065 sed
1241 4015 1384 4065 naturam.
1854 4011 1862 4025 ‘

95 4107 148 4163 qna
162 4109 236 4148 cesa
258 4097 301 4147 est
320 4093 414 4148 cervix
430 4093 525 4148 ritule
544 4093 613 4166 quia
627 4108 679 4165 pro
699 4096 790 4150 salute
811 4096 943 4168 gentium
1032 4091 1134 4147 Concu
1151 4090 1284 4160 duplicia.
1310 4089 1439 4161 Apostoli
1453 4094 1556 4145 cuncta
1573 4090 1700 4160 duplicia
1712 4107 1846 4164 suscepe-

96 4193 169 4234 mors
183 4180 289 4236 Christi
304 4181 444 4236 celebrata
463 4185 515 4236 est.
537 4181 634 4236 Cervix
655 4181 744 4237 robor
756 4183 849 4237 carnis
863 4184 941 4256 quod
996 4182 1074 4244 runt,
1090 4177 1140 4250 qui
1155 4178 1285 4234 doctrina
1299 4183 1327 4234 et
1341 4178 1508 4250 operatione
1523 4177 1638 4250 prediti
1651 4184 1728 4233 sunt.

95 4265 123 4320 in
139 4274 232 4323 morte
242 4262 396 4341 ‘deposuit
425 4268 571 4324 Louobuut
596 4284 693 4325 munus
715 4285 798 4340 super
815 4273 941 4339 uitulum,
957 4289 980 4345 ῃ
1034 4267 1087 4321 Alii
1099 4266 1180 4323 dabit
1193 4272 1225 4322 ut
1239 4267 1324 4335 vivat,
1339 4283 1398 4323 non
1414 4272 1446 4323 ut
1467 4267 1603 4335 abundat,
1616 4267 1690 4322 sicut
1702 4267 1844 4323 Abraham

96 4353 188 4422 idest,
208 4357 376 4429 purgabunt
390 4374 478 4430 opera
500 4373 553 4430 per
567 4357 709 4430 passionis
732 4359 836 4415 Christi
850 4359 942 4416 confl-
997 4353 1124 4410 liliorum
1139 4357 1249 4411 ancille
1264 4371 1353 4428 super
1370 4356 1500 4413 nationes
1512 4354 1661 4429 prefecit:
1683 4356 1743 4411 lilio
1756 4355 1843 4423 Sere,

97 4442 229 4502 dentiam.
997 4458 1056 4498 non
1080 4445 1176 4501 solnm
1198 4445 1379 4517 temporalia,
1400 4446 1449 4501 sed
1474 4445 1633 4519 spiritualia
1657 4445 1846 4502 accumulavit

127 4537 207 4591 Vns.
224 4538 250 4591 6.
267 4565 303 4577 -
321 4536 519 4606 moerensque
539 4550 636 4592 monus
658 4550 733 4602 suus,
757 4540 811 4592 etc.
840 4537 940 4607 idest,
994 4530 1078 4604 (Gen.
1095 4538 1157 4605 ιιι).

98 4637 179 4694 opera
205 4640 257 4679 sno
280 4624 310 4680 in
332 4624 465 4696 passione
493 4622 597 4681 Christi
619 4623 858 4680 demonstrabunt
880 4641 941 4683 esse
1030 4624 1112 4680 Vens.
1143 4626 1185 4680 td.
1215 4654 1249 4666 -
1277 4624 1309 4681 Si
1334 4625 1466 4692 aestuem.
1501 4625 1596 4680 Melior
1623 4628 1665 4680 est
1693 4622 1846 4680 obedientie

99 4713 208 4769 munda.
237 4712 314 4768 Licet
334 4713 413 4768 enim
439 4713 568 4784 ejusdem
596 4711 736 4783 passionis
762 4720 942 4770 sacramenta
994 4727 1076 4783 quoru
1090 4714 1216 4780 uictimas,
1238 4717 1264 4768 st
1285 4714 1439 4769 ouscrdtcre
1460 4715 1551 4781 magu
1568 4727 1651 4782 quosrs
1671 4711 1768 4781 offerre
1785 4712 1844 4766 odi·

98 4800 219 4872 quotidie
238 4801 390 4869 iterentur,
404 4801 440 4855 ab
455 4800 534 4855 omni
549 4804 647 4854 tamen
662 4799 761 4855 lende
775 4801 939 4859 ludaeorum
991 4818 1053 4875 pem
1076 4804 1203 4871 crisim,
1228 4804 1356 4872 quonium
1376 4804 1457 4872 quusi
1476 4805 1613 4870 peccotum
1638 4800 1778 4856 ariolandi
1804 4805 1845 4856 est

97 4889 219 4946 sordaet
232 4889 440 4962 operohabcnt
453 4887 654 4944 mundissima.
992 4906 1155 4962 rspupume
1184 4896 1238 4946 etc.
1261 4893 1287 4956 (1
1307 4892 1372 4962 lieo.
1394 4891 1451 4961 ιν.)
1478 4889 1695 4944 inobedientem
1721 4904 1790 4960 crgo
1805 4889 1842 4945 u-

125 4979 204 5034 isas.
220 4981 245 5034 8.
261 5009 295 5019 -
325 4979 462 5048 Propitius
484 4984 549 5033 estc.
575 4978 630 5032 Pro
658 4975 752 5032 officio
781 4993 834 5034 suo
851 4978 937 5035 bene·
992 4977 1065 5035 lium
1077 4983 1106 5034 et
1119 4979 1255 5034 vitiosum
1264 4979 1371 5051 ssoysss
1382 4977 1465 5049 jubet
1479 4976 1563 5032 obrui
1575 4977 1736 5050 lapidibus:
1753 4979 1843 5034 Cren-

95 5062 186 5122 diennt
197 5068 317 5138 populo,
341 5071 447 5122 utnon
459 5065 593 5120 reddatur
610 5064 733 5120 vindicta
753 5081 807 5137 pro
821 5067 937 5140 scelere,
992 5066 1101 5139 getium
1116 5082 1230 5140 quoqne
1247 5066 1327 5123 doris
1342 5065 1596 5137 increpationibus,
1606 5065 1689 5139 quasi
1699 5065 1842 5137 lapidibus

93 5155 135 5210 sed
152 5157 229 5211 solos
244 5171 296 5228 pro
312 5155 520 5227 redemptione.
991 5157 1063 5212 tales
1076 5156 1189 5227 arguit:
1204 5156 1347 5213 druimiuo
1357 5157 1525 5225 viperarum,
1546 5157 1608 5226 ouis
1620 5140 1723 5212 docebit
1734 5172 1781 5212 uos
1794 5159 1840 5226 fu·

123 5245 200 5300 voss.
221 5248 263 5300 tt).
278 5275 314 5287 -
329 5246 361 5302 si
375 5259 497 5315 comesus
519 5245 605 5311 ,uois
632 5244 670 5298 ud
690 5257 822 5314 pugnum
847 5243 936 5318 (lsrn.)
990 5247 1210 5314 gmoosnbsro
1220 5244 1265 5298 iro
1279 5243 1353 5313 (Luc.
1369 5241 1433 5315 rull

93 5330 187 5389 llieant
200 5332 305 5401 ludei,
321 5333 468 5406 quomodo
482 5332 544 5388 hec
561 5331 696 5388 servem?
710 5332 886 5404 qnidcause
900 5333 937 5389 sit
1026 5332 1108 5387 Voss.
1134 5334 1178 5387 22.
1207 5358 1241 5373 ·-
1268 5334 1420 5402 Appcusus.
1445 5331 1608 5388 cruciatum
1635 5333 1698 5405 ejus
1725 5333 1840 5390 ridente

91 5422 237 5478 mulierem
263 5422 404 5478 decalvari
427 5425 456 5478 et
477 5437 587 5493 ongnss
613 5420 802 5476 circumcidit
824 5421 896 5495 quid
912 5422 955 5478 si.
990 5420 1110 5494 populo,
1133 5420 1233 5477 unde:
1259 5421 1401 5490 Pascentes
1423 5436 1514 5478 cem
1536 5423 1660 5480 ombus
1689 5438 1783 5494 eous,
1809 5427 1841 5479 ut

91 5507 148 5566 sios
161 5510 274 5584 capillis
288 5515 317 5566 et
331 5511 475 5583 unguibus
488 5509 605 5565 inventa
614 5506 724 5566 fueriti
989 5511 1080 5567 ceteri
1092 5514 1191 5567 vadum
1204 5510 1322 5567 babeam
1335 5509 1379 5583 (11
1393 5513 1464 5567 tiso
1478 5511 1519 5582 s).
