3892 6106
96 228 127 279 25
839 221 1106 279 laetationem.
1811 225 1845 276 ro

95 354 173 403 rant:
205 349 370 423 ἄστιρισιός,
406 348 568 414 asteriscus,
601 350 629 403 et
661 351 704 403 est
742 345 982 407 diminutivumA
1000 346 1189 417 Hieronymus
1214 346 1321 418 peritus
1353 346 1383 400 iri
1417 344 1506 399 tribus
1538 344 1654 415 linguis,
1698 345 1844 410 Hebraica,
1931 404 1941 417 ‚

92 419 173 491 quasi
202 421 326 475 stellula.
344 418 398 476 Ubi
425 432 495 475 vero
525 424 587 475 erat
608 419 797 490 superfluum,
818 420 944 490 ponebat

92 492 227 546 obelum:
255 490 340 552 ὁιιιός
365 490 444 546 enini
468 492 563 546 Groece
586 489 690 545 dicitur
710 490 812 616 sapida
833 490 941 556 Latine,

92 562 216 615 retvers
232 579 240 627 ς
259 563 375 622 sireneos
388 578 440 632 per
453 563 507 616 lieo
522 562 597 632 qnod
620 562 716 616 littera
738 561 748 615 i
768 561 776 615 i
799 562 943 632 superflua

92 639 163 685 erat.
192 632 301 687 Deinde
328 633 388 703 ipse
413 632 562 701 origenes,
590 636 623 687 nt
645 632 714 687 dicit
742 632 942 702 Hieronymus,

93 710 203 758 sextam
219 712 249 757 et
272 704 425 774 septimam
451 702 667 757 translationem
688 703 761 757 mire
786 703 882 757 labore
896 719 944 757 ra·-

92 775 176 844 pcrit.
209 774 279 838 Dure
308 774 521 839 translationes,
550 774 656 828 scilicet
682 779 792 845 quinta,
814 779 893 828 serta
916 777 945 828 et

91 845 227 914 septima,
242 846 324 911 licet3
339 850 370 898 ul
384 845 460 901 idem
475 845 516 898 ait
532 844 732 915 Hieronymus,
757 844 863 915 quibus
878 860 945 898 cen-

92 923 211 969 seantur
225 915 401 981 auctoribus,
419 916 585 985 ignoretur:
601 921 696 969 tamen
713 915 751 969 ita
767 915 945 985 probabilem

92 986 136 1038 sui
151 987 348 1041 diversitatem
372 992 482 1050 tenent,
502 992 533 1040 ιιι
557 987 757 1040 anctoritatem
771 987 833 1040 sine
848 986 945 1040 nemi·

94 1057 179 1109 nibus
208 1057 363 1111 tenuerint.
401 1057 508 1112 Deinde
537 1057 655 1129 qnidam
686 1056 813 1111 volentes
840 1056 946 1111 habere

94 1142 196 1180 omnes
221 1128 290 1180 istas
316 1128 518 1182 translationes
541 1128 638 1189 simul,
662 1126 823 1181 scribebant
846 1127 944 1192 libros,

93 1198 132 1250 sic
143 1213 195 1251 eos
206 1198 374 1252 ordinantes
386 1198 466 1268 qnod
478 1199 508 1253 in
528 1197 622 1253 medio
644 1197 797 1269 cujuslibet
820 1197 879 1251 folii
894 1214 945 1268 po-

95 1267 201 1322 nebant
215 1284 265 1323 sex
289 1272 469 1324 columnase
493 1284 605 1324 sommo
625 1268 758 1323 deorsum
772 1269 945 1323 descenderi-

94 1344 144 1404 tes,
163 1346 308 1409 ponentes
336 1338 366 1394 in
398 1338 492 1408 prima
516 1341 601 1394 verba
623 1340 819 1393 translationis
835 1339 945 1410 primae.

94 1410 123 1463 in
155 1411 285 1463 secunda
315 1410 460 1475 secundm,
494 1414 522 1463 et
555 1412 593 1464 sic
625 1410 757 1465 dealiis:
782 1409 948 1464 etistilibri

96 1479 164 1533 dicti
179 1485 248 1534 suut
263 1480 371 1544 ἑξαπιιέ,
390 1481 426 1535 ab
441 1479 469 1544 ἐξ
483 1482 588 1545 Graece,
613 1480 690 1550 quod
703 1486 747 1535 est
768 1496 816 1536 sea
837 1481 946 1546 Latine,

95 1551 177 1621 qnasi
201 1553 348 1622 sescupla.
374 1551 421 1605 Vel
443 1551 547 1607 dicitur
568 1550 673 1615 ἑξαπια,
699 1551 781 1621 quasi
804 1551 876 1606 liber
893 1552 946 1606 ha·

998 418 1094 473 Graeca
1108 423 1136 472 et
1148 417 1256 479 Latina,
1269 417 1363 488 prime
1373 416 1495 471 correxit
1517 417 1732 472 translationem
1757 417 1845 473 Lllltll

998 490 1192 558 iuterpratiim
1224 491 1254 543 ιιι
1287 490 1386 543 Latino
1416 503 1481 542 coin
1508 487 1650 542 asteriscis
1678 493 1706 542 et
1736 487 1842 554 obelis,

998 565 1096 640 postea
1119 574 1185 612 vero
1209 560 1353 613 transtulit
1376 557 1542 613 immediate
1569 558 1658 613 Dihlia
1678 559 1714 612 de
1727 559 1846 614 Hebraeo

998 647 1027 684 ui
1045 631 1177 684 tatinum
1192 630 1253 683 siue
1268 630 1409 684 asteriscis
1424 637 1453 683 et
1472 629 1579 698 obelis3
1594 633 1623 682 et
1647 630 1699 683 hac
1723 629 1848 683 transla-

998 701 1078 754 tione
1095 716 1171 754 nunc
1187 701 1292 771 ubique
1308 701 1398 754 utitur
1411 704 1471 754 tota
1487 701 1613 755 Humana
1632 700 1764 767 Ecclesia,
1782 699 1848 756 licet

999 788 1057 825 non
1080 771 1110 825 iii
1132 771 1265 825 omnibus
1284 772 1374 826 libris.
1402 771 1547 841 Etipsins
1571 770 1719 825 translatio
1745 770 1848 825 merito

998 841 1291 909 caetarisantefertnr,
1319 843 1386 912 quia
1407 846 1449 895 est
1481 841 1634 895 verborum
1663 844 1789 896 tenacior
1819 846 1849 897 at

1000 912 1200 984 perspicuitate
1217 916 1367 967 sententiae
1377 912 1489 966 clarior.
1512 912 1545 967 Et
1572 913 1720 967 translatio
1741 912 1845 982 prima,

999 983 1105 1037 scilicet
1122 984 1209 1038 LlHlll
1232 985 1433 1053 Interpretom,
1460 983 1534 1037 facta
1557 987 1601 1036 est
1624 984 1653 1036 in
1675 983 1849 1038 Alexandria

999 1053 1123 1113 civitate.
1151 1069 1215 1124 qrire
1245 1053 1410 1123 metropolis
1433 1061 1476 1108 est
1499 1053 1620 1123 AEgypti.
1647 1054 1717 1109 ulie
1750 1061 1848 1108 nutem

1001 1125 1199 1178 translationes
1218 1123 1246 1177 iu
1277 1125 1396 1177 divorsis
1422 1123 1552 1194 partibus
1580 1126 1692 1190 mundi,
1715 1124 1763 1179 ubi
1780 1135 1849 1178 tnnc

1000 1196 1129 1261 magistri
1147 1196 1319 1265 polluerunt.

1037 1267 1108 1320 Nota
1122 1266 1200 1336 qnod
1214 1265 1389 1336 ubicumque
1405 1265 1527 1319 inlibris
1548 1263 1656 1318 Veteris
1671 1264 1847 1319 Testamenti

1001 1336 1137 1391 mendum
1166 1337 1319 1406 reperitur,
1343 1337 1549 1389 recurrendum
1575 1341 1617 1389 est
1645 1335 1681 1389 ad
1704 1336 1851 1390 volumina

1003 1408 1195 1469 Hebraeorum,
1208 1408 1276 1478 quia
1293 1408 1377 1460 Vetus
1395 1407 1608 1465 Testamentum
1631 1407 1724 1474 primo
1749 1406 1778 1459 in
1796 1405 1849 1458 lin·

1002 1495 1059 1543 gna
1091 1478 1208 1532 llebraea
1240 1478 1377 1547 scriptum
1410 1483 1473 1531 est:
1498 1477 1523 1530 si
1547 1476 1659 1530 veroin
1684 1476 1848 1531 librisHovi

1001 1549 1183 1613 Testamenti,
1197 1549 1394 1603 revertendum
1416 1554 1459 1602 est
1471 1548 1506 1603 ad
1517 1547 1662 1602 volumina
1686 1549 1848 1602 Graecorum

94 1621 165 1674 bens
181 1637 230 1676 sex
246 1621 450 1676 translationes
477 1633 567 1677 rectas
588 1624 631 1676 vel
655 1623 832 1677 rectillcatas
860 1623 891 1676 Et
903 1621 946 1676 his
963 1634 984 1691 Β
1004 1618 1073 1691 quia
1096 1621 1206 1674 Novum
1226 1620 1438 1674 Testamentum
1465 1618 1558 1699 primo
1583 1618 1612 1671 in
1638 1617 1735 1699 lingna
1751 1618 1849 1699 Graeca

95 1692 274 1763 temporibus
302 1693 385 1747 molti
406 1692 554 1764 utriusque
577 1693 684 1764 lingum
711 1692 791 1747 scioli
815 1693 948 1748 feceruut
1004 1689 1209 1759 scriptumest,
1225 1690 1527 1761 puetarEvaugelinm
1549 1688 1715 1744 llatthreiet
1738 1690 1850 1760 Episto-

95 1762 167 1816 alias
183 1762 388 1818 translationes
413 1763 448 1818 de
473 1763 615 1834 praedictis
637 1764 741 1819 Graccis
757 1762 949 1818 translationi·

97 1833 150 1887 bas
172 1833 202 1887 iu
238 1834 387 1889 Latinum.
425 1834 581 1890 Novissime
614 1834 820 1907 superveniens
849 1835 950 1889 beatus

1003 1761 1061 1816 lam
1077 1761 1155 1816 Pauli
1171 1761 1206 1816 ad
1225 1761 1370 1816 Hehroeos.

1078 1971 1179 1980 *-

719 2089 751 2134 itt
773 2088 893 2134 nonina
913 2088 1040 2135 SANCTAE
1057 2088 1242 2144 leHlTATIS,

766 2217 933 2288 lNClPl'l
960 2216 1191 2289 PROLOGUS

140 2383 342 2429 imitatricis
367 2384 486 2440 PATHIS,
511 2383 638 2430 FRATRIS
662 2384 781 2430 nicolai
804 2384 844 2430 DE
868 2384 937 2429 Lth
960 2384 1083 2430 onorius
1103 2383 1259 2429 senuerunt
1283 2382 1388 2428 sanc'rt
1411 2380 1580 2439 FHHNClSffl,
1606 2382 1646 2428 Dii
1668 2382 1811 2430 nouan-

639 2481 772 2528 bartone
795 2482 896 2527 Sthldi
915 2481 1089 2528 SCRIPTUHAE
1112 2482 1143 2527 lN
1168 2482 1320 2527 Genauam

139 2745 153 2776 ι
184 2725 251 2780 Haec
273 2724 373 2778 omnia
396 2723 469 2778 liber
492 2724 597 2791 vitre,v
618 2732 672 2778 etc.
690 2725 785 2792 (dccli.
800 2730 887 2792 xiiii).
904 2726 952 2780 Se·

104 2797 233 2850 cundum
249 2795 326 2867 qnod
351 2794 420 2849 dicit
441 2794 540 2848 beatos
553 2796 628 2865 Greg
659 2795 760 2849 Homil.
776 2799 808 2850 35
825 2799 954 2868 h'vauge-

105 2868 231 2922 liornm:
251 2887 264 2914 ιι
288 2864 465 2936 Temporalis
487 2865 682 2930 citaristanam
701 2868 764 2919 vitae
776 2874 952 2935 comparata,

1007 2725 1154 2780 sciendum
1192 2726 1249 2780 nod
1274 2741 1332 2779 uua
1355 2724 1473 2779 scientia
1496 2724 1671 2780 eminentior
1693 2732 1748 2789 est,
1766 2724 1856 2780 altera

1008 2812 1057 2849 sen
1072 2797 1178 2850 honoro
1204 2797 1266 2850 ilior
1280 2795 1387 2865 duplici
1403 2796 1438 2849 de
1452 2811 1546 2855 caiisa,
1565 2801 1595 2848 ot
1620 2795 1740 2850 habetur
1760 2795 1855 2866 primo

1007 2867 1042 2921 da
1057 2867 1164 2920 auimo.
1190 2867 1249 2921 Una
1273 2873 1324 2932 est,
1344 2865 1412 2937 qnia
1437 2871 1478 2919 est
1497 2866 1532 2919 de
1556 2865 1691 2920 nobiliori
1711 2864 1854 2937 subjecto:

107 2954 181 2991 mers
195 2943 241 2990 est
255 2936 353 3007 potius
367 2934 487 2991 diceudo
502 2952 588 3006 qiiam
608 2936 674 2991 vita.
692 2955 706 2986 v
731 2937 862 2992 Scientiae
888 2945 987 3000 veroc
1008 2938 1072 3004 alia,
1090 2938 1156 3009 quia
1172 2937 1300 3006 procedit
1313 2936 1427 2990 certiori
1440 2936 1535 2990 modo.
1561 2937 1593 2991 ιιι
1613 2942 1730 3008 propter
1750 2943 1856 2991 utram·

108 3024 124 3060 a
148 3007 330 3077 philosophis
350 3007 463 3060 traditae
482 3007 651 3061 ordinantor
673 3006 709 3061 ad
733 3007 820 3062 finem
856 3025 958 3062 couse-

108 3080 257 3149 quendnm
274 3078 304 3131 iri
320 3076 453 3147 praesenti
469 3077 534 3141 vito,
550 3077 616 3148 qnia
628 3076 754 3132 scientim
778 3079 908 3146 practicae
922 3080 957 3134 ab

112 3151 151 3203 eis
174 3149 290 3203 tradita
311 3148 482 3202 ordinantur
507 3149 542 3202 ad
564 3148 727 3203 felicitatem
748 3150 903 3219 politicam,
920 3152 959 3203 lo·

112 3220 227 3289 qriendo
242 3219 279 3273 de
290 3218 405 3288 politica
421 3219 570 3288 proesentis
584 3221 660 3273 vita.
683 3220 820 3274 Similiter
833 3220 959 3276 scientia

114 3290 297 3361 speculativae
320 3289 489 3344 ordinantur
505 3290 540 3344 ad
565 3290 729 3345 felicitatem
760 3292 959 3361 contemplati·

114 3377 185 3428 ram,
220 3361 367 3442 loquendo
386 3361 421 3415 de
444 3360 686 3432 contemplatione
708 3377 773 3432 qnae
796 3368 891 3432 potest
907 3364 960 3417 ha-

116 3432 173 3486 beri
189 3433 221 3485 in
238 3431 452 3502 ritapraesenti,
478 3435 507 3485 et
525 3448 577 3502 per
601 3432 677 3486 viam
697 3439 818 3498 natiuae,
837 3449 900 3505 quos
913 3434 959 3488 de·

112 3503 215 3569 pendet
228 3517 264 3556 ex
279 3502 479 3572 phantasmate
506 3503 584 3556 Unde
595 3502 700 3557 dicitnr
712 3504 796 3558 tertio
807 3506 841 3558 de
852 3505 959 3570 anima,

115 3574 187 3644 quod
204 3591 218 3625 ιι
234 3573 464 3643 intelligentibus
477 3573 561 3627 nobis
576 3589 690 3627 necesse
703 3579 746 3628 est
760 3575 961 3656 phantasmata

115 3645 197 3699 simul
227 3643 378 3715 speculari.
403 3666 417 3693 o
450 3644 481 3698 Et
500 3643 536 3698 de
560 3644 609 3700 tali
632 3645 826 3716 speculatione
857 3646 962 3700 dieitur

116 3715 233 3781 ibidem,
257 3715 334 3783 quod
363 3734 378 3764 ιι
411 3713 571 3785 intelligere
594 3716 788 3786 corrumpitur
813 3715 842 3770 in
867 3716 960 3782 nobis,

115 3787 241 3856 quodam
256 3784 378 3839 interius
391 3789 536 3854 corrupto.
554 3804 567 3837 ι
586 3785 671 3840 Sacra
695 3792 791 3840 antem
816 3787 962 3868 Scriptura

116 3858 267 3912 ordinatur
277 3857 313 3910 ad
327 3855 493 3910 felicitatem
505 3856 569 3910 vita·
588 3856 703 3921 futnroe,
748 3872 813 3911 nam
836 3859 962 3928 philoso-

116 3929 161 3997 phi
176 3928 371 3993 nesciverunt,
387 3926 544 3981 secundum
559 3927 636 3997 qued
649 3926 718 3981 dicit
761 3935 840 3981 eatos
861 3929 961 3984 Hiero·

117 4011 218 4067 aymus
232 3997 264 4051 in
280 3997 402 4067 epistola
419 3996 455 4052 ad
479 3996 632 4052 Paulinum
661 3996 696 4051 de
717 3998 851 4052 omnihus
875 4016 962 4054 sacrae

117 4069 269 4138 Scriptnrae
296 4068 397 4123 libris:
422 4088 435 4119 ι
456 4068 514 4122 Hoc
531 4068 630 4123 doctus
655 4069 734 4123 Plato
758 4069 886 4135 nescirit,
909 4070 962 4125 hoe

118 4139 322 4193 Demosthenes
346 4138 484 4209 eloquens
506 4137 685 4209 ignoravit.»
710 4140 748 4221 lii
771 4142 876 4221 quibus
899 4157 963 4195 con·

1012 3024 1068 3076 que
1093 3024 1171 3061 sacra
1193 3006 1349 3075 Scriptura,
1372 3023 1436 3079 qua.
1451 3006 1566 3078 proprie
1581 3007 1725 3077 theologii
1741 3006 1854 3074 dicitnr,

1012 3094 1077 3133 cum
1092 3078 1154 3148 ipsa
1168 3080 1228 3132 sola
1241 3078 1275 3131 sit
1296 3084 1388 3132 textus
1403 3078 1488 3147 hujus·
1504 3078 1641 3144 scientiae,
1658 3093 1758 3133 omnes
1768 3077 1857 3132 scien·

1013 3149 1066 3202 tias
1080 3149 1233 3203 antecellit.
1249 3149 1355 3213 Primo,
1368 3149 1436 3229 qaia
1450 3148 1536 3203 habet
1554 3150 1642 3203 Deum
1653 3165 1710 3220 pro·
1728 3148 1856 3220 subjecto

1013 3221 1063 3289 qui
1086 3221 1176 3273 estin
1199 3236 1312 3275 summo
1332 3224 1418 3273 totius
1441 3219 1616 3274 nobilitatis:
1642 3218 1856 3291 propterquod

1013 3291 1178 3344 nominetur
1196 3291 1348 3361 theologia,
1373 3290 1455 3361 qnasi
1477 3307 1571 3344 serino
1596 3292 1631 3345 de
1651 3292 1721 3360 Deo,
1735 3290 1857 3345 secoudo

1014 3363 1082 3433 quia
1098 3362 1223 3431 procedit
1235 3362 1319 3416 modo
1334 3362 1464 3426 certiori;
1480 3360 1543 3415 aliae
1566 3359 1644 3415 enim
1664 3361 1790 3419 scientim
1802 3361 1859 3416 lin·

1014 3435 1140 3487 manitus
1156 3438 1275 3501 repertae
1291 3433 1450 3502 procedunt
1472 3447 1523 3501 per
1541 3433 1787 3503 investigationem
1811 3447 1859 3486 ra·

1014 3503 1101 3558 tionis
1125 3504 1268 3557 liumanae.
1285 3504 1317 3557 ln
1341 3519 1397 3628 pue
1424 3504 1539 3574 quidem
1556 3503 1695 3573 processis
1718 3503 1784 3557 licet
1801 3519 1860 3557 nou

1014 3574 1051 3628 sit
1074 3590 1154 3628 error
1169 3580 1339 3646 qiieutuma
1378 3573 1571 3644 cognitionem
1594 3573 1756 3642 primorum
1779 3573 1857 3644 prin·

1015 3645 1167 3714 cipiorum,
1196 3661 1260 3715 qiiae
1284 3651 1351 3699 sunt
1375 3660 1464 3714 perse
1487 3650 1554 3698 nota
1582 3643 1751 3714 (secundum
1783 3644 1858 3715 quod

1015 3716 1121 3769 dicitur
1138 3715 1263 3770 secondo
1278 3716 1453 3786 llataphys.:
1471 3732 1485 3766 ιι
1505 3715 1536 3769 lii
1548 3715 1658 3771 foribus
1680 3715 1745 3786 quis
1765 3714 1861 3769 deliu-

1015 3792 1084 3858 qoet
1100 3806 1113 3837 v
1131 3787 1151 3855 l,
1169 3792 1263 3840 tamen
1278 3786 1308 3840 iii
1323 3786 1492 3841 deductione
1503 3785 1720 3840 conclusionum
1735 3801 1769 3840 eii
1784 3785 1860 3856 prin·

1016 3856 1098 3928 cipiis
1113 3862 1279 3927 potestesse
1308 3873 1399 3923 error,
1419 3856 1541 3911 maxime
1570 3863 1710 3928 quantum
1734 3856 1770 3910 ad
1790 3872 1861 3910 cou-

1015 3929 1156 3982 clusiones
1171 3945 1187 3981 a
1203 3927 1302 3998 primis
1313 3926 1461 3996 principiis
1477 3926 1658 3998 longinquas.
1686 3926 1764 3982 Unde
1789 3933 1817 3980 et
1832 3926 1862 3980 in

1016 3999 1067 4053 tali
1092 4014 1224 4068 processu
1246 4014 1345 4052 omnes
1364 3997 1539 4068 philosophi,
1567 3997 1722 4051 innitentes
1749 4002 1863 4051 tantum

1017 4071 1152 4124 hnmanae
1168 4067 1389 4139 investigationi,
1405 4068 1591 4121 inveniuntur
1620 4082 1739 4132 errasse,
1760 4071 1788 4120 et
1798 4066 1862 4121 ideo

1017 4140 1052 4194 de
1068 4139 1204 4210 singulari
1218 4139 1374 4194 eminentia
1385 4139 1470 4209 hujus
1485 4137 1611 4192 scientiae
1636 4137 1740 4192 dicitur
1757 4139 1863 4193 Deute-

116 4211 242 4288 rluditur
257 4208 335 4289 qnod
350 4208 415 4263 libri
431 4225 448 4261 a
463 4209 638 4280 philosophis
654 4209 788 4281 descripti
809 4211 998 4289 contineo-p
1018 4210 1142 4265 ronomii
1153 4218 1275 4282 quarto:
1300 4228 1313 4261 ι
1331 4210 1396 4264 Hice
1419 4213 1461 4263 est
1482 4209 1622 4289 sapientia
1644 4214 1748 4276 vestra,
1772 4209 1862 4290 etiu-

118 4286 156 4334 les
179 4285 316 4334 scientias
340 4280 487 4334 ordinatas
510 4281 651 4335 adfinem
677 4280 707 4334 in
730 4282 782 4335 bec
810 4283 963 4351 temporali
1018 4283 1146 4337 tellectus
1171 4298 1266 4335 coram
1296 4281 1418 4351 populis.
1445 4299 1457 4330 v
1482 4281 1628 4351 Sapientia
1653 4281 1731 4335 enirn
1761 4280 1865 4335 dicitur

116 4352 171 4406 vita
186 4350 390 4404 tantummodo
404 4350 577 4405 natirraliter
587 4351 833 4424 consequendum,
848 4353 872 4407 si
884 4369 963 4409 com·

119 4427 258 4491 parentur
272 4421 307 4476 ad
320 4421 408 4475 libros
419 4437 505 4475 sacrae
518 4421 683 4492 Scriptura,
704 4438 769 4493 quie
793 4423 966 4478 ordinantur

116 4492 152 4547 ad
181 4492 274 4547 tinem
305 4497 420 4547 eternae
446 4492 520 4557 vitas,
550 4492 642 4563 magis
667 4498 734 4548 sont
762 4494 872 4549 dicendi
901 4494 965 4548 libri

39 4582 44 4589 ·
119 4569 218 4618 mertis
231 4577 321 4634 quain
332 4563 409 4617 vites.
430 4562 483 4618 Sed
498 4563 568 4618 liber
591 4562 741 4617 continens
763 4580 873 4619 sacrani
890 4565 965 4620 Scri·

118 4641 233 4704 pteram
259 4634 335 4704 (quae
357 4633 423 4688 licet
443 4634 475 4689 iii
495 4634 592 4689 multis
612 4633 695 4688 libris
709 4635 878 4704 partialibus
893 4635 964 4690 divi-

116 4705 213 4768 datur,
230 4703 285 4758 sub
299 4719 356 4758 nne
370 4710 466 4758 tamaii
490 4704 562 4759 libro
587 4704 759 4775 continetur)
784 4706 834 4777 qui
849 4706 965 4760 nomine

116 4775 247 4847 generali
268 4774 358 4830 Diblia
383 4775 496 4842 dicitur,
521 4776 591 4830 liber
606 4776 671 4830 vitre
694 4777 809 4847 proprie
835 4776 964 4831 uomina·

114 4853 171 4912 tur,
189 4846 349 4900 secondum
365 4846 440 4917 qued
457 4844 560 4901 dicitnr
579 4845 610 4900 iii
633 4845 718 4901 serbe
739 4851 963 4918 praeassumpto:

116 4919 178 4973 nec
192 4919 297 4979 omniu,
314 4921 367 4970 etc.

85 5013 87 5016 ·
152 4988 184 5042 ln
208 5002 269 5056 qne
291 5001 369 5040 sacra
385 4985 530 5056 Scriptura
549 4986 774 5057 quadrupliciter
796 4988 967 5044 describitur

112 5057 277 5112 secondum
293 5064 416 5127 quatuor
430 5058 616 5122 excellentias,
644 5059 748 5130 quibus
770 5075 884 5113 omnem
900 5059 964 5114 scri·

112 5135 230 5202 pteram
258 5127 344 5183 aliam
363 5128 484 5183 excellit.
512 5129 609 5184 Primo
633 5129 709 5185 enim
734 5129 914 5195 describitur,
933 5134 965 5184 ut

111 5199 276 5326 1⁵23„le
287 5198 663 5326 tillir-“tulitin
697 5216 849 5326 „tirhtil
868 5201 966 5342 llll·

111 5314 222 5397 neritis
236 5310 434 5398 continentiis.
446 5341 522 5411 qued
531 5342 656 5396 ostendit
667 5343 780 5412 signum
792 5343 963 5409 unisonus,

110 5429 179 5468 cum
196 5412 312 5479 dicitur,
337 5414 437 5468 omnio.
459 5411 552 5466 'fertio
579 5410 611 5466 iit
631 5413 785 5495 speculeris
806 5414 965 5484 intelligen-

110 5486 173 5549 ιιι,
200 5481 280 5555 qnod
306 5483 424 5538 denotat
434 5482 560 5537 conditio
585 5482 659 5551 libri,
676 5499 741 5538 cuin
757 5483 870 5551 dicitnr,
886 5485 963 5540 tiber.

109 5556 223 5622 Quarto
248 5559 282 5610 nt
300 5553 434 5610 mlutaris
461 5553 603 5623 efficacia,
629 5555 705 5627 qued
725 5555 850 5610 ostendit
863 5571 965 5611 conse-

109 5627 193 5683 cutio
206 5626 274 5682 finis
289 5624 406 5691 intenti,
420 5640 484 5679 cuni
503 5624 616 5692 dieitur,
641 5627 713 5683 uita.
739 5625 817 5682 Circa
838 5626 963 5699 primum

1019 4352 1134 4424 proprie
1150 4352 1198 4406 illa
1213 4352 1330 4406 scientia
1346 4368 1410 4422 qua
1420 4351 1581 4406 considerat
1591 4351 1863 4414 altissimascausas,

1019 4423 1186 4477 othobetnr
1214 4422 1307 4494 primo
1334 4423 1487 4494 lietaphys.
1517 4423 1601 4478 Sacra
1628 4439 1694 4478 sero
1720 4422 1864 4492 Scriptura

1019 4493 1106 4549 habet
1130 4494 1218 4548 Derim
1238 4510 1290 4564 pro
1313 4493 1451 4563 subjecto,
1482 4495 1637 4548 ntdictem
1666 4499 1718 4559 est,
1749 4492 1865 4566 quiesi

1020 4566 1113 4634 prima
1132 4580 1216 4618 causa
1248 4564 1416 4635 simpliciter
1446 4564 1576 4621 oiuninm
1600 4569 1630 4619 et
1659 4563 1724 4618 ideo
1749 4561 1865 4634 proprie

1019 4635 1123 4689 dicitur
1144 4635 1297 4705 Sapientia.
1317 4635 1371 4690 Sed
1391 4635 1593 4690 convenienter
1621 4633 1747 4700 additur,
1763 4638 1863 4696 oestro,

1021 4707 1054 4760 ad
1072 4705 1308 4777 distinguendum
1323 4706 1492 4776 sapientiam
1508 4711 1683 4771 sauctorum,
1700 4720 1748 4757 seo
1766 4704 1865 4758 cattio-

1019 4777 1151 4840 licornm,
1174 4792 1239 4848 quie
1262 4783 1304 4830 est
1326 4778 1387 4847 ipsa
1408 4792 1485 4830 sacra
1507 4775 1661 4845 Scriptura,
1685 4791 1701 4828 a
1724 4774 1866 4846 sapientia

1020 4847 1266 4929 philosophorum,
1283 4848 1374 4902 ethoc
1390 4847 1536 4917 potissime
1551 4846 1581 4899 in
1594 4845 1717 4912 duobos,
1734 4846 1868 4900 videlieet

1019 4934 1050 4972 io
1067 4919 1292 4988 proprietatibus
1307 4919 1342 4973 de
1359 4920 1415 4974 Deo
1437 4916 1568 4987 coguitis,
1596 4921 1624 4969 et
1639 4916 1669 4971 in
1693 4918 1750 4972 Due
1765 4915 1865 4986 cogni·

1019 4989 1105 5042 tionis
1133 4989 1207 5044 Licet
1222 4989 1298 5043 enim
1313 4987 1475 5060 philosophi
1490 4987 1642 5042 habuerint
1670 4988 1865 5055 cognitionem

1020 5060 1054 5115 de
1068 5060 1133 5116 Deo.
1147 5061 1200 5114 hoc
1216 5066 1311 5114 temen
1324 5061 1417 5113 solum
1441 5059 1494 5112 fnit
1518 5065 1658 5128 qnantum
1682 5061 1715 5113 ad
1736 5058 1865 5128 proprie·

1019 5135 1165 5201 tatesqoae
1179 5131 1213 5186 de
1230 5131 1290 5202 ipso
1305 5135 1424 5200 possunt
1448 5129 1579 5184 concludi
1604 5146 1655 5199 per
1676 5129 1867 5201 investigatio·

1020 5216 1087 5255 nem
1110 5201 1227 5255 rationis
1250 5201 1451 5271 procedentem
1476 5216 1510 5255 ex
1529 5201 1677 5269 creaturis,
1702 5201 1776 5256 sicut
1796 5199 1867 5256 Phi·
1926 5200 1929 5205 '

1020 5271 1156 5342 losephus
1171 5272 1341 5326 duodecimo
1356 5271 1510 5340 lletaphys.
1524 5272 1625 5353 probat
1639 5274 1701 5341 ejus
1713 5272 1865 5337 unitatem,

1019 5349 1048 5397 et
1066 5348 1164 5396 octavo
1180 5342 1365 5412 Physieorum
1391 5342 1502 5397 iirtutis
1525 5343 1710 5409 infinitatem,
1734 5347 1763 5398 et
1777 5342 1817 5396 sic
1831 5342 1867 5397 de

1020 5412 1170 5467 similibus.
1186 5412 1239 5467 Sed
1255 5414 1403 5482 prophetae
1416 5418 1445 5469 et
1471 5415 1592 5482 apostoli
1615 5412 1713 5482 sancti,
1726 5413 1776 5486 qui
1794 5414 1867 5468 hanc

1020 5484 1194 5553 Scripturam
1211 5483 1294 5538 nobis
1309 5485 1488 5541 tradiderunt
1510 5501 1561 5556 per
1582 5485 1783 5539 revelationem
1798 5483 1864 5554 Spi-

1020 5554 1092 5608 ritus
1111 5555 1211 5622 sancti,
1236 5555 1399 5613 habuerunt
1425 5556 1620 5628 cognitionem
1650 5556 1686 5609 de
1709 5553 1867 5625 proprieta-

1020 5625 1095 5680 tibus
1121 5624 1225 5680 divinis
1246 5627 1515 5683 nauscandeutihos
1535 5625 1783 5697 investigationem
1816 5638 1864 5675 m-
