3892 6106
588 266 717 324 ulosss
734 267 937 325 oltblllelsla.
956 296 993 313 —
1011 271 1078 328 ulls.
1101 272 1176 330 JOB.
1712 278 1766 337 754

92 385 242 456 Dominus,
259 389 325 456 etc,
339 401 425 456 usquc
439 387 477 442 cd
491 389 567 459 quod
578 392 620 444 est
634 389 669 446 ad
684 389 870 447 afflictionem
888 393 1001 449 Abona
1013 394 1075 466 ejus
1089 395 1214 452 exterius
1237 396 1374 453 ιιιιιιιιι
1387 397 1493 468 tribuo,
1514 398 1564 456 sed
1590 397 1670 456 intus
1693 400 1767 458 mibi

76 489 149 530 ursam
166 474 360 546 malitioelsusc
372 475 490 530 aestibus
504 477 648 534 anhelare.
911 480 994 538 illum
1007 498 1100 541 ιιιιο.

76 563 155 619 llude
170 563 508 635 ιιιιιιι((ἱιιι.)ιΝοιι
523 566 659 636 querite
683 566 774 636 bonis,
790 568 859 640 quia
946 590 961 624 ι
993 570 1048 628 Sed
1070 574 1233 629 extende.»
1259 572 1353 646 (lbid.)
1386 576 1440 630 Per
1471 574 1619 646 passiones
1647 593 1765 649 peccare

88 652 249 725 quaerimus
270 652 327 707 nisi
359 653 436 724 quod
464 655 617 723 nescimus,
642 659 672 711 et
686 656 734 711 llei
749 657 858 713 nescire
912 674 996 729 posse
1009 659 1154 716 Christum
1168 660 1320 732 putavit«
1349 663 1417 718 Ecce
1441 663 1573 719 uniuersa
1598 664 1764 736 quehabet

76 741 229 812 eprobare,
246 745 322 796 utet
342 740 435 796 bonus
448 742 491 797 vir
518 743 629 799 nescire
656 745 774 800 mentiri
789 744 858 801 dici·
912 745 942 801 in
958 761 1045 801 ιιιιιι
1061 752 1111 802 ιιι
1124 753 1199 803 ιιιι.
1216 749 1344 804 »Manus
1361 749 1474 806 Satanas
1489 766 1548 805 nou
1561 755 1697 822 potestas,
1713 751 1763 807 sed

76 845 139 886 nou
163 829 241 900 quod
265 829 382 897 nesciat,
398 830 447 886 sed
464 832 543 903 quod
568 838 742 889 contemnat.
761 834 859 890 [licere
911 834 1058 903 tentatio;
1080 835 1161 908 prius
1181 837 1290 906 ludas,
1322 854 1387 911 qua
1417 839 1558 910 possessio
1583 839 1646 911 ejus
1668 840 1763 896 lueret

90 922 197 976 «uude
224 921 328 977 acub?
353 923 412 978 vias
434 924 496 996 ejus
520 930 564 981 est
591 927 676 998 quasi
698 927 859 1000 incognitas
911 921 1080 979 infidelitate
1092 924 1205 981 sublate
1215 930 1270 995 est,
1286 932 1315 982 et
1328 927 1354 982 ei
1367 927 1536 984 adversata:
1560 932 1627 1000 post
1653 932 1683 984 et
1696 943 1762 984 caro

75 1008 203 1066 obera«
232 1010 385 1066 circumivi
420 1016 537 1069 terram.
556 1033 572 1065 s
599 1017 653 1070 Per
674 1031 777 1088 gyrum
803 1016 859 1072 cir·
911 1011 974 1082 ojus
987 1011 1132 1069 erudiixu·

75 1100 140 1168 itus,
156 1098 262 1154 laboris
289 1100 415 1155 anxietas
438 1101 625 1173 signillcatur.
641 1104 785 1160 laborans
806 1110 860 1160 ter·
949 1119 964 1149 ιι
977 1101 1123 1173 Egressus.
1140 1121 1155 1154 ι
1171 1102 1203 1158 ld
1222 1106 1275 1172 est,
1292 1103 1329 1158 ed
1352 1103 1486 1160 desiderii
1513 1103 1557 1159 sui
1571 1108 1636 1159 ιοιι
1661 1120 1763 1176 perve-

79 1188 253 1258 circumivit
269 1191 319 1261 qui
346 1191 377 1245 in
405 1193 476 1247 coelo
504 1192 620 1264 quietus
645 1209 703 1249 non
718 1193 814 1250 stetitz
830 1197 860 1250 et
913 1187 964 1244 uit.
979 1188 1028 1244 Vel
1054 1191 1211 1262 egreditur,
1235 1192 1305 1247 dum
1331 1193 1406 1264 quod
1429 1193 1505 1249 bona
1533 1193 1694 1249 intentione
1708 1193 1764 1250 sibi

83 1279 253 1347 transvolat,
278 1279 328 1334 scd
350 1280 541 1351 perambulet,
570 1281 639 1353 quia
659 1298 676 1337 e
700 1282 859 1353 spiritualis
911 1277 1098 1348 permittitur,
1134 1280 1484 1352 pravassintentioneiab
1498 1297 1532 1336 eo
1562 1286 1758 1353 perpetratur.

75 1367 140 1423 ntiae
164 1368 260 1423 uolatu
284 1369 402 1437 corruit,
439 1371 569 1441 pressus}
591 1370 678 1426 nimis
705 1371 858 1441 grauedine
943 1386 958 1416 u
975 1367 1110 1438 Egressus
1120 1367 1215 1424 Satan
1234 1389 1246 1419 s
1264 1369 1409 1438 Quaeriit,
1421 1370 1456 1425 ab
1471 1369 1565 1443 coqui
1578 1369 1684 1441 ubique
1700 1370 1761 1427 esti

75 1455 208 1511 mariue.
229 1457 267 1511 llo
282 1457 420 1513 memhris
435 1473 551 1530 quoque
567 1460 630 1530 ejus
654 1458 780 1517 dicitur:
797 1481 809 1510 a
824 1461 857 1515 ln
911 1453 961 1510 sed
974 1454 1113 1527 quamdiu
1136 1471 1251 1526 pressus
1274 1457 1478 1528 potentiensi,
1507 1457 1593 1514 Satan
1613 1458 1692 1530 quod
1709 1474 1761 1530 ap·

75 1542 155 1599 tmitu
169 1543 253 1616 impii
275 1545 424 1601 ambulant
449 1547 541 1616 (Psoi.
561 1546 611 1618 ιι),
639 1547 743 1614 idest,
767 1546 857 1602 inex·
910 1542 1004 1614 petiit,
1019 1559 1217 1600 exerceronou
1232 1546 1336 1616 potuit,
1366 1546 1447 1619 quasi
1461 1552 1527 1602 ante
1550 1546 1653 1602 faciem
1666 1547 1761 1617 stetit;

75 1646 143 1688 rum
158 1633 253 1688 labore
271 1634 438 1706 fatigantur.
455 1635 589 1692 Diabolus
600 1652 661 1693 non
682 1641 781 1692 contra
791 1636 855 1705 tob,
875 1636 970 1732 ¹³exst
991 1647 1058 1688 cum
1094 1632 1204 1689 laxatus
1228 1639 1270 1690 est
1297 1634 1334 1691 ad
1369 1635 1502 1691 effectum
1542 1635 1586 1689 sui
1615 1635 1759 1692 desiderii.

75 1721 162 1778 nlob
186 1723 292 1791 medio,
323 1729 424 1780 contra
447 1727 538 1780 Deum
564 1730 663 1782 certat.
690 1726 770 1783 llude
797 1742 856 1782 uon
911 1738 927 1773 ι
956 1722 1184 1795 Egressusquea
1208 1722 1321 1779 tocie.»
1346 1723 1419 1789 Quia
1444 1723 1514 1779 dum
1538 1739 1627 1796 usque
1654 1723 1692 1779 ad
1711 1738 1761 1779 cor

75 1810 149 1866 rJob
164 1827 182 1865 a
196 1813 253 1867 Deo
263 1813 356 1883 petiit,
381 1814 429 1869 sed
452 1813 535 1869 illum
551 1815 625 1870 neue
646 1815 677 1869 in
701 1819 857 1888 conspeetu
909 1809 1069 1878 prevalere
1084 1809 1194 1882 nequit,
1211 1811 1343 1867 exclusus
1354 1812 1391 1867 ab
1404 1811 1516 1868 intimis
1530 1811 1655 1868 exterius
1673 1827 1760 1884 vaga·

76 1898 216 1955 laudavit.
909 1899 978 1953 tur:
993 1901 1024 1954 et
1034 1897 1060 1953 si
1082 1902 1211 1955 mentem
1228 1900 1335 1967 turbat,
1357 1900 1429 1956 loris
1452 1904 1514 1956 est:
1530 1900 1600 1972 quis
1613 1916 1673 1957 non
1686 1900 1759 1956 inte·

75 2002 119 2043 ιι.
142 1990 168 2042 9.
183 2006 248 2040 -ι
276 1988 413 2060 Nunquid
435 1990 540 2046 trustra
562 1991 613 2047 lob
636 1991 719 2047 timet
737 1993 857 2050 Deum?
910 1985 1000 2056 rimit,
1015 1988 1064 2042 sed
1086 1988 1191 2044 erudit.

75 2094 86 2125 ι
100 2075 205 2145 (ibid.)
223 2074 473 2133 Diabolusvenisse
489 2079 702 2151 redemptorem
717 2087 855 2149 senserat,
945 2076 1038 2148 (leid.)
1056 2076 1198 2149 Tempora
1215 2076 1423 2134 tentationibas
1441 2081 1614 2150 congruunt.
1635 2078 1760 2149 Tempus

75 2163 508 2237 propterbumiliaquapassus
520 2172 570 2236 est,
586 2168 729 2241 quidquid
743 2170 779 2226 de
791 2169 856 2226 dei·
909 2165 1039 2223 ιιιιιιιιι
1059 2171 1160 2237 aptum
1185 2166 1283 2238 elegit,
1308 2180 1374 2221 cum
1397 2165 1473 2222 tilios
1495 2166 1558 2238 ejus
1583 2165 1615 2220 iu
1629 2164 1759 2221 convivio

74 2250 233 2322 suspicatus
248 2256 301 2321 est,
317 2252 344 2307 ei
359 2252 524 2310 indubium
549 2256 645 2312 evenit
658 2274 710 2330 pro
738 2275 790 2314 sua
804 2275 855 2314 su·
908 2254 1040 2312 invenit:
1057 2254 1260 2328 pronuntiatio
1281 2253 1474 2310 tribulationis
1496 2258 1540 2310 est
1553 2252 1654 2310 laetitia
1672 2253 1759 2309 satie-

74 2337 149 2406 ia,et
159 2355 219 2394 uon
229 2341 321 2397 Deum
334 2347 445 2410 natum,
457 2344 562 2400 sedbel
577 2346 669 2417 gratia
679 2347 856 2404 custoditum
907 2343 984 2401 tatis.

74 2425 132 2484 dit.
150 2448 165 2478 a
182 2428 282 2484 Nonne
296 2429 464 2488 vallasti'l»
477 2433 602 2489 Domum
616 2436 750 2491 vallatam
774 2436 854 2506 dicit,
942 2431 1026 2489 Voss.
1054 2435 1097 2488 ιι.
1126 2461 1162 2474 -
1187 2431 1288 2488 «Cum
1317 2434 1413 2486 autem
1436 2430 1562 2503 quadam
1594 2429 1641 2486 die
1656 2429 1710 2486 tilii
1729 2435 1759 2487 ot

90 2517 229 2573 tentando
257 2519 459 2575 mnseientiam
473 2521 536 2593 ejus
562 2528 713 2594 penetrare
729 2541 787 2580 non
800 2541 854 2596 9⁰·
908 2519 1018 2588 «illies,
1032 2525 1087 2576 etc.
1105 2540 1117 2569 ι
1134 2518 1263 2592 Apostoli
1280 2523 1310 2575 et
1335 2535 1436 2574 omues
1450 2517 1559 2575 tideles.
1579 2517 1668 2589 lajor
1679 2517 1757 2575 tilius

74 2603 271 2674 substantiam,
286 2606 354 2680 quia
369 2608 473 2664 electos
489 2609 551 2680 ejus
565 2610 769 2669 invadercnon
782 2629 855 2685 prae·
905 2608 1040 2666 iudaicus
1053 2609 1180 2681 populus
1192 2609 1257 2680 lege
1273 2613 1426 2681 generatus
1441 2625 1450 2676 3
1469 2607 1576 2676 minor,
1593 2606 1712 2663 Gentilis
1725 2605 1758 2663 in

74 2692 132 2750 rsit.
906 2697 964 2753 flue
991 2702 1118 2753 vocatus.
1143 2699 1176 2753 ln
1202 2697 1289 2754 domo
1323 2713 1392 2768 ergo
1416 2695 1612 2769 primogeniti,
1634 2695 1758 2768 apostoli

74 2782 210 2839 essecesio
226 2782 303 2838 illius
326 2784 425 2840 crevit.
442 2803 457 2838 ι
483 2785 574 2858 (leid.)
603 2787 689 2852 Quasi
706 2804 713 2842 ι
729 2789 797 2861 quia
811 2795 854 2847 tot
906 2783 1111 2841 conrivantur:
1126 2783 1196 2856 quia
1208 2784 1301 2840 adbuc
1320 2784 1473 2856 Scriptura
1489 2799 1577 2840 sacre
1600 2782 1709 2841 deliciis
1725 2782 1756 2839 in

74 2869 120 2927 tin
135 2876 211 2926 terra
236 2872 355 2945 recepit,
383 2890 436 2944 pro
451 2871 497 2929 bis
520 2892 550 2930 se
573 2875 741 2933 innocenter
754 2880 828 2950 gerit
843 2897 850 2936 :
906 2871 1071 2928 collectione
1085 2872 1173 2928 solius
1186 2873 1296 2929 ludoici
1309 2871 1410 2945 populi
1437 2871 1636 2942 vescebantur,
1649 2870 1756 2943 quibus

74 2974 200 3016 nnocens
213 2976 272 3016 non
290 2967 366 3017 esset
379 2962 404 3017 si
417 2963 493 3018 iuter
511 2964 628 3020 aduersa
655 2971 743 3022 staret
757 2985 765 3024 ι
781 2962 885 3041 quial}
903 2965 972 3017 tuuc
993 2961 1101 3017 dictum
1124 2965 1187 3018 est:
1213 2982 1228 3012 ι
1251 2963 1284 3018 ln
1311 2961 1388 3017 viem
1411 2961 1542 3033 gentium
1565 2976 1602 3016 ne
1628 2959 1756 3017 abieritis

74 3044 145 3103 itin
161 3048 215 3113 die,
232 3047 263 3102 in
285 3053 368 3105 nocte
392 3049 587 3122 aduersorum,
600 3053 662 3108 vult
685 3056 846 3126 reprobare.
902 3048 1016 3121 (Massa
1031 3051 1072 3122 ι).
1090 3070 1102 3098 r

81 3151 152 3209 ergo
180 3137 254 3193 vires
274 3138 337 3203 lob,
363 3139 412 3195 sed
440 3156 586 3212 quemque
609 3141 704 3198 verim
724 3145 849 3202 adveni.
939 3158 954 3192 ι
981 3137 1174 3194 comederent
1189 3142 1218 3195 et
1234 3137 1375 3206 biberent,
1403 3142 1489 3194 etc.»
1518 3136 1687 3205 comedere,
1710 3141 1755 3193 est

74 3240 122 3281 ιιι
136 3225 236 3292 sciens,
262 3228 432 3283 tenendum
445 3227 560 3300 expetit.
577 3251 591 3279 ιι
605 3230 659 3286 Sed
687 3233 816 3299 extende,
833 3255 845 3287 ι
901 3226 984 3283 bonis
997 3225 1131 3299 operibus
1143 3227 1285 3299 gaudere:
1299 3227 1398 3283 viuum
1419 3227 1529 3296 bibere,
1544 3231 1588 3283 est
1608 3224 1750 3283 desiderio

74 3312 272 3370 dresleriendi
287 3314 341 3370 sibi
354 3315 455 3371 tribuit
470 3333 477 3383 ;
493 3316 625 3372 voiuntas
644 3319 706 3390 ejus
734 3336 849 3393 semper
901 3316 1009 3373 coelesti
1018 3321 1151 3373 aestuare.

74 3416 109 3469 ιι,
125 3418 190 3473 quse
209 3402 245 3457 ab
258 3402 322 3472 ipso
334 3407 394 3457 est:
407 3409 534 3475 potestas
546 3405 635 3476 justa,
652 3423 717 3479 qua
733 3426 750 3463 a
764 3411 848 3481 ⁰⁰⁰3
936 3426 952 3457 a
967 3404 1073 3462 Fratris
1089 3405 1135 3461 sui
1159 3404 1356 3478 primogeniti,
1376 3411 1430 3463 etc.
1448 3427 1462 3458 ι
1478 3405 1560 3462 Prior
1579 3403 1706 3461 nescitur
1718 3403 1752 3461 in

89 3488 235 3559 :Spiritus
249 3491 365 3545 llomiui
386 3491 480 3546 malus
494 3491 525 3548 iu
539 3493 617 3557 Saul,
638 3500 666 3550 et
681 3495 847 3562 llominiest
900 3493 986 3549 corde
999 3492 1151 3566 sapientia,
1167 3498 1234 3558 etc,
1247 3509 1333 3566 usque
1355 3496 1394 3552 ud
1408 3495 1523 3568 utquid
1550 3497 1751 3566 praeoccupate

74 3576 218 3646 leentiam,
231 3583 260 3634 et
271 3580 365 3635 ιιιιιιιι
379 3595 432 3651 per
442 3581 626 3639 voluntatem.
899 3598 981 3638 mens
990 3582 1125 3654 perdidit,
1139 3582 1245 3639 sillicte
1253 3583 1382 3656 recipiat.

73 3666 219 3723 unum.»
243 3666 335 3738 (leid.)
359 3668 495 3733 Queritur
508 3671 585 3742 quod
613 3687 751 3730 numerus
771 3675 846 3732 ilde·
933 3671 1015 3727 Vm·
1033 3670 1076 3727 ¹4·
1090 3701 1126 3714 -·
1142 3691 1156 3722 e
1172 3673 1259 3727 Βοιθι
1286 3673 1415 3739 fflbwb
1435 3675 1519 3728 ⁰2⁸st
1549 3671 1648 3746 (Μ)
1661 3672 1750 3726 ss⁰l⁰⁸

93 3755 316 3828 predicantibus
350 3757 487 3827 apostolis
512 3764 651 3830 augetur:
681 3762 736 3818 boc
760 3765 846 3821 Satan
898 3763 1021 3826 ιιιιιιι,
1035 3758 1065 3813 id
1080 3764 1133 3826 est,
1161 3759 1228 3815 boni
1250 3760 1323 3816 benc
1344 3765 1506 3832 operantes,
1533 3759 1622 3816 asinae
1635 3758 1749 3830 simpli-

73 3846 153 3911 e,est
167 3843 232 3898 talis
260 3843 415 3900 invidendo
441 3846 577 3918 cogitare,
603 3849 680 3905 etde
705 3851 751 3906 bis
765 3853 845 3909 tabe-
898 3847 969 3901 citer
992 3844 1142 3914 viventem
1164 3847 1209 3902 he
1231 3847 1312 3918 juxte
1335 3847 1431 3915 boves,
1457 3848 1527 3920 quia
1555 3846 1748 3919 intelligentie

73 3930 219 3986 lodolere.
897 3948 999 3988 eorum
1024 3938 1189 4004 pascuntur.
1211 3934 1304 3990 Sabaei
1325 3935 1510 4007 captivantes,
1527 3935 1557 3991 id
1586 3935 1747 3990 estdaemo·

73 4033 112 4075 ιι.
146 4022 188 4074 ll.
215 4040 276 4070 -ι
309 4021 415 4092 Tange.
434 4043 449 4072 »
476 4023 577 4096 (leta.)
605 4026 679 4092 Quia
704 4027 845 4084 exteriore
897 4036 960 4091 nes,
973 4036 1089 4092 pueros,
1105 4020 1135 4076 id
1148 4026 1193 4078 est
1206 4021 1387 4094 incipientes,
1414 4024 1545 4079 nondum
1570 4023 1661 4078 virilis
1675 4038 1747 4078 con-

73 4122 142 4180 quas
155 4109 227 4180 petit
246 4111 365 4178 conteri,
390 4127 442 4167 nee
468 4113 593 4170 multum
616 4116 767 4187 putatum
785 4117 846 4174 ini.
896 4108 1018 4178 stauba,
1054 4108 1159 4180 gladio,
1194 4110 1224 4167 id
1254 4116 1298 4166 est
1333 4112 1530 4184 desperatione
1567 4111 1745 4170 aeternitatis.

89 4195 187 4253 ledat.
898 4198 1020 4254 Nuntius
1033 4198 1084 4272 qui
1101 4200 1205 4270 evadit,
1219 4198 1404 4272 propheticus
1428 4217 1522 4257 sermo
1536 4205 1598 4258 est:
1616 4201 1667 4272 qui
1681 4201 1722 4257 ait
1736 4217 1744 4257 :

73 4290 92 4331 a
118 4275 232 4333 taciem.
248 4299 263 4328 »
282 4279 378 4335 Faeies
401 4280 518 4337 Domini
546 4288 691 4355 respectus
717 4289 760 4340 est
775 4281 877 4358 gra-D
897 4305 911 4338 a
927 4287 1060 4359 Captivos
1075 4290 1176 4344 ductus
1199 4294 1241 4347 est
1266 4290 1391 4362 populus
1408 4305 1508 4346 meus:
1537 4290 1676 4362 quianon
1691 4291 1744 4345 be·

78 4363 151 4420 uicit
179 4381 271 4436 ergo:
300 4367 405 4423 sidata
428 4384 492 4440 quae
520 4377 598 4425 amat
625 4373 779 4442 subtrahis,
792 4391 839 4430 re·
893 4374 957 4431 buit
966 4375 1115 4432 ιιιιιιιιιιι
1127 4377 1192 4448 (ιιι
1204 4378 1254 4449 v);
1269 4399 1284 4429 ›
1309 4378 1461 4449 quiedam
1489 4378 1563 4434 liunt
1589 4379 1744 4450 malaque

73 4453 262 4520 um,scilicet
288 4455 390 4526 gratiae
419 4462 486 4523 tuse,
510 4458 636 4515 levorem
670 4467 752 4517 tuum
779 4478 840 4518 non
893 4463 1035 4535 praedixit,
1048 4465 1131 4538 quasi
1152 4481 1238 4522 sanus
1265 4465 1301 4522 ad
1317 4467 1471 4523 Dominum
1486 4465 1580 4522 redit:
1596 4466 1744 4538 captivatis

73 4540 124 4609 ιιι,
133 4542 183 4597 sed
193 4542 387 4600 maledicendo
402 4546 569 4601 contemnit.
893 4552 971 4609 enim
984 4553 1118 4623 infirmis,
1134 4571 1201 4611 vera
1214 4554 1378 4627 praedixisse
1395 4557 1585 4628 cognoscitur.

73 4644 106 4684 ιι.
124 4631 212 4683 lt.-
179 4649 240 4683 -a
270 4631 426 4703 llixitergo
456 4634 633 4690 Dominus.»
622 4610 760 4711 sllbid.)
776 4639 839 4695 Non
928 4641 1011 4699 Vsas
1028 4645 1121 4699 l5.-
1085 4663 1151 4694 -ι
1179 4644 1212 4700 Et
1238 4660 1353 4716 pueros.
1372 4664 1384 4696 ι
1412 4645 1518 4700 Pueros
1552 4649 1743 4701 uocatcaute·

73 4732 131 4773 one
143 4716 250 4775 diaboli
263 4725 433 4790 provocatus
448 4724 523 4778 Deus
536 4722 668 4791 uincitur,
684 4727 734 4781 sed
762 4728 839 4784 hosti
891 4730 950 4785 lam
965 4729 1045 4786 illem
1058 4730 1226 4803 diligentiae,
1239 4748 1292 4804 per
1305 4749 1394 4804 quam
1412 4732 1457 4787 bis
1482 4732 1621 4803 providet,
1635 4749 1700 4806 quas
1714 4737 1744 4790 et

73 4804 172 4863 dited
185 4807 356 4864 doloremet
371 4808 567 4881 deceptionem
597 4828 679 4867 suam
701 4815 778 4886 quod
793 4815 839 4872 ιι·
892 4818 923 4874 in
939 4833 972 4874 eu
986 4819 1158 4892 percutitur.

82 4894 209 4965 prosit«
225 4896 293 4952 Ecce
307 4897 482 4969 omniaque
496 4899 622 4967 hebet,›
638 4905 692 4958 ete.
720 4904 840 4961 Piadis·
927 4906 1011 4962 Vsus.
1027 4908 1073 4963 lu.
1100 4927 1164 4958 -ι
1192 4907 1269 4978 iguis
1282 4907 1334 4963 liei
1359 4907 1487 4965 occidite
1501 4907 1612 4964 coelo.»
1633 4910 1741 4967 (ιιιιιιιιι

72 4981 156 5039 mooe
176 4985 287 5040 relaxat
300 4992 329 5041 et
350 4986 507 5043 refraenat:
527 4989 716 5047 substantiam
730 4994 836 5064 prodit,
891 4996 1022 5052 doctores
1044 4995 1128 5067 legis,
1156 4995 1326 5064 sacerdotes,
1342 4996 1378 5053 de
1405 4996 1510 5069 quibus
1535 4997 1611 5068 iguis
1625 4997 1741 5056 invidia

73 5084 91 5125 u
98 5071 236 5143 protegit,
252 5077 282 5128 et
307 5073 332 5129 si
354 5079 454 5146 postea
467 5091 572 5147 corpus
593 5078 759 5149 traditurus,
779 5097 838 5137 non
891 5083 968 5140 cadit
992 5099 1079 5156 super
1093 5100 1159 5141 oves
1186 5088 1216 5140 et
1239 5098 1356 5156 pueros,
1380 5084 1411 5141 id
1434 5090 1487 5153 est,
1515 5084 1684 5143 innocentes
1711 5093 1740 5146 et

72 5159 188 5216 asimul
218 5161 326 5231 omnia,
348 5178 386 5219 ne
400 5171 566 5221 coacervata
593 5168 746 5239 perimant,
773 5187 838 5242 quas
891 5172 1032 5230 infirmos.
1046 5175 1120 5229 Puer
1134 5189 1220 5229 ιιιιιι
1230 5173 1314 5243 redit,
1331 5173 1400 5246 quia
1417 5189 1485 5229 vera
1495 5174 1598 5231 dixisse
1612 5177 1739 5250 propbe-

72 5250 348 5321 tpossunttolerari.
365 5254 531 5309 Velsortem
557 5254 610 5311 Job
634 5255 771 5312 Dominus
786 5274 836 5314 no
892 5261 963 5318 tiam
977 5261 1365 5334 claruitaelusapprebendit
1391 5262 1531 5335 populum
1549 5263 1737 5324 ineruditum.

72 5338 191 5393 ttamen
203 5337 277 5394 bella
292 5339 400 5412 divisit,
413 5346 446 5396 ut
462 5342 622 5399 mirabilius
637 5344 728 5401 victor
742 5352 835 5405 esset:
927 5350 1021 5423 (ibid.)
1057 5351 1129 5407 Ores
1156 5350 1366 5423 cogitationum
1395 5351 1570 5411 innocentia
1600 5356 1679 5429 iguis
1704 5357 1740 5414 de

72 5425 260 5482 rostisvictus
274 5443 304 5483 se
318 5427 470 5487 iterumad
492 5447 568 5486 nova
581 5432 655 5488 bella
679 5441 835 5506 repararet.
891 5439 974 5508 coelo,
988 5438 1019 5495 id
1033 5444 1086 5508 est,
1106 5437 1142 5495 ab
1170 5438 1261 5495 aereis
1283 5441 1473 5511 potestatibus
1496 5443 1612 5501 llsmma
1641 5445 1739 5501 livoris

73 5528 125 5571 ece
138 5513 310 5573 uniuersa..
328 5518 474 5575 tantum
466 5535 497 5576 an
515 5536 594 5591 eum,
611 5525 705 5592 eta,
731 5523 761 5580 id
781 5529 835 5585 est.
890 5526 987 5600 irruit,
1000 5532 1119 5601 etsape
1133 5528 1256 5587 mundas
1272 5529 1461 5604 ωειιιιιοιιι
1486 5533 1588 5591 ardore
1608 5533 1738 5593 libidinis
