3892 6106
139 277 191 331 3ιῦ
463 269 659 327 weneinici
677 269 801 326 seeum
820 267 919 325 rusb.
941 267 1022 324 lton,
1043 267 1120 324 ΟΡΡ.
1142 267 1229 324 PARS
1252 270 1274 324 l.
1295 297 1328 306 -
1348 267 1578 327 lflnolonlca.
1846 275 1899 328 356

138 395 546 469 concupiscentiamaterest,
562 392 586 447 si
602 391 1024 464 quanobisconcupiscentiaA
1042 391 1185 446 mensuris
1213 390 1277 447 coeli
1296 390 1499 462 disputantem.
1525 393 1596 449 Cum
1626 393 1680 449 hac
1702 394 1840 465 dormire,
1871 397 1901 453 id

139 487 187 553 sit,
205 485 347 542 actionem
371 499 430 541 uon
458 483 668 554 conjungamus
697 478 732 536 ei.
764 481 820 546 Qui
837 480 914 536 enim
941 482 997 536 hoc
1049 483 1091 535 cst
1104 479 1249 548 delectari,
1269 481 1395 536 revelare
1411 485 1440 536 et
1469 483 1565 552 pelam
1594 483 1807 555 turpitudinem
1837 487 1900 557 ejus

138 568 220 640 lecit,
251 571 318 642 igne
347 568 520 634 incenditur,
545 573 574 623 at
600 564 830 638 concupiscentia
864 571 893 621 et
922 566 996 621 aetio
1048 569 1899 643 prolerre,fontemquetotiuserrorisjexpouenteruaudire,

139 659 210 731 ejus.
241 661 272 717 st
295 661 368 715 enim
389 661 467 727 sacto
494 659 587 713 cornia
608 657 710 726 spiritu
723 653 993 727 mortificaverimus,
1047 655 1170 728 impium
1185 663 1237 713 est.
1263 658 1330 713 ldeo
1348 658 1413 713 talis
1432 658 1622 716 interficietur
1636 662 1671 716 de
1686 660 1783 716 medio
1797 662 1900 735 populi

137 751 259 804 ciamus
272 748 360 820 (licen
374 746 448 818 rur),
1048 746 1102 814 sui,
1115 763 1151 802 ne
1162 746 1328 803 nominetur
1340 747 1429 802 homo
1442 747 1492 820 qui
1503 747 1661 820 imaginem
1670 749 1721 806 llei
1732 755 1762 806 et
1771 751 1900 823 seipsum

175 837 370 893 Vens.lti.-
393 833 746 904 (intermisecuimus.
774 832 870 890 Nimia
894 835 995 887 contra
1046 833 1208 906 ignorando
1223 835 1418 891 Creatorema
1438 852 1467 891 se
1487 836 1630 892 alienavit.
1646 837 1712 908 lpse
1727 855 1844 912 quoque
1858 840 1899 896 in·

137 938 186 979 eos
199 922 519 992 exerceturldistrictio,
534 921 585 994 qui
608 921 639 977 in
657 925 769 976 tantum
793 919 888 992 iniqui
901 923 929 975 et
955 919 995 975 li·
1048 924 1215 992 turticietur,
1239 940 1275 980 ue
1309 923 1449 997 sapientia
1469 926 1647 996 nominetur,
1671 927 1741 998 quie
1756 928 1897 1001 sapientia

138 1011 229 1068 bidiui
255 1012 353 1081 dediti,
380 1017 414 1068 ut
445 1011 574 1067 inaudita
600 1010 708 1066 scelera
737 1009 991 1074 concupiscerent:
1046 1010 1247 1084 hujusmundi
1261 1013 1379 1069 stultitia
1394 1019 1436 1069 est
1450 1014 1528 1085 apud
1546 1016 1635 1070 Deum
1650 1016 1677 1088 (l
1691 1018 1757 1074 Cor.
1773 1017 1823 1090 ιιι).

138 1102 214 1157 unde
228 1101 297 1158 viris
319 1102 363 1156 vel
379 1101 548 1157 mulieribus
565 1099 725 1155 commistis
755 1097 992 1170 quadrupedibus
1084 1101 1301 1172 Turpitndinern,
1320 1101 1547 1159 etc..Sororibus
1561 1113 1715 1175 parentum
1743 1105 1817 1162 illios
1843 1108 1893 1163 mi-

138 1190 242 1246 mortis
255 1206 373 1262 poenam
398 1189 512 1246 indixit.
543 1188 688 1244 Fidelibus
709 1204 825 1259 quoque
853 1202 910 1242 uon
939 1186 994 1242 erit
1047 1189 1119 1245 sceri
1142 1191 1287 1263 prohibet,
1311 1195 1343 1245 ut
1369 1191 1569 1262 generationes
1594 1208 1652 1247 non
1669 1193 1894 1265 contundantur,

138 1278 201 1334 huc
212 1280 258 1335 lex
280 1279 436 1351 superflua,
451 1278 475 1334 si
491 1277 689 1350 quadrupedia
710 1276 872 1332 voluntates
890 1290 993 1347 pravas
1046 1282 1074 1333 at
1087 1278 1255 1350 parentibus
1273 1279 1434 1334 reverentia
1448 1279 1625 1336 exhibeatur.
1640 1281 1805 1339 wordum
1834 1285 1896 1357 spi·

140 1368 298 1424 adterrem
325 1384 432 1440 pronas
457 1366 674 1439 intelligamus:
701 1381 767 1437 qua
791 1380 894 1420 manus
918 1363 993 1419 sicut
1044 1367 1133 1423 ritum
1152 1383 1220 1422 vero
1239 1372 1268 1423 et
1285 1372 1567 1440 pareutumpeccata
1586 1369 1723 1427 decemus
1733 1372 1838 1439 volare,
1869 1378 1899 1428 ει

143 1455 276 1511 homines
290 1473 348 1511 nou
363 1456 480 1519 habent,
498 1456 567 1528 quia
584 1454 664 1509 omni
675 1454 802 1509 humana
816 1452 927 1507 actione
942 1467 990 1505 ca·
1045 1472 1146 1511 eorum
1164 1456 1213 1528 qni
1227 1457 1268 1511 eis
1292 1457 1391 1512 sociati
1407 1463 1483 1526 sunt,
1500 1458 1581 1529 quasi
1604 1459 1706 1514 iratres
1729 1465 1758 1515 et
1772 1445 1898 1531 sorores,

142 1548 216 1611 rent,
233 1543 310 1599 uude
337 1543 521 1616 cognationes
546 1543 696 1598 uobiscum
723 1558 781 1596 nou
799 1540 915 1595 liabent.
944 1539 992 1592 Vir
1044 1542 1150 1616 quibus
1167 1543 1282 1599 nudatis
1309 1547 1444 1615 parentes
1462 1544 1551 1599 latere
1575 1561 1634 1600 nou
1662 1551 1792 1616 possunt.
1816 1549 1899 1604 Unde

140 1649 209 1706 ergo
221 1634 266 1688 vel
280 1634 393 1702 mulier,
409 1650 474 1705 quie
487 1648 546 1688 nou
567 1634 707 1705 languore
721 1638 843 1697 natura,
858 1631 906 1686 sed
922 1631 991 1686 deli·
1046 1632 1141 1687 addit:
1167 1632 1353 1700 ignominium
1384 1635 1475 1688 cornis
1496 1649 1552 1689 suae
1576 1634 1702 1690 nudabit.
1729 1636 1792 1693 lxx
1808 1653 1816 1693 ε
1833 1638 1898 1694 Sine

144 1722 293 1778 berationa
307 1723 347 1778 eis
362 1721 512 1778 cohoescrit
534 1722 578 1777 vel
603 1720 715 1789 coierit,
731 1736 796 1774 reus
820 1724 863 1774 est
879 1719 987 1775 mortis.
1010 1695 1112 1790 Βιιιιιε
1126 1722 1265 1789 morietur,
1279 1720 1307 1776 id
1322 1725 1375 1789 est,
1392 1721 1453 1776 siue
1474 1721 1628 1777 virtutibus
1642 1738 1718 1795 ,quus
1733 1730 1777 1779 est
1800 1725 1896 1796 pessi-

138 1809 199 1882 lpsi
216 1826 333 1883 quoque
347 1809 419 1865 mori
442 1809 578 1864 dicuntur
589 1808 646 1862 illis
661 1807 791 1875 mortuis,
803 1822 898 1877 neque
913 1807 992 1862 enim
1047 1825 1095 1864 me
1109 1808 1251 1864 sterilitas.

142 1915 195 1971 per
210 1916 240 1954 se
254 1899 422 1968 subsistunt,
437 1914 490 1953 nec
505 1899 564 1953 ulla
577 1897 686 1970 peccati
699 1895 859 1951 substantia
869 1900 921 1964 est,
941 1896 991 1952 sed
1083 1898 1138 1962 Qui
1154 1898 1258 1965 coierit,
1274 1900 1327 1952 etc.
1344 1895 1451 1969 (larun.)
1470 1897 1599 1954 Ostendit
1626 1899 1695 1971 quia
1709 1917 1795 1957 causa
1823 1902 1898 1957 lilio·

139 1987 169 2042 iu
181 1988 376 2059 peccatoribus
391 1991 535 2059 oporatur.
1046 2000 1122 2053 rum,
1138 1990 1204 2053 ele,
1221 2001 1306 2056 nsque
1320 1985 1357 2041 oet
1370 1986 1567 2058 superioribus
1581 1988 1682 2043 similis
1692 1996 1744 2046 est.

176 2076 269 2149 (Auo.)
292 2078 345 2145 Qui
366 2093 427 2132 cnm
449 2076 583 2146 jumento,
606 2078 658 2130 etc.
680 2073 824 2140 Quaeritur
846 2073 990 2146 quomodo
1082 2073 1175 2146 (lino,
1192 2079 1288 2145 quest,
1303 2077 1336 2130 76
1351 2077 1380 2130 in
1394 2078 1469 2144 Leo.)
1485 2077 1538 2144 Qui
1553 2080 1646 2133 coierit
1668 2094 1729 2135 cnm
1743 2095 1830 2135 neore
1842 2097 1895 2151 pn-

140 2181 228 2238 pecns
243 2181 323 2221 reum
338 2165 385 2230 sit,
402 2181 467 2220 cum
492 2181 545 2220 nec
568 2163 711 2220 rationem
732 2179 784 2218 nec
805 2163 876 2234 legis
903 2178 990 2234 capax
1044 2165 1107 2229 tris,
1126 2167 1178 2218 etc,
1201 2161 1738 2238 Quicunquedormieritcumcuguata
1753 2175 1893 2237 sue,etc.,

142 2254 199 2311 sit?
223 2271 260 2310 an
286 2254 533 2328 quemadmodum
556 2253 769 2309 transferuntur
788 2253 875 2307 verba
900 2257 990 2307 meta·
1044 2266 1129 2322 nsque
1141 2251 1217 2307 adid
1232 2256 1275 2306 est
1289 2252 1368 2307 nullo
1376 2252 1443 2324 jure
1458 2255 1613 2311 succedant
1625 2255 1803 2327 perentibus.

141 2343 261 2416 phorice
274 2343 309 2399 ab
329 2343 448 2399 animali
467 2343 502 2399 ad
517 2342 657 2410 unima1e;
674 2342 747 2397 sicut
761 2341 865 2397 dicitur
890 2347 991 2396 ventus
1082 2341 1161 2395 Vens.
1176 2342 1220 2396 ιι.
1234 2371 1268 2381 -
1284 2340 1426 2396 custodite
1440 2343 1518 2411 tepea,
1535 2349 1589 2400 etc.
1615 2344 1677 2399 Non
1700 2343 1807 2400 suflicit
1831 2361 1895 2418 par·

138 2432 303 2504 improbus,
329 2432 375 2489 vel
393 2431 499 2487 iratum
520 2447 609 2500 mare,
624 2432 665 2486 ita
681 2435 709 2486 et
724 2430 770 2486 hic
789 2430 991 2485 translatuma
1045 2433 1103 2484 tem
1135 2430 1205 2501 legis
1242 2429 1396 2500 custodire,
1423 2445 1536 2486 necesse
1569 2431 1708 2486 habemus
1740 2431 1894 2488 observare

138 2521 275 2576 rationali
290 2521 326 2577 ad
350 2520 535 2576 irrationale?
550 2521 621 2575 Nem
636 2519 702 2574 inde
716 2535 820 2590 pecora
831 2519 912 2590 jussa
925 2522 992 2572 sunt
1044 2516 1295 2590 omniepraecepta
1309 2523 1338 2573 ct
1350 2517 1466 2590 judicia.

143 2609 277 2677 interfici,
291 2609 360 2682 quia
373 2608 424 2665 tali
434 2608 544 2682 flagitio
559 2607 754 2664 contaminate
769 2607 919 2679 indiguam
943 2622 990 2661 re·
1080 2607 1161 2662 Vens.
1177 2609 1221 2662 ιι.
1245 2636 1281 2647 -
1297 2608 1384 2664 Nolite
1405 2608 1551 2674 ambulare,
1579 2612 1632 2666 etc.
1663 2610 1832 2667 Nousolum
1847 2613 1894 2667 lu·

141 2698 246 2755 tricent
260 2698 430 2755 memoriam
446 2698 523 2754 iacti.
1046 2693 1124 2761 deis,
1152 2694 1201 2750 sed
1224 2694 1358 2750 omuibus
1374 2696 1509 2767 gentibus
1531 2698 1592 2753 haec
1615 2698 1791 2756 observanda
1815 2708 1892 2769 sunl,

179 2789 265 2844 Vens.
297 2791 339 2843 lt.
364 2819 399 2828 -
431 2788 485 2855 Qui
510 2785 643 2858 occeperit
670 2800 786 2842 sororem
812 2799 900 2853 suom,
934 2787 987 2840 etc.
1047 2782 1389 2840 silicuserrirevoluut.

138 2877 242 2949 (isica.)
258 2875 320 2932 lioc
342 2875 491 2931 tolerabile
513 2875 675 2943 videbatur,
692 2874 760 2948 quia
786 2873 930 2929 Abraham
954 2871 989 2927 da
1080 2872 1159 2928 Vens.
1184 2873 1228 2927 tl.
1254 2900 1290 2914 -
1310 2873 1401 2928 Lacte.
1426 2874 1540 2930 Deliciis
1563 2875 1758 2943 beatitudinis,
1788 2878 1893 2950 quibus

139 2965 208 3022 Sara
225 2965 294 3020 dicit
314 2964 422 3022 :Soror
444 2981 509 3020 mee
521 2969 564 3019 est
577 2980 611 3018 ex
633 2969 724 3036 petre,
742 2968 771 3019 et
794 2979 852 3018 non
867 2978 901 3018 ex
928 2977 989 3016 me·
1009 2960 1117 3042 Gnihil
1134 2961 1257 3031 suavius,
1282 2961 1354 3016 nihil
1378 2962 1500 3026 dulcius.
1519 2968 1548 3020 et
1568 2963 1630 3020 siue
1645 2965 1726 3021 omui
1748 2965 1847 3021 labore
1864 2971 1893 3021 ot

137 3058 199 3110 tre:
216 3054 266 3110 sed
294 3070 342 3109 eos
367 3053 418 3126 qui
446 3052 482 3109 de
505 3054 596 3108 There
623 3057 705 3124 petre
729 3050 872 3108 Abraham
899 3052 989 3123 genili
1042 3050 1246 3115 doloreeruut,
1261 3049 1405 3105 sicutmel
1420 3055 1448 3106 et
1474 3051 1527 3119 lae,
1544 3068 1609 3124 ques
1635 3053 1697 3109 sine
1727 3057 1825 3110 nostro
1853 3055 1893 3111 le·

138 3147 206 3198 suut
220 3143 329 3214 bloysas
351 3157 534 3209 enumerans,
550 3157 693 3213 nusquam
711 3141 788 3197 Sara
816 3139 882 3195 iecit
907 3156 989 3195 meu·
1042 3137 1329 3210 borepreeparautur.

137 3229 259 3285 tionem.
277 3228 360 3295 Quod
384 3229 409 3284 si
426 3229 517 3285 sorori
538 3244 598 3283 sure
620 3228 763 3284 Abraham
788 3228 894 3300 nupsit,
922 3233 989 3284 aute
1078 3227 1160 3282 Vens.
1176 3228 1220 3281 ιθ.
1238 3256 1269 3268 -
1292 3227 1354 3296 Epo
1380 3226 1520 3284 Dominus.
1546 3231 1586 3286 Ne
1613 3233 1733 3299 cogitetis
1757 3231 1891 3288 dicentes·

138 3321 238 3374 tamen
251 3317 306 3373 hoc
319 3333 408 3390 quam
426 3319 517 3373 neum
531 3321 726 3390 cognosceret,
741 3316 816 3373 lecit.
834 3317 909 3372 Beue
920 3332 989 3388 ergo
1043 3314 1119 3387 Quid
1128 3314 1301 3385 comedemus,
1325 3320 1374 3371 ont
1400 3317 1469 3388 qnid
1491 3317 1621 3386 bibemus,
1643 3324 1692 3374 ont
1707 3335 1760 3390 qno
1783 3325 1892 3392 operie-

139 3405 185 3462 lex
201 3406 287 3462 mlem
304 3403 703 3478 conjunctionemprohibuit.
1042 3404 1127 3460 inuri
1156 3404 1208 3459 lenc
1229 3407 1300 3460 enirn
1321 3406 1412 3460 omnin
1425 3410 1515 3473 pentes
1539 3409 1685 3478 inquirent
1703 3407 1814 3481 (linttli.
1841 3411 1891 3481 vr.)

175 3495 228 3562 Qui
247 3497 389 3566 occeperit,
403 3498 457 3550 etc.
476 3492 662 3565 Tropologice
678 3492 885 3565 turpitudinem
909 3509 989 3549 soro·
1042 3491 1097 3558 Qui
1124 3499 1221 3549 autem
1243 3493 1440 3550 sublimiorem
1456 3496 1700 3552 conversationem
1715 3502 1744 3552 ct
1766 3499 1891 3554 retribu-

139 3582 179 3638 ris
194 3600 229 3639 ex
243 3588 324 3655 patre
339 3588 368 3639 et
383 3599 442 3639 uon
456 3599 491 3639 ex
501 3588 593 3638 matre
608 3581 685 3637 ridet
698 3587 727 3637 et
740 3581 851 3652 accipit,
869 3583 919 3654 qui
933 3588 991 3636 tur·
1042 3580 1151 3637 tionem
1166 3587 1337 3652 sequuntur,
1362 3584 1489 3655 seperari
1513 3584 1649 3641 debente
1673 3588 1783 3643 caetcris
1797 3589 1891 3660 genti·

139 3689 206 3746 pem
220 3673 364 3738 actionem
383 3689 400 3726 a
422 3676 503 3743 patre
519 3672 597 3727 vela
625 3670 777 3743 mutre(in
806 3687 864 3742 qua
882 3671 990 3727 scilicet
1043 3669 1105 3725 bus.
1135 3671 1274 3741 Seporute,
1291 3677 1344 3727 etc.
1370 3673 1561 3729 turneutarel
1580 3690 1694 3745 pecora,
1711 3678 1889 3747 populares:

139 3762 334 3834 deliquerunt)
351 3760 521 3828 admiratur,
537 3763 565 3815 ει
578 3759 708 3815 imitetur
725 3774 803 3814 :nou
814 3759 907 3814 solum
923 3775 990 3830 per·
1043 3759 1179 3829 volatilia,
1199 3760 1438 3832 contemplatores
1455 3762 1499 3817 lex
1523 3763 1658 3834 appellat.
1672 3763 1771 3820 Omnis
1795 3781 1892 3839 popu-

141 3857 272 3908 scrutans
287 3867 352 3924 quac
366 3866 424 3906 non
434 3848 572 3921 oportuit,
584 3847 635 3904 sed
649 3848 828 3920 conjungens
838 3864 867 3903 se
882 3863 989 3918 paren·
1042 3847 1112 3902 laris
1124 3849 1250 3904 mundus
1268 3854 1387 3921 propter
1401 3850 1613 3922 simplicitatem
1625 3869 1642 3908 a
1656 3853 1789 3924 pluribus
1812 3854 1890 3927 judi·

138 3944 201 3996 tum
225 3940 439 4012 pravitatique.
459 3953 540 3993 soror
554 3938 615 4008 ejus
643 3936 758 4006 dicitur,
778 3936 861 4008 quasi
889 3936 925 3992 ab
948 3936 989 3992 eis
1042 3939 1133 3991 catur.
1161 3936 1298 3992 Similiter
1323 3939 1571 4011 contemplativus,
1603 3941 1653 3997 sed
1682 3958 1739 3997 uon
1763 3942 1805 3999 ita
1830 3949 1890 3999 est:

141 4030 239 4102 genita
254 4028 431 4101 parentibus.
457 4027 529 4093 Quia
544 4043 611 4081 vero
640 4026 693 4081 tilii
715 4025 862 4098 publicant
889 4042 990 4098 paren·
1042 4025 1191 4096 popularis
1203 4025 1282 4081 enim
1295 4026 1381 4082 debet
1394 4042 1455 4082 esse
1471 4028 1598 4099 prudeus
1613 4028 1644 4084 iu
1668 4029 1755 4099 bono,
1772 4032 1890 4105 simplex

141 4123 203 4174 tum
219 4121 334 4190 peccata
347 4115 478 4172 iaciendo
495 4115 612 4186 similis,
631 4119 707 4170 rcctc
722 4114 753 4170 in
772 4118 925 4186 conspectu
939 4130 990 4186 po-
1043 4112 1073 4167 in
1086 4113 1171 4181 malo,
1187 4113 1234 4169 hic
1250 4114 1328 4170 enim
1344 4116 1421 4171 solus
1438 4117 1563 4173 muudus
1578 4123 1629 4173 est.
1647 4119 1892 4192 Contemplatirus

138 4206 201 4279 puli
228 4205 371 4278 infligitur
394 4204 649 4277 poena3velju1te
674 4203 761 4260 Lxx:
789 4205 821 4258 ln
847 4209 989 4273 conspecta
1043 4215 1160 4273 quoque
1194 4202 1397 4258 conscientiam
1426 4203 1512 4259 debet
1536 4204 1643 4260 habere
1683 4206 1832 4275 mundam,
1864 4213 1892 4263 et

138 4295 374 4365 tiliornmqeneris
386 4296 441 4361 sui,
458 4307 559 4347 eorum
573 4292 680 4347 scilicet
694 4291 745 4362 qui
772 4292 841 4346 talia
861 4266 1023 4364 cogitaut⁰
1042 4289 1130 4346 lldem
1155 4306 1214 4345 uon
1231 4291 1336 4347 lictum.
1350 4291 1404 4357 Qui
1427 4293 1489 4348 hac
1503 4309 1562 4349 uon
1583 4294 1701 4364 habant,
1717 4294 1753 4350 ad
1779 4296 1890 4352 venilo-

138 4383 247 4440 imituri
263 4400 270 4438 :
284 4385 317 4438 ut
331 4381 417 4437 unius
430 4380 556 4448 sillictio,
569 4380 727 4435 multorum
742 4380 779 4435 sit
796 4381 943 4436 correctio.
1041 4380 1110 4452 quie
1137 4385 1353 4450 convertuntur,
1380 4397 1434 4437 non
1460 4383 1641 4452 intelligentes
1664 4399 1750 4454 neque
1765 4401 1826 4456 qna
1850 4387 1889 4442 to-

177 4473 286 4530 Viderit
312 4469 519 4541 turpitudinem,
551 4472 602 4523 etc.
637 4470 728 4540 (Anu,
743 4473 838 4539 qnasi.
863 4470 919 4541 75.)
956 4468 985 4525 ld
1041 4472 1171 4540 quantur,
1192 4484 1277 4538 neque
1305 4468 1339 4523 de
1367 4470 1465 4539 quibus
1479 4472 1623 4541 affirment
1638 4471 1661 4544 (l
1677 4472 1747 4528 Tim.
1759 4475 1791 4544 1).
1816 4474 1890 4531 Dili-

139 4566 192 4630 est,
216 4559 430 4617 concumbendo
460 4557 637 4629 cognoverit,
665 4557 739 4612 sicut
767 4556 828 4612 ibi:
858 4558 989 4627 cognouit
1041 4561 1142 4629 genter
1154 4572 1222 4627 ergo
1243 4557 1345 4613 mundi
1359 4559 1508 4630 separandi
1524 4565 1591 4615 sunt
1609 4560 1645 4616 ab
1659 4560 1830 4631 immundis,
1858 4569 1892 4619 ut

138 4651 231 4708 Adam
245 4664 356 4706 rnorem
374 4646 541 4716 snomffien.
566 4643 615 4715 ιι),
640 4644 737 4713 idest,
766 4645 792 4701 ei
812 4645 914 4703 mistus
935 4651 986 4702 est.
1042 4645 1167 4701 mundos
1181 4662 1346 4716 sequamur,
1367 4647 1532 4703 immundos
1554 4648 1708 4721 fugiemus.
1726 4651 1889 4709 Notandum

140 4739 222 4806 Quod
237 4742 334 4794 eutem
355 4736 395 4793 eit
410 4753 418 4792 ι
433 4735 585 4793 Portobcnt
598 4735 772 4806 iniquitatem
785 4749 874 4802 snum,
888 4734 919 4791 id
934 4738 986 4803 est,
1040 4749 1109 4789 vero
1133 4750 1220 4807 quam
1242 4735 1363 4791 discrete
1377 4736 1408 4791 iu
1427 4737 1660 4810 quadrupedibus
1685 4743 1713 4794 ει
1726 4739 1892 4798 volatilibus

139 4828 235 4901 ipsum
250 4831 399 4899 peccatum
413 4840 498 4898 poene
517 4826 587 4880 erat.
1041 4821 1088 4877 hic
1101 4822 1249 4894 legislator
1263 4824 1423 4895 distinguit,
1446 4830 1474 4880 et
1489 4842 1548 4882 uon
1565 4826 1597 4882 in
1624 4828 1776 4901 reptilibus
1793 4834 1890 4886 terrae.

174 4916 256 4970 Vens.
280 4917 325 4970 20.
345 4943 381 4958 -
404 4914 458 4981 Qui
478 4913 581 4979 mitrii,
612 4914 666 4966 etc.
691 4909 817 4966 intendit
841 4909 989 4983 legislator
1042 4910 1150 4967 Cuncta
1164 4914 1243 4968 enim
1258 4930 1323 4985 quie
1334 4919 1485 4970 moventur
1513 4915 1633 4972 interra
1646 4917 1798 4975 immunda
1813 4924 1891 4987 sunt,

138 5002 480 5071 continentiamsuadere,
494 5017 530 5056 ue
542 5015 623 5055 more
631 5014 768 5072 pecorum
780 5014 846 5054 cum
861 4998 986 5053 mulieri.
1041 5003 1156 5055 terrene
1179 5006 1276 5057 eutem
1293 5002 1419 5074 sapiunt,
1443 5003 1548 5076 quibus
1562 5008 1632 5062 Dens
1653 5012 1746 5063 venter
1756 5013 1797 5065 est
1812 5008 1892 5082 ipso·

139 5091 194 5149 bus
217 5091 353 5147 continue
368 5092 550 5158 misceamur,
576 5088 627 5145 sed
642 5090 719 5144 velut
732 5087 833 5157 coacti,
844 5087 880 5142 ad
902 5102 988 5142 usum
1040 5104 1106 5145 rum
1119 5089 1297 5163 (tntisper).

138 5177 306 5235 continendi
318 5179 456 5250 paulatim
471 5178 629 5234 veniamus.
653 5175 758 5231 blirum
783 5179 880 5230 eutem
908 5174 987 5247 quod
1077 5181 1113 5234 lit
1140 5194 1209 5249 qun,
1234 5185 1288 5236 etc.
1320 5181 1411 5252 illue,
1439 5186 1535 5251 qnaest.
1560 5185 1594 5239 76
1621 5187 1651 5240 in
1673 5185 1749 5259 Leo.)
1776 5186 1893 5243 Videtur

137 5283 214 5325 nuuc
228 5267 300 5323 tales
314 5266 349 5321 de
368 5267 476 5339 populo
496 5282 549 5322 suo
563 5264 691 5338 disperdi
706 5262 847 5336 praecipit,
863 5278 928 5318 cum
943 5279 989 5317 eu·
1041 5265 1135 5321 dicere
1150 5266 1227 5338 quod
1241 5284 1300 5323 non
1313 5274 1380 5325 sunt
1394 5269 1455 5325 haec
1470 5276 1570 5327 natura
1584 5272 1743 5343 immunda,
1759 5275 1810 5331 sed
1838 5292 1892 5350 pro

70 5428 78 5439 ,
138 5356 238 5430 perine
252 5355 359 5411 eisdem
374 5356 467 5426 legem
481 5353 661 5426 purgationis
682 5352 829 5409 indixerit.
852 5351 988 5408 Contem-
1042 5354 1139 5426 aliquo
1172 5357 1343 5413 sacrementi
1382 5358 1476 5430 signo,
1505 5360 1575 5415 dicit
1601 5361 1671 5434 quia
1698 5364 1824 5421 ostendit
1850 5364 1893 5420 eis

139 5446 254 5520 plemur
275 5459 344 5516 ergo
369 5448 577 5499 menstruatam
600 5441 751 5514 gentilium
774 5439 947 5514 sapientiem
971 5455 989 5496 e
1040 5441 1201 5512 immunda,
1230 5449 1370 5519 tauquam
1391 5446 1544 5506 immunda
1565 5450 1608 5508 eis
1632 5468 1690 5509 nou
1718 5457 1815 5511 essent
1833 5453 1892 5511 nisi

139 5534 198 5591 lieo
212 5535 364 5603 mmotam,
387 5531 423 5587 de
445 5530 543 5586 volatu
566 5531 673 5600 orium,
698 5535 827 5587 etcursu
846 5529 986 5599 siderum,
1042 5538 1158 5587 ostense
1172 5531 1303 5591 luissent.
