3892 6106
72 255 104 305 :ts
820 256 1088 314 Puoiuoonnna.
1788 258 1823 313 bl

72 371 198 425 riantur.
229 370 393 440 hystoriam
419 372 497 426 enim
527 386 648 427 summae
672 371 960 432 trinitatisetuni-A
979 390 1093 429 sensum
1116 374 1264 429 manifeste
1289 391 1347 428 non
1370 375 1474 428 tradat.
1492 375 1571 430 Unda
1597 376 1774 444 Augustinus
1789 376 1825 432 ad

71 441 148 506 tatis,
164 440 244 510 quod
262 442 337 496 inter
351 441 493 497 credenda
507 459 653 497 summum
671 448 748 497 tenet
764 445 870 509 locum,
892 445 923 500 in
979 445 1159 499 Vincentium
1186 444 1359 500 Donatistam
1375 461 1383 500 z
1398 466 1411 496 ι
1428 445 1496 509 Quis
1518 449 1615 500 antem
1634 462 1692 500 non
1714 445 1825 518 impru-

71 511 290 589 auctoritatibus
319 529 407 567 sacras
436 512 589 583 Scriptura
624 517 779 569 secundum
808 530 923 570 sensum
978 516 1144 570 dentissime
1166 515 1274 570 nitatur
1293 515 1402 587 aliquid
1427 516 1457 570 in
1477 516 1613 587 allegoria
1633 516 1758 587 positum
1775 533 1827 588 pro

70 584 227 636 litteralem
259 583 412 637 intellectis
444 584 590 638 fundator.
627 585 704 639 Unde
728 585 922 655 Augustinus,
978 586 1172 651 seadducere,
1188 585 1464 641 nisihabeatetiam
1481 586 1631 641 manifesta
1650 587 1824 655 testimonia,

71 658 198 706 tractans
213 654 248 707 de
266 653 367 708 ordine
394 655 532 708 servando
556 670 620 709 cum
646 655 681 708 de
696 655 835 710 Trinitate
858 656 921 725 agi·
978 672 1100 722 quorum
1120 657 1230 711 lumine
1245 656 1427 711 illustrentur
1451 658 1611 714 obscurata
1628 658 1681 712 Sed
1707 658 1826 714 ulterius

70 728 124 789 tur,
143 724 499 779 inlibroivdeTrinitate
525 725 564 779 sic
578 725 664 779 dicit:
682 726 803 780 «Primo
824 733 923 781 contra
978 727 1012 781 de
1027 744 1111 782 seusu
1135 728 1253 798 mystico
1278 727 1382 782 videris
1401 728 1494 782 dicere
1514 729 1570 782 sie:
1598 729 1661 782 llaec
1690 729 1766 783 enini
1782 736 1826 785 est

69 794 256 848 auctoritates
269 811 414 850 sacrarum
439 796 666 865 Scriptnraium:
692 796 869 851 utrumlides
882 798 923 852 ita
977 814 1043 851 vera
1057 798 1123 860 vita,
1145 815 1230 868 quam
1252 798 1375 853 Verbum
1388 798 1454 852 vitae
1471 798 1589 853 caecitati
1611 799 1734 854 iudaicae
1753 816 1824 870 pres·

68 881 96 918 se
110 865 218 918 hebeat
227 865 482 920 demonstrandum
497 871 550 932 est,
570 865 673 941 deinde
697 867 830 921 adversus
855 884 921 938 gar·
976 868 1088 934 dicarit,
1105 885 1169 922 cuin
1190 868 1302 922 dixitur
1327 869 1498 924 Scrutamini
1528 870 1696 938 Scripturas,
1714 870 1743 922 in
1759 869 1824 940 qui·

68 936 156 996 rulos,
188 956 203 985 s
228 942 280 990 etc.
311 936 429 992 Constat
451 943 546 991 autem
578 936 656 1006 qnod
677 937 858 991 auctoritates
876 954 920 992 sa·
976 939 1241 1008 abnsputalisios
1261 940 1345 993 vitam
1370 946 1506 994 aeternam
1522 940 1626 994 habere
1637 940 1724 1002 (loon.
1740 941 1767 1010 ι)
1784 956 1821 1006 ;·

68 1022 184 1060 crarum
198 1006 422 1077 scripturarum,
448 1024 512 1078 quic
538 1024 590 1061 nos
608 1007 784 1078 obligantad
805 1008 921 1062 creden·
974 1009 1370 1079 perhiectuaveibasentio
1386 1010 1526 1065 aestimare
1547 1010 1621 1080 quod
1639 1027 1690 1079 per
1723 1010 1824 1065 scruti·

67 1076 136 1130 dum
151 1077 184 1131 in
208 1077 379 1148 mysterium
402 1083 506 1132 sanctie
528 1078 684 1143 Trinitatis,
699 1084 766 1132 sunt
780 1078 837 1133 illie
856 1095 921 1150 quae
975 1080 1055 1133 nium
1071 1080 1290 1150 scripturarum,
1308 1097 1324 1133 a
1341 1081 1636 1152 Christopraeeeptum
1651 1081 1822 1152 iudiciuin·

69 1147 230 1202 secundum
246 1164 362 1202 sensum
389 1149 541 1203 litteralem
567 1150 620 1203 hoc
642 1149 762 1203 dicunt:
789 1155 919 1203 tantum·
974 1150 1113 1225 telligitur
1132 1152 1171 1205 eis
1187 1152 1323 1205 mandare
1340 1151 1521 1205 utdesacris
1537 1151 1638 1205 litteris
1658 1152 1821 1218 educerent,

68 1218 154 1271 modo
180 1219 260 1272 enim
276 1237 292 1272 a
311 1219 416 1273 talibus
440 1219 564 1273 sumitur
590 1218 687 1274 efficax
705 1226 919 1289 argumentum,
974 1237 1023 1274 seu
1043 1222 1227 1275 extraherent
1252 1237 1365 1275 sensum
1387 1221 1564 1292 spiritualem
1580 1239 1628 1275 seo
1650 1222 1819 1290 mysticum:

68 1289 228 1343 secundom
257 1291 391 1344 eumdem
413 1290 604 1370 Augustinum
627 1290 661 1344 de
682 1290 815 1344 Doctrina
845 1291 921 1346 Chri·
975 1291 1061 1361 qnod,
1079 1292 1820 1362 satrapeaedixerim.nnitamcontinetveritatem:
1899 1298 1902 1303 '

68 1360 266 1415 stiana.Dnde
287 1360 385 1414 omnia
409 1361 573 1415 testimonia
597 1361 918 1431 quaeaaagistroini,
975 1363 1072 1416 Audeo
1097 1363 1175 1416 enirn
1213 1362 1275 1428 tibi,
1296 1362 1384 1417 irater
1412 1362 1516 1429 dicere,
1551 1363 1681 1418 Scrutare
1722 1363 1822 1417 omnia

68 1430 233 1494 distincti,
250 1430 355 1486 adhoc
379 1432 545 1501 mysterium
573 1431 751 1486 fundandum
771 1432 919 1487 deducun·
974 1448 1053 1488 sacra
1069 1433 1219 1503 Evangelia
1234 1432 1293 1497 Dei,
1310 1444 1336 1488 et
1358 1449 1506 1504 nonquam
1530 1434 1655 1504 reperies
1676 1432 1820 1488 Christum

68 1512 122 1563 tur,
149 1501 355 1572 intelliguntur
377 1501 534 1556 secundum
562 1518 677 1556 sensum
708 1502 870 1567 litteralem,
888 1506 921 1557 ut
975 1502 1110 1584 allegasse
1134 1503 1259 1573 aliquam
1279 1504 1476 1558 auctoritatem
1498 1502 1760 1571 sacraeScripturie,
1776 1505 1820 1558 iel

67 1571 176 1626 ibidem
208 1577 297 1642 patet.
338 1573 376 1626 De
408 1573 543 1643 mysterio
583 1578 679 1627 autem
715 1573 918 1628 incarnationis
973 1573 1120 1644 discipulis
1151 1574 1325 1640 erudiendis,
1348 1581 1398 1628 aut
1419 1575 1525 1629 tudaeis
1548 1573 1818 1638 contradicentibus,

67 1643 163 1709 Verbi,
176 1641 207 1696 in
220 1643 303 1723 cujus
318 1642 464 1713 agnitione
480 1642 537 1698 iita
551 1649 657 1697 interna
676 1643 815 1705 consistit,
828 1644 918 1714 uude,
938 1659 1021 1714 gsen
1038 1643 1125 1698 etiam
1150 1644 1263 1698 diabolo
1287 1645 1419 1711 tentanti,
1444 1645 1496 1698 nisi
1511 1645 1563 1699 sub
1595 1660 1680 1698 sensu
1704 1643 1820 1700 litterali

68 1714 292 1767 ‹Decestvita
306 1718 472 1778 aternani
493 1718 666 1784 cognoscant
693 1720 721 1768 te
752 1715 851 1780 Deum,
867 1719 916 1780 et,
973 1713 1158 1770 intellectam.
1183 1716 1263 1771 Unde
1285 1721 1312 1770 et
1340 1716 1472 1786 Magister
1490 1715 1622 1770 Nicotaus
1659 1714 1711 1768 hoe
1743 1719 1819 1770 recte

68 1804 81 1832 i
110 1799 200 1853 qoem
229 1784 344 1849 misisti,
370 1784 473 1838 Filium
499 1786 693 1849 tuumldoon,
715 1786 822 1851 iiiut»
845 1789 917 1851 etc,
973 1785 1167 1854 considerans,
1180 1785 1210 1841 in
1225 1791 1282 1840 lota
1298 1786 1411 1841 Postilla
1427 1801 1477 1840 sua
1505 1784 1612 1839 Veteris
1635 1784 1818 1851 Testamenti,

67 1854 252 1908 manifestum
267 1855 402 1926 estquod
421 1854 517 1909 omnia
539 1855 613 1909 circa
636 1856 690 1909 hoc
700 1856 734 1910 de
754 1855 918 1910 necessitate
973 1855 1021 1910 ubi
1036 1856 1159 1911 occurrit
1168 1856 1273 1927 aliquis
1287 1861 1378 1912 textus
1393 1857 1532 1923 allegatus
1546 1855 1577 1909 in
1588 1857 1664 1910 Noio
1677 1871 1694 1909 a
1708 1854 1819 1910 Christo

66 1925 163 1978 salutis
179 1924 332 1992 credenda,
348 1925 379 1979 in
404 1942 486 1979 sensu
509 1925 623 1980 litterali
642 1926 837 1996 principaliter
859 1930 917 1980 tra·
973 1932 1029 1980 eta
1044 1926 1201 1999 discipulis,
1213 1943 1326 1997 semper
1353 1927 1469 1998 exponit
1492 1942 1560 1981 eum
1582 1925 1737 1980 secundum
1751 1941 1818 1980 sen-

65 1996 185 2061 duntur;
209 2002 243 2049 ut
265 1996 383 2050 cumde
411 1995 605 2050 incarnatione
631 1996 917 2051 dicitnrtaVerbnm
972 2013 1035 2051 sum
1062 1997 1224 2060 litteralem,
1259 1999 1289 2052 in
1315 2002 1428 2053 tantuin
1456 1997 1641 2068 quodetiam
1677 1997 1721 2049 vel
1745 1996 1817 2051 iilud

68 2081 169 2119 «caro
192 2065 300 2120 iactum
326 2073 370 2120 est
393 2068 476 2130 (toan.
491 2071 521 2133 i),
539 2088 552 2115 s
568 2068 646 2138 quod
670 2067 828 2122 secuudum
852 2084 917 2122 sen·
972 2068 1127 2125 psalmista
1143 2083 1150 2122 :
1169 2089 1179 2118 ι
1203 2068 1336 2140 Lapidem
1362 2085 1448 2140 qoem
1476 2068 1702 2137 reprobaverunt
1725 2066 1818 2122 cediti-

68 2152 127 2189 sum
147 2137 304 2192 litteralem
332 2137 560 2192 incarnationem
588 2154 684 2192 veram
712 2137 864 2206 significat,
889 2144 918 2192 et
973 2144 1109 2206 «cantes,
1121 2138 1166 2193 bic
1180 2140 1269 2193 lactus
1285 2145 1327 2193 est
1339 2139 1371 2194 in
1385 2143 1471 2210 caput
1490 2138 1590 2209 anguli
1604 2139 1816 2206 (Psoi.cxvrit,s

66 2223 128 2261 cum
144 2207 183 2262 de
200 2212 294 2263 morte
305 2207 453 2262 dicitur:«
468 2208 599 2264 Clamans
614 2225 681 2262 voce
702 2224 807 2279 magna
824 2208 916 2280 eispi·
971 2210 1087 2278 exponit
1102 2209 1321 2280 intelligendum
1334 2226 1395 2265 esse
1416 2209 1573 2264 secundom
1601 2224 1716 2262 sensum
1742 2207 1816 2262 litte·

67 2277 168 2332 aravit
184 2278 328 2346 (tiore.er
346 2294 377 2345 3·
395 2278 476 2333 etsie
492 2279 598 2333 dealiis
613 2279 686 2334 circa
706 2279 916 2334 humanitatem
970 2281 1060 2333 ratem
1081 2280 1116 2334 de
1139 2280 1260 2347 Christo,
1286 2297 1321 2335 eo
1346 2281 1423 2351 quod
1452 2280 1579 2335 Christus
1601 2278 1707 2334 Judaeis
1732 2277 1815 2334 illum

66 2347 168 2403 Christi
188 2349 360 2404 credendis:
378 2366 442 2419 quie
465 2351 562 2404 omnia
580 2350 610 2404 in
635 2366 721 2404 sensu
736 2350 850 2404 litterali
869 2350 916 2404 in·
970 2354 1078 2405 textum
1093 2350 1129 2404 de
1155 2351 1248 2422 seipso
1271 2350 1413 2422 allegarit.
1439 2351 1577 2406 Similiter
1593 2365 1694 2404 omnes
1716 2355 1813 2403 aucto·

66 2419 231 2474 veniuntur.
247 2420 325 2474 ldem
353 2420 388 2475 de
402 2420 543 2474 creatione
563 2420 673 2482 mundi,
703 2419 766 2474 aliis
788 2419 916 2475 articulis
969 2421 1068 2475 ritates
1091 2421 1197 2475 Veteris
1222 2422 1405 2486 Testamenti,
1435 2438 1506 2493 quas
1528 2420 1682 2491 Apostolus
1710 2420 1815 2491 allegat

65 2490 203 2559 lidei,qui
219 2491 302 2544 nodis
315 2497 515 2561 proponuntur
528 2491 673 2555 credendi,
689 2490 739 2562 qui
750 2507 849 2544 ornnes
863 2491 915 2546 sub
969 2491 1002 2544 ad
1022 2491 1222 2548 liebraeosiad
1243 2493 1421 2563 probandum
1451 2491 1628 2546 divinitatem
1656 2489 1815 2556 Christi,et

67 2576 147 2614 sensu
159 2561 281 2616 litterali
295 2560 498 2627 inveniuntnr;
514 2566 543 2614 et
556 2560 620 2616 ideo
644 2561 750 2616 habent
777 2561 831 2615 vim
843 2562 914 2615 obli·
969 2561 1024 2615 alia
1043 2562 1104 2633 ejus
1117 2563 1262 2634 mysterio,
1277 2569 1396 2618 conatur
1421 2580 1468 2617 eos
1486 2562 1621 2616 reducere
1645 2560 1681 2616 ad
1697 2576 1813 2615 sensum

65 2632 219 2754 qatoriam,
236 2631 383 2686 utdictum
396 2636 447 2686 est.
458 2631 627 2686 Dehisvero
647 2648 712 2703 quai
725 2633 837 2701 agenda
848 2637 915 2687 sunt
968 2632 1131 2699 litteralem,
1165 2643 1420 2705 quantumcunque
1452 2633 1546 2704 prima
1585 2631 1655 2687 facie
1690 2630 1816 2685 habeant

80 2703 288 2756 eneoessitate
302 2701 412 2767 saluus,
436 2703 530 2757 solum
556 2702 727 2774 accipioitla
745 2703 802 2757 dno
825 2702 914 2757 niani·
968 2703 1054 2758 eliani
1083 2704 1289 2774 apparentiam
1342 2704 1398 2758 uod
1425 2709 1468 2757 est
1486 2701 1726 2757 necessariumad
1746 2701 1811 2766 hoc,

63 2773 144 2827 leste:
171 2772 202 2826 in
227 2772 333 2843 quibus
360 2773 476 2827 totalex
506 2774 612 2844 pendet
635 2778 664 2827 et
688 2773 846 2844 prophetae,
869 2789 912 2828 se·
968 2773 1045 2843 quod
1074 2774 1131 2828 sint
1154 2774 1281 2829 efficaces
1301 2721 1338 2829 ad
1354 2774 1582 2852 concludendum
1611 2772 1763 2850 inteqtnm;
1784 2777 1813 2825 et

63 2845 184 2897 cendum
216 2842 414 2898 testimonium
439 2844 602 2906 salvatoris,
631 2844 754 2898 scilicet:
773 2864 787 2893 ιι
807 2843 913 2912 Diliges
967 2844 1051 2898 sicin
1076 2845 1139 2898 aliis
1164 2845 1383 2916 quibuscunque
1409 2845 1477 2899 toris
1501 2849 1588 2897 totius
1616 2841 1749 2897 Postilla.
1774 2843 1812 2896 Ex

64 2937 75 2960 a
96 2914 259 2968 Dominum
291 2915 382 2969 Deum
411 2919 493 2969 tuum
517 2931 552 2970 ex
577 2918 638 2970 toto
676 2915 762 2971 corde
799 2915 947 3006 (llotttt.C
989 2914 1577 2986 uoconclnditni·cuntrate:ipsosenim
1605 2927 1811 2993 sensusmau·

64 2986 176 3054 aaut»
192 2989 248 3038 etc.
272 2988 379 3051 ;ct:‹i
406 2984 511 3054 Diliges
534 2985 698 3056 proximem
724 2989 807 3039 tuum
836 2985 910 3039 sicut
965 2930 1050 3040 dabat
1069 2985 1197 3039 Christus
1212 2985 1346 3052 scrutari;
1359 2986 1393 3040 de
1412 2985 1515 3056 quibus
1529 2985 1591 3054 ipse
1618 2983 1745 3055 quotidie
1759 2982 1811 3036 do·

64 3053 373 3125 iteipsumllhid.).a
394 3055 542 3110 Istaenim
567 3057 701 3111 mandata
728 3056 910 3111 nonhabent
962 3055 1054 3119 cebet,
1079 3056 1259 3125 praedicabat,
1287 3073 1335 3111 seii
1363 3056 1540 3127 disputabat:
1569 3054 1618 3126 qui
1654 3058 1720 3107 sunt
1743 3057 1808 3106 tan·

62 3125 110 3179 nisi
132 3141 254 3181 sensum
278 3126 439 3181 litteralem.
465 3128 528 3181 Non
552 3126 674 3181 enimin
703 3127 757 3181 hoc
785 3127 909 3182 locares
961 3127 1112 3181 tummodo
1142 3127 1287 3193 litterales,
1315 3130 1347 3181 ut
1375 3128 1481 3182 dictum
1515 3129 1575 3191 est;
1599 3129 1627 3179 et
1649 3123 1715 3178 ideo
1738 3122 1810 3179 illud

60 3196 381 3268 signiticataeperhanc
399 3213 506 3259 vocem,
528 3198 610 3261 Deus,
628 3213 745 3268 scuper
765 3197 837 3252 hanc
859 3214 907 3252 ro·
962 3197 1082 3252 verbnm
1107 3197 1254 3253 Christi:r
1291 3197 1463 3254 Scrutamini
1491 3196 1661 3267 Scripturas,
1688 3214 1702 3246 ι
1732 3193 1808 3266 quod

59 3283 127 3325 ceni.
145 3269 364 3338 proximumet
394 3283 446 3338 per
460 3268 533 3323 hanc
544 3284 651 3336 rocem,
667 3268 777 3337 ditiora,
790 3269 908 3323 ulterius
961 3283 1014 3338 pro
1028 3273 1055 3322 te
1070 3268 1186 3339 allegas,
1196 3269 1352 3324 secundum
1373 3268 1540 3340 magistrum
1568 3266 1748 3336 praedictum,
1765 3280 1809 3319 ei·

59 3339 186 3392 aliasres
210 3337 415 3408 significante
442 3338 546 3409 quibus
564 3339 650 3394 rebus
677 3340 717 3392 sic
740 3338 908 3402 significatis
962 3338 1078 3409 ponitur
1090 3339 1126 3393 de
1141 3339 1284 3411 mysteriis
1308 3339 1422 3402 Christi,
1438 3355 1504 3410 qna
1528 3337 1653 3392 insacris
1677 3335 1805 3416 Scriptu-

59 3407 420 3479 sensusaliusaceipiatur,
437 3416 469 3463 ut
483 3415 525 3464 est
545 3410 737 3465 manifestum.
768 3410 802 3464 Et
815 3415 908 3464 atteri·
961 3410 1001 3463 iis
1016 3410 1172 3464 secuudum
1189 3426 1305 3465 sensnm
1322 3410 1475 3466 litteralem
1489 3408 1640 3465 intellectis
1654 3421 1807 3487 reperiun-

59 3479 90 3532 de
119 3480 200 3561 quod
226 3495 285 3534 non
310 3480 402 3535 solum
425 3479 570 3550 praedicta,
600 3480 711 3552 quaeda
741 3480 907 3535 necessitate
962 3484 1017 3533 tur.
1044 3479 1118 3534 Dicit
1140 3480 1217 3534 enim
1242 3497 1328 3551 super
1363 3480 1628 3552 praedictorerbo,
1657 3479 1763 3530 scilicet
1798 3492 1806 3531 ε

57 3552 155 3604 salutis
169 3553 239 3604 sunt
250 3550 372 3620 agenda,
392 3550 440 3605 sed
471 3550 557 3605 etiam
576 3551 627 3606 illa
649 3567 715 3623 que
742 3551 778 3606 ad
802 3555 908 3605 statum
963 3550 1172 3606 «Scrutamini
1199 3551 1411 3622 Scripturas2a
1444 3551 1489 3607 Sie
1514 3550 1660 3620 Scriptura
1700 3546 1808 3601 Veteris

57 3619 494 3692 perfectionispertinent,etut
515 3622 633 3676 consilia
659 3623 772 3686 dantur,
803 3621 909 3676 haben·
961 3621 1134 3676 Testamenti
1166 3622 1298 3693 designat
1325 3627 1439 3694 tempus
1467 3621 1605 3675 adrentus
1634 3619 1712 3689 ejus3
1736 3618 1805 3673 Gen.

57 3696 101 3745 tur
120 3707 305 3762 persensum
332 3691 495 3757 litteralem,
514 3696 547 3747 nt
568 3709 633 3747 cum
657 3692 775 3747 dicitur:
792 3714 803 3741 ι
823 3693 851 3746 Si
868 3691 908 3745 vis
961 3693 1063 3762 penult
1087 3693 1194 3748 :cNon
1222 3694 1367 3748 auferetur
1394 3698 1536 3764 sceptrum
1568 3691 1603 3746 de
1621 3688 1805 3770 Judaeum

60 3763 467 3903 :astutissimi
479 3764 568 3916 Villi
590 3762 787 3905 diluti.
808 3763 909 3888 litii
961 3763 1075 3888 tilii
1087 3779 1140 3888 ili
1158 3760 1806 3891 liliati}t⁸lttitlttt¹ii⁸⁸ttttiiz

59 3904 218 3958 secondum
245 3918 363 3958 sensum
380 3903 531 3959 litteralem
550 3905 700 3960 intellectis
723 3904 909 3960 includuntur
962 3909 1012 3958 nit
1034 3905 1121 3958 atiani
1145 3904 1238 3959 locuin
1258 3905 1414 3960 nativitatis
1444 3904 1599 3960 llich.r:c
1623 3903 1652 3955 Et
1667 3904 1699 3955 tu
1726 3902 1807 3955 Deth·
1905 3954 1910 3963 ,

59 3974 354 4045 omniailla,quiead
370 3978 475 4029 statum
500 3975 681 4046 perfectionis
709 3975 909 4046 pertinent.ut
964 3975 1108 4030 elehem?
1124 3996 1137 4023 a
1153 3976 1330 4030 Detarminat
1346 3975 1431 4030 etiam
1461 3974 1580 4029 modum
1601 3970 1803 4028 nascendilsa.

59 4044 310 4099 estmanilestum.
339 4046 411 4099 Item
438 4045 567 4100 doctrina
591 4051 833 4100 sacramentorum
853 4045 908 4100 Ec·
961 4062 1018 4100 vii:
1045 4047 1148 4100 «Ecce
1173 4045 1253 4114 virgo
1279 4045 1470 4117 concipietis
1488 4046 1523 4099 Et
1541 4043 1805 4122 modumconver·

58 4114 278 4186 clesiai,qnibus
290 4115 382 4186 gratia
406 4115 574 4187 justificans
591 4118 676 4172 datur
701 4133 750 4171 seu
774 4122 905 4186 augetur,
962 4115 1052 4181 sandi,
1068 4117 1151 4170 Zach.
1180 4133 1225 4171 ix:
1242 4137 1256 4165 a
1286 4118 1353 4171 Ecce
1378 4133 1424 4171 res
1451 4120 1518 4169 tuus
1543 4112 1682 4194 venittibi
1709 4112 1807 4193 ism

75 4203 154 4242 omre
168 4202 321 4257 perquem
340 4201 455 4241 sensum
470 4188 553 4241 datur
576 4187 660 4243 nobis
670 4187 699 4242 in
728 4185 787 4243 Scri
810 4186 906 4241 turis?
962 4187 1079 4242 modum
1095 4187 1247 4253 moriendi,
1265 4189 1317 4242 lsa.
1341 4203 1436 4242 iivza
1461 4186 1537 4241 Sicut
1560 4200 1619 4239 ovis
1637 4182 1674 4236 ad
1688 4198 1806 4237 occisio·

57 4204 107 4312 ier
132 4257 290 4311 litteralem
322 4272 374 4311 seir
402 4257 572 4327 mysticum?
595 4260 658 4314 Non
681 4263 724 4313 est
749 4204 945 4313 drittenteil
966 4280 976 4306 ι
994 4273 1059 4311 nem
1087 4258 1216 4324 ducetur,
1250 4265 1326 4313 setc.
1354 4259 1385 4313 Et
1403 4258 1538 4319 breviter,
1572 4253 1671 4335 omnia
1703 4252 1806 4310 Christi

57 4329 206 4454 ituit
221 4328 584 4468 iililldtullhill'l
597 4328 904 4469 fiiimli‘aiffiilll'
960 4327 1494 4470 militabitis.Diluti?
1516 4326 1808 4452 lattiniani}

57 4438 217 4524 secundarii
241 4485 356 4524 sensnm
381 4468 533 4524 litteralem
560 4470 701 4525 institutio
736 4440 906 4524 sacramenti
960 4440 1148 4539 autem’quod
1167 4485 1268 4525 omnes
1289 4471 1471 4524 auctoritates
1495 4467 1647 4539 praedictae,
1677 4465 1806 4536 allegatae

58 4539 193 4610 baptismi
215 4538 397 4609 intelligitur3
428 4539 561 4595 similiter
585 4556 651 4596 cuin
673 4540 787 4596 dicitur:
806 4563 816 4590 ι
835 4540 906 4596 Caro
959 4555 1011 4612 per
1025 4539 1233 4595 postillatorem
1249 4544 1531 4596 secundamsensum
1556 4537 1707 4592 litteralem
1731 4551 1807 4606 prae-

58 4626 151 4666 iniea
169 4625 237 4664 vere
251 4615 294 4665 est
307 4610 398 4676 cibus,
409 4615 438 4666 et
448 4610 499 4682 qui
509 4612 662 4667 manducat
674 4628 768 4667 ineam
778 4626 904 4677 carnem,
959 4610 1034 4665 dicta
1057 4611 1192 4680 mysteria
1221 4610 1394 4682 significent.
1415 4612 1449 4665 Et
1472 4609 1512 4664 sic
1539 4612 1617 4679 patet
1632 4606 1710 4677 quod
1740 4621 1806 4660 cum

56 4687 81 4735 et
114 4680 191 4736 bibit
212 4696 309 4736 meum
338 4680 519 4752 sanguinem,
547 4703 558 4732 ι
584 4688 637 4738 etc.
668 4683 754 4751 (toan.
781 4681 836 4806 iq,
861 4698 905 4735 se·
960 4681 1065 4736 dicitur
1089 4697 1123 4735 :a
1147 4681 1318 4737 Scrutamini
1344 4681 1543 4752 Scripturas·
1566 4676 1747 4732 referendum
1764 4682 1807 4730 est

57 4751 185 4806 cundum
201 4767 317 4808 sensum
326 4751 479 4807 litteralem
497 4753 649 4808 doctorum
666 4754 801 4824 hujusmo
823 4753 831 4807 i
854 4752 905 4807 ha·
960 4752 1125 4806 adsensum
1141 4751 1302 4819 litteralem,
1324 4753 1454 4824 quodest
1473 4751 1625 4805 intentum.
1699 4817 1704 4827 Ι
1751 4816 1756 4827 ¹

58 4824 142 4877 betur
157 4821 261 4890 virtus,
281 4839 330 4877 seu
359 4821 484 4878 ellicacia
516 4824 686 4879 sacramenti
712 4821 904 4878 Eucharistiae.
996 4822 1050 4877 Sed
1066 4823 1225 4878 lortediees
1240 4824 1315 4895 qnod
1331 4840 1429 4877 sensus
1456 4820 1584 4876 litteralis
1608 4834 1666 4873 non
1697 4817 1808 4897 indiget

57 4893 199 4948 Similiter
222 4909 276 4975 per
302 4909 418 4948 sensum
451 4893 604 4949 litteralem
636 4893 802 4966 hujusmodi
827 4893 905 4949 dicti:
960 4893 1108 4960 scrutinio,
1125 4909 1190 4948 cum
1221 4911 1253 4949 ex
1280 4893 1446 4965 significatis
1473 4905 1636 4972 pervocem
1659 4893 1805 4968 accipitur.

58 4964 264 5020 ·Coulitemini
284 4964 453 5020 alterutrum
480 4971 596 5036 peccata
616 4968 788 5030 vestralJoc.
824 4964 905 5034 in),i
961 4965 1001 5019 sic
1014 4964 1110 5018 statim
1124 4965 1205 5020 effert
1219 4983 1248 5020 sa
1264 4965 1429 5026 intellectui,
1444 4978 1509 5018 cuni
1521 4961 1634 5016 modico
1657 4962 1805 5026 scrutinio,

57 5039 269 5090 sacramentum
304 5033 480 5105 paenitentiae
513 5036 709 5105 intelligimus.
743 5035 811 5100 Quis
839 5052 907 5104 ergo
961 5051 1009 5090 seo
1030 5035 1151 5090 rationis
1162 5037 1315 5105 indagine:
1333 5037 1407 5091 unde
1422 5036 1475 5090 boc
1494 5032 1672 5103 superfluum
1695 5030 1808 5110 videtur

57 5123 132 5161 sanae
147 5105 256 5161 mentis
286 5105 390 5161 audeat
418 5105 510 5160 dicere
538 5107 662 5178 quodin
685 5122 771 5161 sensu
791 5106 907 5161 litterali
961 5105 1220 5161 caecitatitndaicoe
1235 5107 1379 5161 Christum
1393 5105 1580 5177 praedicasse:
1599 5121 1613 5153 ιι
1635 5101 1808 5180 Scrutamini

59 5182 167 5232 nonest
182 5175 301 5247 spiritus
331 5176 404 5244 ritae,
429 5192 497 5230 cuni
523 5177 554 5232 in
585 5194 619 5233 eo
644 5177 741 5232 omnia
768 5176 908 5232 credenda
962 5177 1141 5246 Scripturas;
1162 5199 1173 5226 ι
1193 5194 1259 5232 cum
1284 5177 1339 5247 ipsi
1357 5178 1391 5232 de
1420 5177 1475 5231 hoc
1504 5191 1588 5229 sensu
1614 5172 1681 5227 satis
1713 5171 1807 5251 edocti

58 5253 84 5302 et
117 5247 232 5319 agenda
256 5248 290 5303 ad
317 5246 405 5302 vitam
431 5246 611 5317 spiritualem
647 5248 822 5320 pertinentia
852 5252 907 5302 tra·
962 5248 1094 5303 luissent.
1116 5250 1178 5303 Non
1200 5249 1249 5312 sic,
1277 5248 1364 5302 irater
1390 5248 1429 5302 mi
1443 5261 1502 5301 non
1514 5245 1575 5299 sic:
1605 5258 1704 5298 sensus
1731 5257 1808 5296 emm

60 5318 188 5375 dantur?
962 5318 1092 5374 litteralis
1119 5335 1205 5373 sacrae
1233 5318 1395 5390 Scripturae,
1422 5318 1487 5373 licet
1508 5333 1543 5372 ex
1571 5312 1737 5395 significetis
1757 5326 1810 5393 per

91 5389 145 5445 Sed
157 5390 231 5444 torte
246 5387 355 5444 diceres
372 5391 448 5461 quod
468 5388 566 5445 omnia
590 5389 726 5460 praedicta
754 5388 841 5444 etiem
860 5390 908 5444 ha·
963 5406 1061 5444 vocem
1089 5389 1255 5457 accipiatur,
1275 5395 1304 5442 nt
1315 5388 1394 5456 dicis,
1419 5387 1501 5443 multi
1528 5392 1625 5441 tamen
1644 5398 1810 5463 ineyiisin-

63 5460 162 5515 bentm
177 5459 208 5515 in
227 5474 311 5513 sensu
328 5461 457 5531 mystico,
476 5476 543 5516 nam
561 5477 619 5587 qaae
645 5477 759 5516 sensnm
778 5460 908 5529 allegori-
963 5459 1095 5515 ventione
1119 5460 1161 5514 vel
1184 5459 1370 5527 acquisitione
1391 5463 1567 5522 erraverunt,
1593 5461 1693 5537 tamin
1716 5452 1811 5507 Veteri

63 5546 123 5586 eum
141 5531 496 5603 habentoreaqoaesunt
513 5548 560 5588 cre
581 5532 664 5599 ende,
694 5537 788 5602 etper
811 5536 908 5602 tropo·
962 5547 1050 5602 qoam
1068 5532 1099 5586 in
1127 5531 1205 5585 Novo
1227 5532 1419 5586 Testamenta.
1452 5529 1540 5600 Cujus
1564 5532 1638 5582 ratio
1660 5530 1721 5581 est:
1738 5524 1811 5580 Nam

64 5602 72 5653 l
109 5601 116 5613 '
154 5618 185 5658 ni
199 5617 268 5673 qnae
283 5602 485 5674 subtegenda
499 5602 542 5659 Ad
560 5602 638 5675 quod
669 5601 909 5672 dicendumquod
962 5600 1080 5657 sicutde
1106 5600 1160 5656 viis
1181 5601 1306 5669 Domini,
1329 5617 1393 5673 quie
1424 5600 1565 5672 suntejus
1588 5600 1742 5670 praecepte,
1760 5608 1812 5676 seu

65 5672 128 5728 aiil
143 5673 199 5727 sub
218 5670 766 5743 sensuspiritnaticontinetnrildeivel
780 5671 909 5729 moribus
962 5670 1089 5737 consilia,
1118 5670 1224 5742 legitor
1241 5688 1294 5744 per
1318 5673 1534 5743 propnetam«
1563 5669 1657 5725 necte
1680 5669 1811 5722 suntvtae

67 5743 263 5813 arenarium,
288 5743 366 5815 quod
393 5743 540 5816 Scriptura
557 5744 662 5802 alicubi
677 5760 728 5816 per
755 5743 908 5800 litteralem
964 5742 1127 5818 «Domini,
1147 5747 1176 5798 et
1197 5743 1269 5814 justi
1288 5742 1477 5799 ambulabunt
1501 5742 1530 5796 in
1555 5739 1617 5807 eis;
1640 5734 1810 5815 praevarica-
