3892 6106
98 230 149 283 ure
408 225 604 282 watarruut
623 225 747 283 saltant
765 225 864 284 autu.
886 225 968 283 MON.
988 226 1065 283 OPP.
1086 226 1173 283 PARS
1196 228 1219 283 1.
1239 255 1274 267 -
1292 225 1524 285 resoluatur.
1797 231 1850 285 580

66 384 69 389 ·
95 350 169 408 sedit
192 347 419 422 sapientissimus
445 348 530 419 :ipse
549 346 622 418 ligni
639 348 823 416 vermiculus,
848 348 877 403 id
893 353 981 417 esua
1002 349 1192 416 subditorum,
1218 355 1283 416 etc,
1311 364 1397 419 usque
1423 351 1462 405 ad
1485 356 1518 406 ut
1545 351 1619 407 sicut
1645 350 1849 422 magistrorum

95 439 215 494 humilis
235 439 416 509 octingentos
438 435 582 491 interfecit
604 436 682 490 velut
708 437 804 505 lortis;
833 438 866 492 ad
893 438 944 492 has
997 438 1070 493 iacta
1095 439 1256 510 displicent,
1282 438 1322 492 ita
1345 438 1526 493 subditorum
1552 454 1634 495 mens
1657 441 1850 510 amagisterii

97 533 155 583 tres
170 528 289 581 virtutes
305 542 389 580 nemo
405 524 520 578 fortium
534 523 621 578 David
639 524 778 594 pervenit.
996 526 1156 580 reverentia
1172 541 1230 579 non
1247 525 1370 580 recedat.

133 616 215 668 Vsus.
236 615 279 667 20.
296 642 330 652 -
343 613 383 665 Et
392 613 478 665 Dana.
494 609 619 673 Duierat
628 611 765 680 magister
779 612 812 667 de
821 613 941 682 capseel,
1032 612 1172 684 (Diaron.)
1199 612 1361 666 Notandum
1384 611 1453 683 quia
1472 611 1502 667 in
1526 612 1757 684 paralipomenis
1777 613 1848 684 iegi-

97 703 127 758 id
142 707 193 769 est,
217 702 251 755 de
273 699 496 771 congregatione
521 698 571 752 Dei
589 699 618 753 iu
636 699 748 754 Cerethi
769 705 799 755 et
822 701 942 769 Pheleti,
996 707 1043 755 tur
1059 718 1066 755 :
1084 702 1157 756 llille
1171 699 1262 755 millia
1283 705 1399 755 centum
1415 701 1553 757 miltiade
1568 702 1666 767 lsrael,
1684 706 1713 756 et
1728 700 1764 756 de
1778 703 1849 757 tuda

98 791 148 864 qui
182 791 407 859 interpretantur
440 786 588 843 occidentes
617 793 646 841 et
675 790 853 857 vivificantes.
882 792 944 860 Ipse
996 789 1187 862 quadraginta
1214 789 1397 860 septuaginta
1419 789 1511 845 millia
1531 806 1604 862 quos
1622 789 1848 862 intelligendum

95 881 228 950 percussit
253 893 326 948 quos
341 874 581 945 Paralipomenon
595 876 668 930 duos
690 877 766 933 hriel
789 878 870 933 lrloab
890 895 941 933 no·
995 882 1036 933 cst
1061 878 1131 933 toab
1158 893 1349 945 numerasse,
1379 878 1430 933 sed
1460 878 1586 934 noluisse
1610 878 1764 935 ostendere
1793 879 1848 934 nisi

96 967 196 1022 minat.
214 965 247 1020 lli
261 981 330 1036 crgo
345 963 398 1019 riri
414 963 561 1019 fortissimi
573 965 690 1019 inerunt
702 965 733 1020 in
748 981 837 1038 regno
849 967 941 1036 Moab,
995 965 1097 1036 quanti
1110 964 1141 1019 in
1156 965 1298 1020 Samuelis
1312 964 1387 1020 libro
1401 965 1576 1022 scribuntur.

96 1058 217 1110 undeet
235 1054 333 1108 leones
357 1053 501 1108 dicuntur.
526 1052 603 1107 Arici
623 1053 700 1108 enim
721 1055 761 1111 tec
784 1057 831 1110 Dei
853 1055 942 1111 inter·
1031 1055 1113 1109 Vsus.
1144 1056 1185 1109 10.
1209 1056 1396 1110 —Percussit
1415 1060 1517 1126 numm,
1542 1061 1595 1112 etc.
1621 1055 1847 1127 (huna.,lib.de

97 1147 234 1215 pretatur.
993 1143 1078 1208 Pan,
1105 1158 1167 1212 cap.
1184 1142 1224 1213 9.)
1250 1141 1379 1197 Contulit
1398 1160 1428 1198 se
1451 1144 1489 1200 ad
1513 1145 1656 1216 majorem
1682 1159 1802 1216 poenam
1817 1149 1846 1199 ot

131 1233 169 1287 In
187 1230 286 1286 media.
303 1228 441 1300 Iosephus
464 1229 510 1284 hic
533 1230 660 1301 apertius
673 1230 743 1286 dicit
761 1231 830 1303 quid
844 1230 941 1301 fuerit,
993 1235 1088 1301 posset
1112 1244 1269 1301 provocare
1295 1232 1487 1288 clementiam.
1519 1232 1637 1288 Lenitur
1664 1233 1745 1289 euim
1770 1232 1846 1304 rigor

9 1302 17 1315 ⁹
94 1320 211 1388 scilicet,
234 1319 358 1373 cisterna
384 1318 470 1372 nimis
497 1319 648 1389 protunda,
677 1325 807 1391 tempore
830 1319 942 1391 hyemis
990 1316 1122 1387 justitiae,
1138 1322 1203 1383 etc..
1223 1332 1309 1387 usque
1331 1319 1369 1373 ud
1391 1321 1517 1391 et‘erga
1538 1319 1681 1391 populum
1702 1318 1844 1392 quassatio

94 1408 168 1463 nivis
191 1423 295 1479 aggere
310 1414 468 1478 coaequata.
493 1409 525 1462 ln
549 1408 622 1462 lianc
645 1408 688 1462 leo
707 1408 813 1464 inscius
826 1409 939 1479 decidit,
993 1407 1104 1461 coelitus
1118 1406 1209 1460 etiosa
1224 1406 1389 1478 quiesceret.

93 1497 288 1552 etconclusus
312 1495 413 1566 grandi
434 1496 531 1567 rugitu
555 1496 697 1552 clamavit.
727 1497 844 1551 Banaias
872 1513 940 1553 vero
1027 1495 1108 1549 Vsus.
1139 1499 1181 1549 ll.
1217 1523 1252 1537 -
1279 1496 1372 1550 Sermo
1409 1497 1526 1550 Domini.
1557 1495 1650 1568 (Rau.)
1686 1496 1721 1551 ln
1747 1497 1840 1551 Exodo

93 1587 143 1658 qui
163 1601 228 1640 com
243 1585 353 1639 caeteris
369 1584 403 1639 ad
422 1585 617 1655 spectaculum
639 1585 726 1652 teuit,
743 1586 772 1639 in
787 1586 940 1642 cisternam
994 1582 1132 1652 scriptum
1151 1586 1201 1646 est,
1216 1587 1281 1651 eto,
1304 1597 1389 1653 usque
1404 1584 1441 1638 ad
1454 1589 1625 1656 cousumpta
1645 1589 1715 1640 sunt
1728 1590 1843 1656 septua-

94 1672 211 1740 desitiit,
233 1677 263 1728 et
282 1673 396 1726 leonem
414 1671 566 1726 interiecit.
579 1672 710 1737 Banaias,
733 1672 783 1743 qui
797 1672 938 1745 interprc·
994 1670 1076 1741 ginta
1089 1670 1191 1725 millia.

92 1766 170 1817 tatur
191 1760 340 1829 edificator
363 1762 506 1827 Dominus,
539 1759 682 1815 Christum
710 1759 863 1832 significat,
890 1761 941 1833 qni
1030 1759 1109 1812 Vaas.
1126 1761 1167 1813 lt.
1188 1788 1221 1798 -
1243 1760 1310 1813 Aut.
1334 1758 1368 1813 Et
1382 1757 1496 1813 ridetur
1515 1758 1584 1830 quia
1606 1758 1657 1832 qui
1671 1776 1750 1831 pane
1766 1760 1843 1815 verbi

93 1848 246 1905 Ecclesiam
279 1846 410 1901 aediiicat.
447 1846 524 1901 Unde
551 1847 656 1901 Paulus
685 1864 691 1902 :
722 1850 771 1903 Dei
795 1847 941 1919 aedificatio
995 1847 1045 1902 Dei
1058 1863 1110 1917 per
1125 1846 1247 1918 gratiam
1271 1847 1445 1918 septiformis
1463 1847 1587 1918 Spiritus
1611 1864 1671 1904 non
1685 1855 1843 1921 pasotrutur

92 1942 165 1994 estis.
183 1937 232 1992 llic
255 1936 285 1990 iu
304 1941 433 2007 tempora
450 1934 523 1990 uiris
543 1939 571 1989 et
595 1934 718 2006 frigoris,
746 1951 811 1990 cum
834 1936 940 1992 scilicet
994 1940 1103 2004 septam
1119 1935 1201 1989 annis
1215 1934 1320 1989 famem
1332 1935 1484 2004 sustinent,
1501 1942 1530 1991 et
1543 1936 1638 2008 quiin
1652 1939 1774 1993 nomine
1787 1939 1843 1993 Tri·

92 2025 186 2099 gratia
199 2023 305 2080 Christi
330 2023 438 2079 mundo
459 2022 646 2094 resplenduit,
668 2030 696 2078 et
715 2024 805 2096 frigus
820 2024 940 2079 charita·
993 2022 1093 2077 nitatis
1117 2023 1279 2094 regenerati
1299 2038 1356 2077 non
1373 2028 1448 2087 sunt,
1471 2024 1611 2091 hostibus,
1631 2025 1717 2081 idest
1738 2027 1844 2082 dumo·

91 2115 127 2170 tis
151 2113 285 2168 homines
299 2111 488 2183 refrigeravit,
510 2112 635 2180 leonem,
655 2112 684 2166 id
710 2119 762 2180 est,
792 2113 940 2169 diabolum
994 2111 1426 2180 nibusresistercnonralen13
1448 2112 1497 2167 sed
1510 2113 1673 2184 pestilentia
1687 2115 1841 2187 impietatis

92 2201 242 2257 interiecit.
263 2200 397 2254 llehraeus
419 2215 485 2254 vero
509 2200 585 2254 huuc
599 2200 712 2254 iconem
735 2201 817 2256 idoab
831 2201 939 2256 intelli·
992 2199 1319 2255 incredulimoriuntur.

92 2291 145 2363 git,
158 2291 208 2362 qui
222 2290 252 2344 in
271 2288 367 2343 medio
387 2288 527 2355 cisteruoe,
544 2288 572 2342 id
594 2294 647 2355 est,
663 2288 693 2343 in
708 2289 793 2344 domo
812 2289 937 2357 Domini,
1029 2288 1109 2342 Vens.
1129 2292 1169 2343 16.
1195 2317 1231 2331 ·-
1256 2290 1324 2343 Erat
1338 2294 1437 2344 autem.
1453 2288 1549 2360 (Rea.)
1567 2291 1598 2345 ln
1611 2290 1840 2363 Paralipomenis

93 2380 142 2435 uhi
156 2378 271 2434 tenebat
289 2393 398 2433 cornua
417 2377 526 2446 altaris,
545 2377 653 2431 occisus
674 2381 726 2432 est.
751 2378 847 2433 Altare
871 2395 938 2434 vero
992 2393 1106 2450 quoqne
1133 2377 1271 2448 scriptum
1292 2383 1338 2433 ost
1364 2393 1371 2432 :
1395 2380 1476 2433 Porro
1491 2380 1602 2448 angelus
1617 2381 1727 2435 Domini
1750 2381 1841 2436 stabat

91 2467 215 2522 cisterna
233 2465 346 2532 dicitur,
369 2464 437 2536 quia
460 2465 533 2518 sicut
552 2481 628 2535 aqua
651 2466 782 2520 cistemae
806 2465 896 2521 abluit
910 2471 940 2522 et
988 2467 1074 2536 juata
1089 2481 1181 2519 aream
1198 2465 1292 2522 &aaa
1313 2465 1438 2522 ichasei.
1460 2468 1617 2536 Leuansque
1638 2468 1731 2524 Dauid
1752 2470 1839 2524 mutas

92 2555 223 2621 mundat,
238 2555 278 2608 ita
293 2554 488 2608 sanctuarium
510 2553 624 2607 Domini
639 2558 745 2625 purgat
762 2559 888 2626 peccata.
907 2556 939 2610 ln
991 2568 1053 2609 suos
1069 2553 1140 2608 uidit
1155 2554 1279 2620 attactum
1304 2554 1417 2608 Domini
1443 2556 1621 2610 interemtum
1647 2561 1673 2610 et
1688 2539 1801 2624 terram
1816 2561 1842 2611 et

91 2645 192 2700 diebus
215 2643 297 2703 nivis,
322 2642 390 2713 quia
411 2658 462 2713 per
485 2646 607 2696 mortem
631 2641 754 2712 expiavit
776 2647 937 2714 peccatum.
992 2645 1165 2710 evaginatum
1190 2641 1358 2709 gladiumin
1373 2656 1456 2696 manu
1479 2643 1548 2712 ejas,
1571 2649 1597 2698 et
1614 2660 1722 2700 versum
1747 2652 1841 2701 contra

91 2735 171 2790 Unde
197 2750 203 2788 :
234 2732 351 2788 Laoabis
377 2746 429 2798 me,
449 2731 525 2802 quod
554 2730 706 2800 impletum
722 2735 765 2785 est
788 2732 819 2785 iu
844 2732 938 2786 medio
991 2730 1147 2785 Jerusalem.
1170 2730 1205 2785 Et
1224 2729 1377 2784 ceciderunt
1392 2737 1447 2784 tam
1462 2733 1520 2799 ipse
1542 2746 1624 2801 quam
1639 2737 1758 2802 majores
1772 2738 1840 2788 notu

90 2824 236 2889 cisteruae;
250 2825 276 2877 et
295 2834 376 2890 super
395 2823 485 2874 niuem
510 2819 666 2888 dentiam,
691 2818 768 2891 quod
786 2819 938 2892 impletum
990 2823 1084 2877 vestiti
1112 2821 1208 2876 ciliciis
1227 2822 1308 2889 proni
1334 2822 1364 2875 in
1388 2827 1499 2890 terram,
1520 2823 1607 2891 juata
1632 2839 1735 2879 amam.
1769 2827 1842 2880 Area

90 2916 135 2968 est
149 2912 178 2966 in
194 2927 228 2966 so
242 2909 318 2982 qood
334 2907 373 2963 ait
385 2908 479 2963 dutus
495 2910 578 2963 niuis.
953 2922 973 2977 c
991 2912 1107 2964 Areuua
1127 2909 1248 2964 Ecclesia
1262 2912 1306 2962 est
1319 2909 1450 2979 gentium
1465 2909 1495 2964 in
1511 2927 1567 2981 qua
1582 2916 1738 2982 postquam
1752 2913 1841 2968 altare

127 3001 208 3054 Vsus.
221 3003 267 3054 ut.
282 3026 317 3039 -
341 2998 436 3052 Virum
450 2998 619 3068 Egyptian.
638 2995 816 3052 lmitatorem
832 2998 939 3054 scilicet
990 2995 1058 3051 iidei
1071 3012 1153 3051 verus
1171 2996 1258 3051 David
1281 2996 1383 3065 erexit,
1408 2997 1560 3053 confestim
1582 3014 1660 3053 mors
1682 3000 1840 3071 impietatis

90 3087 215 3160 AEgyptii
235 3089 325 3141 Deum
351 3084 585 3157 blasphemantis,
609 3101 695 3157 quem
718 3086 937 3158 htosesjuhente
991 3086 1082 3141 cessit.
1101 3086 1178 3140 Hauc
1201 3100 1299 3140 aream
1318 3086 1403 3141 David
1426 3086 1637 3159 quinquaginta
1651 3087 1728 3142 siclis
1744 3089 1839 3146 emit:

91 3177 214 3233 Domino
229 3175 382 3241 interiecit,
397 3174 447 3228 ille
460 3174 536 3229 enim
553 3173 762 3244 blasphemavit
775 3176 877 3246 Deum,
891 3177 938 3232 hic
991 3175 1060 3246 quia
1070 3174 1198 3230 Christus
1210 3190 1263 3246 per
1276 3175 1451 3245 septiformis
1462 3174 1585 3246 Spiritus
1595 3177 1717 3248 gratiam
1728 3178 1840 3234 cunctis

90 3265 262 3338 prophetam
275 3267 303 3318 ct
319 3279 426 3334 regem.
992 3264 1101 3319 delictis
1125 3262 1238 3318 omissis
1263 3262 1454 3335 gentilitatem
1468 3263 1498 3318 in
1517 3263 1636 3321 domum
1650 3265 1706 3322 sihi
1728 3267 1838 3340 sempi-

126 3354 258 3420 Diqnum.
279 3350 466 3423 Spectabatur
487 3349 564 3404 enim
587 3354 619 3404 ut
632 3349 657 3404 si
674 3350 832 3405 Jerusalem
853 3366 937 3423 egre·
992 3358 1104 3422 ternam
1119 3351 1314 3407 sanctificavit.

90 3442 216 3507 deretur,
233 3439 451 3494 interficeretur.
1026 3440 1105 3494 Vaas.
1124 3442 1167 3495 ta.
1193 3469 1228 3480 -
1257 3440 1380 3495 Arcana.
1408 3439 1472 3511 (lo.)
1501 3442 1712 3512 interpretatur
1740 3457 1838 3499 area:

125 3531 257 3586 Hastam.
284 3531 387 3598 Legem
414 3526 476 3594 Dei,
504 3525 634 3598 quamsi
664 3525 816 3582 meditatus
839 3527 939 3583 fuisset
992 3529 1088 3585 Oruan
1111 3544 1177 3583 tero
1206 3529 1295 3584 tumen
1319 3528 1405 3584 notu.
1436 3531 1512 3585 Bene
1539 3546 1608 3603 ergo
1633 3530 1721 3586 David
1741 3531 1840 3586 volens

89 3617 287 3691 permanendo
313 3616 344 3669 in
370 3614 526 3669 Jerusalem
556 3630 613 3668 nou
641 3613 757 3684 periret,
788 3614 836 3670 sed
870 3617 939 3687 quia
991 3618 1106 3690 placare
1130 3615 1296 3684 Dominum,
1326 3617 1415 3673 altare
1437 3618 1556 3689 jubetur
1576 3619 1687 3674 inarea
1704 3623 1839 3688 Areunae,

90 3712 265 3781 praeceptum
284 3703 360 3775 regis
382 3702 563 3773 contempsit,
590 3703 709 3758 Daunias
735 3703 765 3757 in
792 3703 883 3774 virga,
909 3704 938 3761 id
992 3707 1128 3764 relOrnra
1148 3705 1335 3773 constituere,
1358 3707 1427 3779 quia
1447 3707 1531 3762 aliter
1552 3723 1609 3762 non
1622 3708 1753 3779 placatur
1765 3709 1841 3765 Deus

91 3801 134 3850 est
161 3795 192 3848 in
219 3790 390 3847 rectitudine
409 3790 528 3861 justitiae
557 3790 591 3844 ad
620 3805 687 3844 eum
713 3790 880 3859 descendit,
910 3795 939 3846 ct
992 3794 1169 3861 abhomine,
1189 3794 1245 3850 nisi
1258 3795 1290 3849 in
1305 3811 1370 3850 area
1385 3795 1481 3851 cordis
1492 3812 1544 3867 pcr
1557 3798 1656 3852 lumen
1673 3803 1757 3853 rectae
1773 3798 1841 3854 fidei

90 3883 212 3948 hastam,
230 3897 316 3953 quam
331 3895 390 3934 uon
405 3884 479 3934 recte
494 3878 619 3945 tenebat,
633 3878 761 3933 extorsit.
993 3887 1022 3936 et
1041 3897 1116 3936 verre
1139 3882 1301 3938 dilectionis
1326 3884 1479 3939 constituat
1502 3884 1590 3941 altare
1610 3884 1782 3941 humilitatis
1810 3886 1841 3941 in

125 3973 204 4026 Vnus.
221 3973 267 4026 23.
285 4000 319 4010 -
341 3971 393 4036 Qui
415 3972 505 4024 eram.
534 3968 682 4024 Neminem
705 3974 835 4024 moverat
861 3969 938 4041 quod
993 3985 1050 4041 quo
1068 3970 1170 4025 offerat
1191 3971 1363 4027 sacrificium
1386 3972 1539 4028 oblationis
1562 3979 1592 4029 et
1614 3974 1718 4041 laudis,
1740 3975 1840 4030 unde:

90 4061 119 4116 in
135 4076 248 4115 summa
264 4075 321 4114 non
334 4056 461 4129 triginta,
477 4057 525 4112 sed
539 4062 649 4128 septem
665 4063 694 4111 et
708 4057 826 4129 triginta
839 4059 939 4129 legun·
993 4056 1165 4129 Sauifieium
1189 4059 1279 4114 tondis
1304 4060 1491 4130 amarificattt
1516 4078 1567 4130 me,
1582 4062 1737 4134 etc.,(Psat.
1753 4062 1840 4135 xcix).

89 4153 146 4205 tur.
171 4148 300 4220 Triginta
325 4147 446 4201 enimet
467 4150 575 4217 septem
602 4148 735 4216 leguntur
753 4146 808 4200 hoc
832 4147 931 4204 modo.
951 4179 974 4234 D
992 4148 1161 4217 merneram
1175 4151 1228 4203 Deo
1250 4151 1365 4220 spiritus
1388 4149 1597 4220 contribulatus,
1620 4157 1675 4206 etc.
1697 4152 1778 4219 (reia.
1803 4151 1840 4224 n).

92 4240 205 4310 Septem
221 4236 338 4299 scilicet,
361 4234 445 4289 fortes
462 4234 491 4289 hi
512 4249 519 4288 :
542 4232 639 4300 David,
661 4233 711 4303 qui
726 4233 831 4289 dicitur
848 4235 939 4291 Adeo·
991 4240 1065 4294 Area
1080 4241 1202 4291 Areunae
1216 4237 1259 4291 vel
1272 4237 1366 4306 Ornoe,
1382 4237 1445 4309 ipsa
1458 4243 1500 4294 est
1512 4240 1681 4296 ierusalem.

90 4328 183 4394 datus,
201 4325 307 4389 abisai,
329 4322 480 4389 sobochai
495 4322 649 4390 tonathan,
666 4323 790 4390 Eleazar,
806 4323 939 4381 Sammaa
1028 4325 1107 4380 Vnus.
1124 4327 1168 4380 25.
1183 4355 1220 4367 —
1234 4325 1381 4382 Etabtutit
1393 4327 1557 4383 taheausta.
1571 4329 1641 4384 ilinc
1653 4330 1684 4383 in
1694 4329 1843 4400 Paralipo-

91 4415 167 4471 fitius
179 4417 258 4485 Agge
281 4412 317 4467 dc
335 4410 427 4479 Arari,
442 4415 470 4465 et
494 4409 623 4477 Daunius,
647 4425 711 4464 ecce
733 4415 852 4481 septem.
875 4412 937 4467 Tri·
992 4411 1084 4469 menis
1095 4413 1311 4470 tabernaculum
1326 4415 1402 4487 quod
1414 4415 1519 4471 fecerat
1526 4416 1637 4488 Moyses
1647 4417 1677 4473 in
1688 4418 1803 4473 deserto
1814 4422 1843 4474 et

91 4505 171 4578 ginta
185 4509 282 4558 autem
299 4501 329 4556 hi
345 4504 411 4554 sunt
425 4500 517 4567 asael,
533 4499 668 4553 Eleanam
682 4505 711 4555 et
724 4499 830 4554 caeteri.
992 4502 1081 4556 altare
1095 4501 1328 4557 holocaustorum
1341 4508 1548 4575 eatempestate
1559 4511 1620 4560 erat
1630 4505 1661 4560 in
1671 4507 1781 4561 excelso
1791 4507 1843 4564 Ga-

126 4595 207 4648 Vaas.
224 4594 268 4647 39,
290 4621 325 4630 -
351 4591 440 4645 Urias.
468 4589 517 4642 liic
538 4587 657 4642 ultimus
682 4588 799 4658 ponitur
827 4604 879 4660 pro
903 4606 937 4644 eo
991 4589 1076 4657 baon,
1089 4591 1653 4662 etnonpraevaluitDaridireadaltare,
1668 4595 1844 4650 utobsecra·

8 4679 15 4694 ¹
91 4682 166 4753 quod
183 4678 342 4752 sequitur:
369 4679 404 4732 Et
427 4676 539 4732 addidit
552 4679 632 4743 furor
652 4679 770 4744 Domini,
798 4682 850 4733 etc.
875 4679 938 4734 lam
991 4679 1323 4735 retDomiuum.Nimio
1339 4680 1416 4735 enim
1431 4681 1534 4736 timore
1553 4681 1839 4754 iueratperterritus,

92 4771 169 4824 eninr
189 4769 258 4824 ultio
270 4768 344 4823 iacta
357 4765 451 4821 fuerat
464 4767 494 4819 in
508 4764 596 4820 David
615 4768 644 4819 et
656 4765 687 4819 in
707 4764 793 4820 domo
806 4766 877 4837 ejus,
890 4767 939 4822 sed
993 4767 1092 4822 videns
1107 4767 1234 4840 gladium
1249 4768 1346 4840 angeli
1364 4768 1488 4824 Domini.
1508 4769 1641 4842 Dixitque
1658 4771 1746 4827 David
1759 4789 1766 4828 :
1778 4775 1841 4829 Huc

91 4875 151 4914 non
165 4858 196 4913 in
210 4859 318 4930 populo
329 4855 378 4929 qui
393 4856 436 4910 vel
446 4871 504 4909 non
514 4853 620 4908 restitit
630 4852 718 4909 David
728 4855 772 4909 vel
783 4855 938 4911 consensit.
992 4862 1031 4912 est
1046 4856 1140 4911 domus
1154 4859 1213 4924 Dei,
1227 4861 1282 4912 etc.
1311 4858 1342 4912 ln
1362 4857 1417 4912 hoc
1435 4858 1497 4913 loco
1522 4859 1681 4915 secondum
1704 4861 1841 4918 llebrreos

407 4943 520 4999 CAPUT
539 4943 626 4998 lxlv.
992 4945 1082 5000 soluit
1096 4946 1239 5001 Abraham
1255 4945 1358 5001 olierre
1373 4946 1466 5001 tilium
1489 4963 1555 5002 cum
1569 4947 1644 5004 aries
1665 4949 1762 5005 subito
1786 4965 1841 5022 ap-

128 5035 234 5106 (aare,
249 5034 299 5090 lib.
324 5049 377 5088 xxv
392 5034 501 5100 Marah,
518 5048 580 5103 cap.
606 5030 667 5103 tl.)
684 5032 737 5087 Pro
755 5031 939 5103 qualitatibus
993 5034 1090 5106 paruit
1105 5050 1112 5089 ε
1125 5050 1213 5107 quem
1225 5051 1373 5093 assumens
1388 5034 1493 5092 obtulit
1506 5052 1559 5108 pro
1572 5035 1643 5092 illio.
