3892 6106
108 262 158 318 iil
423 255 623 311 waaarulul
643 253 765 309 sanant
787 251 886 308 ruia.
909 249 989 305 uon.
1009 247 1085 304 ΟΡΡ.
1107 244 1196 301 PARS
1214 244 1236 299 l.
1258 271 1293 281 -
1310 240 1538 298 theotonica.
1817 238 1869 292 ²33

109 374 439 452 quisquerenditnr,'et
462 391 479 429 a
502 374 634 430 Crantore
650 371 777 427 discedit.
809 369 860 424 liei
882 384 952 440 ergo
968 371 989 426 a
1008 366 1257 437 operehumana:
1289 364 1430 434 templum
1458 361 1552 417 carnis
1575 360 1734 417 aedificatur
1763 360 1870 417 invir-

108 484 218 535 sumus,
234 465 390 522 secundnm
405 463 482 535 quod
496 462 531 517 ab
547 478 580 516 eo
605 459 693 515 creati
716 474 814 514 sumus
832 475 838 512 :
865 456 958 512 allecti
1011 456 1090 527 gine,
1106 455 1155 509 sed
1170 452 1242 525 lapis
1259 451 1319 507 sine
1335 451 1467 507 manibus
1486 450 1596 505 excisus
1608 451 1707 518 crevit,
1732 453 1761 505 el
1779 450 1871 505 iactus

110 572 177 613 raro
192 556 265 611 servi
278 554 398 620 diaboli,
417 551 574 607 secundum
600 549 678 622 quod
702 547 825 619 peccatis
853 546 959 600 nostris
1012 547 1054 600 est
1069 559 1151 598 mons
1169 557 1291 613 mugnus
1305 541 1392 610 (Dan.
1419 540 1468 609 ul:
1493 542 1548 594 hoc
1575 544 1618 593 est
1644 539 1871 595 sanctimonium

111 643 268 700 venundati
287 658 396 697 sumus.
420 639 541 694 Veniens
565 643 661 693 autem
684 635 812 692 Christus
837 633 960 689 redemit
1011 633 1105 688 carnis
1120 634 1283 702 assumptae,
1298 632 1326 685 et
1340 628 1403 683 sine
1417 628 1551 683 manibus
1566 631 1594 682 et
1608 627 1669 683 siue
1698 643 1787 698 opere
1819 628 1871 683 ho-

112 750 164 789 nos
177 733 330 787 servientes
344 728 468 794 diabolo,
484 727 531 782 cui
545 743 596 781 nos
610 725 752 797 peccando
767 723 957 788 vendidimus,
1013 730 1125 784 urinum
1152 729 1187 784 do
1215 732 1314 783 monte
1341 727 1476 782 humane
1505 733 1616 782 naturae
1646 729 1675 779 at
1710 725 1872 781 substantia

112 828 141 879 et
156 820 394 877 itaridelursuos
416 814 566 885 recepisse,
593 830 664 885 qnos
686 812 812 879 creavit3
837 815 865 866 et
890 812 959 866 alie·
1012 819 1105 874 carnis
1122 818 1260 873 excisum,

112 927 164 966 nos
199 906 364 979 acquisisse,
396 903 445 976 qui
482 903 610 957 alienum
639 901 788 955 dominum
816 899 959 972 peccando
1048 908 1127 962 vnn,
1164 909 1205 962 ts,
1230 935 1265 947 -
1292 906 1425 960 Dominus
1449 903 1586 970 regnabit,
1611 906 1664 958 ete.
1691 901 1868 973 (0nre.)1)o-

114 996 315 1069 acquisierant.
331 993 387 1049 Sed
413 995 489 1047 recte
516 1006 570 1045 nos
592 989 747 1044 redemisse
771 988 884 1056 dicitur,
910 987 959 1060 qui
1012 996 1093 1061 mine,
1116 996 1271 1063 qairepaus
1297 993 1465 1048 insecutum
1484 994 1510 1045 et
1541 993 1571 1046 iu
1602 992 1765 1046 saeeulumel
1779 989 1869 1045 adhue

114 1100 167 1156 pro
182 1083 384 1155 pretionostro
411 1078 582 1149 sanguinem
605 1093 688 1132 suum
713 1077 799 1132 dedit.
821 1077 875 1132 Sed
892 1075 959 1148 quid
1014 1082 1130 1148 Quoties
1145 1081 1293 1137 diciturin
1317 1081 1455 1145 seculum,
1470 1077 1617 1149 iongitudo
1647 1078 1764 1150 quidem
1797 1081 1871 1134 tem·

113 1165 746 1228 taleutnosmercareturdiabolus'dediti
770 1165 960 1221 homicidium
1013 1170 1164 1243 poris,sed
1205 1185 1265 1224 esse
1300 1167 1404 1240 aliquis
1432 1166 1498 1221 llnis
1539 1166 1701 1234 indicatur,
1737 1172 1766 1220 et
1784 1167 1809 1220 si
1834 1167 1865 1221 iu

113 1259 237 1330 pecunia
247 1256 353 1320 (1ίᾶδοΙί
367 1260 419 1322 esi,
433 1255 482 1311 ille
498 1255 575 1310 enim
590 1255 626 1309 ab
637 1253 721 1308 illifi⁰
731 1254 876 1308 h⁰mi01d³
898 1258 960 1319 est;
1014 1259 1094 1315 alind
1121 1259 1257 1314 seculum
1281 1257 1394 1324 dicitur,
1422 1254 1529 1327 aliquid
1559 1254 1675 1326 lougius
1712 1254 1868 1323 indicatur,

112 1347 202 1403 iecisti
241 1345 442 1412 homicidium,
478 1343 585 1399 diaboli
624 1344 776 1414 pecuniam
816 1341 959 1413 accepisti.
1016 1349 1064 1404 sed
1079 1353 1177 1403 tamen
1191 1347 1257 1404 fluis
1272 1346 1391 1418 ponitur
1407 1349 1455 1399 :et
1480 1344 1590 1415 quoties
1615 1344 1720 1398 saecula
1746 1344 1870 1398 seeculo-

112 1435 190 1491 ldem
207 1435 360 1490 dicendum
388 1438 431 1488 est
453 1433 488 1488 de
513 1433 664 1501 adulterio,
689 1432 848 1503 sacrilegio,
873 1431 959 1497 lucto,
1016 1453 1081 1492 run]
1107 1437 1303 1504 nominantur,
1327 1436 1459 1501 fortasse,
1488 1432 1554 1486 licet
1582 1432 1699 1503 ignotus
1722 1432 1869 1499 nobis,ta·

112 1524 183 1579 laiso
199 1523 364 1578 testimonio
377 1526 405 1577 et
428 1520 616 1592 huJusmadi:
652 1520 704 1575 hae
741 1520 863 1590 pecunia
883 1520 961 1575 eninr
1016 1541 1112 1579 mena
1141 1526 1198 1578 [leo
1230 1527 1352 1578 statutus
1394 1521 1497 1593 uliquis
1542 1521 1684 1576 terminus
1716 1520 1870 1575 indicator.

113 1612 183 1666 emit
196 1616 225 1666 et
239 1612 328 1666 elficit
341 1609 403 1679 'sibi
426 1626 521 1665 servos
542 1624 642 1664 omues
666 1609 716 1680 qui
739 1609 774 1664 de
798 1608 960 1680 hujusmodi
982 1611 1233 1709 BQuodrerohic
1256 1610 1402 1666 addiditet
1422 1609 1522 1676 adbuc,
1545 1609 1658 1663 nullum
1679 1624 1796 1663 sensum
1814 1613 1872 1663 ter·

115 1716 203 1756 censu
222 1700 283 1769 ejus
298 1702 553 1770 quantumcunque
567 1696 753 1769 susceperint.
1016 1701 1088 1758 mini
1103 1701 1223 1771 alicujus
1236 1703 1287 1754 aut
1301 1698 1389 1753 finem
1403 1697 1542 1768 relinquit
1557 1713 1563 1752 :
1580 1696 1772 1768 quodcunque
1792 1696 1873 1751 enim

114 1788 232 1842 aivins.
269 1791 310 1842 lt.
341 1817 373 1827 -
404 1785 564 1842 introduces
592 1801 635 1840 eos
663 1793 688 1841 et
722 1786 871 1856 plantabis,
907 1789 959 1842 etc.
1015 1788 1198 1860 cogitaveris,
1219 1787 1250 1841 in
1275 1802 1333 1858 quo
1353 1787 1441 1841 finem
1463 1790 1546 1857 putes
1569 1785 1737 1855 consistere,
1757 1801 1874 1858 semper

115 1875 221 1945 (Ouiul
239 1877 301 1930 Non
317 1876 377 1929 vult
390 1891 442 1929 nos
468 1874 605 1929 Dominus
624 1874 655 1928 in
676 1876 797 1947 AEgypto
822 1874 960 1945 plantare,
1015 1878 1084 1933 dicit
1099 1877 1152 1932 tibi
1167 1892 1261 1931 sermo
1279 1876 1474 1947 propheticus,
1501 1879 1526 1929 et
1541 1875 1630 1929 aditu
1648 1894 1656 1941 3
1680 1873 1758 1929 velut
1772 1874 1797 1929 si
1818 1874 1872 1928 tibi

114 1980 166 2020 nec
192 1965 223 2019 in
250 1963 365 2034 dejectis
389 1969 418 2018 et
442 1963 601 2018 humilibus
627 1963 705 2028 locis,
729 1963 779 2018 sed
803 1964 834 2017 in
864 1968 961 2018 monle
1016 1967 1101 2035 dicat,
1113 1968 1197 2021 Putas
1210 1965 1240 2018 in
1268 1963 1404 2018 saeculum
1431 1963 1527 2018 sreculi
1555 1963 1710 2018 Dominum
1733 1968 1873 2035 regnatu·

115 2053 289 2109 haereditatis
304 2068 373 2107 suae.
391 2053 429 2107 lle
446 2052 499 2108 bac
524 2052 707 2124 plantatione
729 2053 871 2124 Propheta
894 2052 962 2108 dicit
1015 2071 1079 2110 rum
1097 2071 1104 2122 ;
1121 2056 1149 2108 et
1163 2053 1256 2108 adhuc
1273 2051 1398 2123 putasiu
1430 2052 1534 2106 saecula
1560 2050 1730 2106 saeculorum
1746 2066 1753 2105 :
1770 2054 1800 2105 et
1825 2050 1871 2105 ad·

33 2207 37 2216 μ
115 2142 185 2213 psal·
200 2156 322 2195 cxxxix:
354 2142 467 2196 Vineam
482 2141 645 2211 dedioppto
667 2142 846 2210 transtulisti,
861 2141 963 2211 ejecisti
1016 2145 1083 2206 huc.
1101 2148 1130 2198 et
1158 2141 1351 2214 quodcunque
1376 2139 1482 2194 dixeris
1506 2139 1541 2194 de
1565 2139 1648 2212 regni
1667 2140 1730 2212 ejus
1756 2139 1868 2210 spatiis,

116 2233 206 2299 pentes
221 2233 246 2283 et
258 2229 393 2298 plantasti
407 2244 466 2283 eam
480 2245 486 2282 :
498 2228 557 2283 dua
567 2231 672 2283 itineris
686 2231 768 2296 suisti
779 2231 810 2284 in
822 2234 963 2298 conspectu
1018 2248 1132 2304 semper
1147 2231 1215 2286 dicit
1226 2230 1278 2285 tibi
1288 2229 1438 2300 propheta,
1448 2234 1474 2284 et
1496 2228 1596 2284 adbuc.

116 2320 186 2389 ejus,
203 2324 228 2374 et
240 2320 376 2389 plantasti
390 2318 496 2373 radices
510 2319 579 2388 ejus,
596 2323 620 2372 rt
635 2320 748 2388 repleuit
763 2324 872 2374 terram.
891 2319 962 2389 Ope·
1053 2322 1139 2377 Vnus.
1163 2323 1201 2374 lli.
1219 2320 1333 2374 -Filii
1354 2323 1444 2373 autem
1472 2320 1566 2382 israel,
1591 2322 1644 2372 etc.
1674 2317 1776 2390 (Ouio.)
1802 2319 1874 2372 Etlu

116 2411 175 2463 ruit
194 2411 294 2463 montes
321 2407 418 2461 umbra
439 2408 496 2476 qus
516 2410 542 2461 et
566 2407 680 2462 orbana
702 2409 760 2478 ejus
783 2407 874 2463 cedros
900 2409 961 2463 Dei.
1017 2410 1040 2466 si
1053 2411 1127 2479 nllus
1142 2424 1168 2465 es
1192 2409 1286 2472 lsrael,
1305 2412 1380 2477 potes
1392 2406 1531 2461 ambulare
1542 2421 1592 2476 per
1605 2409 1706 2462 siccum
1730 2407 1763 2463 in
1785 2406 1874 2462 medio

118 2494 246 2552 advertis
262 2493 406 2566 quomodo
419 2493 528 2564 plantat
544 2494 618 2548 [leus
637 2499 665 2548 et
679 2495 747 2549 ubi!
774 2496 836 2550 Non
855 2496 965 2567 plantat
1016 2500 1112 2552 maris.
1129 2495 1158 2551 Si
1182 2494 1270 2549 lucris
1296 2493 1326 2548 in
1353 2493 1447 2549 medio
1481 2494 1605 2548 nationis
1628 2509 1724 2564 pravae
1751 2498 1781 2549 et
1808 2510 1873 2566 per·

117 2582 148 2637 in
159 2582 289 2644 vallibus,
306 2581 355 2636 sed
370 2581 401 2635 in
416 2581 572 2648 montibus,
589 2581 620 2636 in
644 2582 760 2636 excelsis
782 2587 811 2638 et
825 2584 855 2637 in
875 2583 962 2638 subli·
1019 2600 1117 2651 rersae,
1132 2583 1204 2638 sieut
1216 2582 1315 2636 lumen
1329 2582 1396 2636 solis
1410 2581 1441 2635 in
1471 2581 1565 2636 medio
1586 2586 1772 2652 peccatorum
1799 2583 1874 2638 ince-

120 2671 215 2725 mibus
229 2670 307 2724 locis.
326 2668 401 2734 Qttos
425 2669 502 2723 enim
531 2669 627 2725 educit
652 2670 688 2725 de
715 2672 846 2742 AEgypto,
869 2672 899 2727 id
922 2677 965 2727 est
1018 2674 1098 2741 dens,
1112 2676 1209 2727 uonte
1232 2671 1366 2726 infundet
1389 2674 1494 2725 humor
1521 2671 1638 2742 peccati,
1666 2675 1695 2726 et
1722 2687 1775 2742 per
1797 2671 1874 2727 hune

118 2759 383 2828 saeculoadlidem
401 2775 459 2814 non
482 2759 544 2815 vult
563 2759 668 2814 iterum
686 2758 718 2814 in
741 2760 897 2817 humilibus
922 2762 963 2815 lo·
1021 2761 1163 2818 mundum
1179 2764 1375 2815 transeuntem
1398 2759 1480 2814 nulla
1504 2754 1632 2814 libidinis
1661 2760 1738 2814 unda
1760 2775 1873 2831 resper-

117 2865 192 2914 care,
222 2847 271 2902 sed
302 2847 548 2903 conversationem
578 2863 680 2902 eorum
711 2848 864 2904 sublimem
892 2866 963 2916 esse,
1019 2855 1078 2922 get,
1093 2850 1190 2904 nullus
1204 2848 1367 2921 cupiditatis
1393 2852 1478 2902 aestus
1508 2848 1679 2903 verberabit.
1708 2848 1763 2913 Qui
1789 2850 1874 2920 AEgy·

121 2942 149 2993 et
163 2937 194 2992 in
206 2937 351 2991 montibus
366 2936 496 2991 habitare
511 2941 540 2991 et
555 2934 585 2990 in
605 2936 732 3007 excelsis,
752 2953 811 2993 non
831 2955 883 3011 per
906 2943 966 2994 ter·
986 2961 1006 3018 c
1022 2944 1090 3011 ptus
1106 2943 1158 3006 est,
1170 2943 1197 2993 el
1207 2937 1338 3009 sequitur
1360 2936 1548 3003 Pharaonem,
1576 2936 1712 2992 vitiorum
1739 2936 1875 2992 fluctibus

118 3041 180 3080 ram
195 3040 305 3095 repere.
320 3025 385 3078 Non
398 3024 475 3079 ultra
489 3024 550 3078 vult
568 3023 680 3078 vineam
704 3041 785 3080 suam
808 3025 840 3081 in
863 3027 968 3083 humili
1020 3026 1170 3098 mergitur.
1186 3026 1319 3091 univero
1343 3025 1472 3097 sequitur
1495 3024 1638 3081 Christum
1653 3041 1661 3093 ;
1685 3029 1714 3079 et
1739 3027 1812 3080 sicut
1827 3025 1875 3080 ille

118 3113 241 3185 dejectos
255 3112 360 3168 habere
381 3111 501 3181 fructus,
527 3113 576 3166 sed
599 3113 732 3183 palmites
756 3130 868 3170 sursum
889 3116 966 3184 duci,
1021 3115 1187 3183 ambulavit,
1200 3114 1339 3182 ambulat,
1353 3128 1427 3186 aqua
1443 3113 1469 3167 ei
1482 3113 1516 3168 ut
1543 3129 1644 3168 murus
1666 3113 1766 3168 dextra
1788 3113 1874 3169 laeva·

118 3201 151 3257 in
173 3203 229 3256 alto
251 3200 349 3265 locari,
375 3200 506 3255 traduces
534 3200 620 3255 lieri:
651 3205 679 3254 et
702 3203 833 3257 traduces
856 3219 913 3259 non
937 3204 968 3258 in
1022 3220 1088 3275 qne.
1105 3205 1280 3274 lpseaulem
1295 3202 1389 3258 media
1416 3201 1462 3256 via
1481 3202 1596 3268 incedit,
1614 3218 1667 3274 per
1686 3202 1793 3257 siccum
1817 3217 1875 3257 non

120 3289 278 3344 humilibus
294 3287 453 3352 arboribus,
469 3288 517 3342 sed
533 3287 563 3342 in
577 3288 695 3343 excelsis
717 3294 746 3345 et
768 3289 800 3344 in
823 3290 968 3346 altissimis
1023 3292 1148 3348 declinat
1161 3292 1197 3347 ad
1213 3291 1360 3347 dexteram
1372 3306 1466 3363 neque
1479 3290 1515 3345 ad
1536 3291 1693 3358 sinistram,
1722 3305 1875 3363 usquequo

120 3376 214 3433 cedris
240 3376 302 3446 Dei,
324 3376 474 3446 prophetis
491 3375 604 3445 scilicet
625 3382 653 3432 et
674 3378 834 3448 apostolis:
864 3379 968 3450 quibus
1022 3384 1103 3436 excat
1117 3381 1153 3435 ad
1171 3380 1343 3447 libertatem,
1371 3383 1399 3434 el
1425 3380 1566 3451 hymnum
1593 3379 1723 3434 victoriae
1752 3381 1875 3435 Domino

120 3466 145 3522 si
160 3481 212 3520 nos
239 3465 443 3536 adjungamur,
464 3463 530 3519 vitis
553 3480 640 3535 quam
663 3466 812 3522 transtulit
835 3468 909 3523 [leus
933 3469 967 3523 de
1022 3474 1106 3524 canat
1122 3470 1218 3525 dicens
1234 3485 1241 3523 :
1256 3470 1399 3527 Cantemus
1408 3470 1529 3535 haramo,
1545 3472 1597 3523 etc.

120 3557 251 3626 AEgypto,
277 3557 307 3608 et
325 3567 378 3622 per
400 3568 496 3607 ramos
515 3568 616 3608 eorum
636 3554 726 3610 nostri
752 3557 885 3626 palmites
914 3556 968 3611 dii·
1058 3559 1139 3614 Vnus.
1162 3559 1251 3627 2031.
1284 3586 1319 3598 -·
1348 3560 1529 3626 annnorum.
1559 3556 1678 3627 (Sinas.)
1705 3555 1870 3612 Secundum

121 3642 289 3708 fundantur,
310 3644 339 3694 el
363 3640 433 3711 ipsis
455 3641 552 3696 innexi
575 3642 705 3698 traduces
726 3644 885 3701 efficiamur
903 3647 968 3700 cha·
1023 3647 1229 3717 hieronymum
1246 3650 1391 3717 estgenns
1404 3644 1481 3701 tubae
1504 3644 1534 3698 in
1558 3660 1671 3699 summo
1700 3644 1809 3699 habens
1824 3645 1873 3699 sti·

122 3729 214 3784 citatis
229 3729 264 3784 ad
279 3728 401 3784 invicem
415 3730 537 3785 vinculis
558 3731 634 3799 neri,
658 3733 782 3789 iruclum
810 3734 969 3806 plurimum
1023 3736 1123 3808 putam
1136 3736 1179 3790 vel
1194 3735 1319 3790 fistulam
1338 3751 1346 3800 ;
1361 3750 1413 3805 per
1423 3749 1510 3804 qnam
1523 3749 1622 3788 rocem
1632 3733 1726 3788 reddit
1735 3749 1872 3788 sonoram

123 3816 285 3873 afferemus.
301 3819 372 3876 Nam
386 3821 473 3874 omnis
495 3819 577 3874 arbor
599 3836 658 3890 quar
671 3837 725 3878 non
747 3826 817 3890 ,facit
848 3826 970 3892 fructum
1024 3826 1144 3891 cuorus,
1160 3823 1317 3878 secuudum
1332 3822 1477 3889 eumdem,
1494 3822 1577 3894 pellis
1591 3822 1711 3893 simplex
1725 3838 1791 3877 cum
1807 3822 1876 3878 dua·

124 3907 221 3961 bonum
236 3907 375 3962 mactetur
387 3912 412 3963 et
426 3909 456 3963 in
469 3910 560 3976 ionem
578 3913 701 3966 mittetur
717 3911 826 3983 (blatta.
844 3913 898 3982 ιιι.)
1022 3911 1206 3980 buscicutis3
1220 3927 1273 3983 per
1288 3912 1406 3966 alteram
1420 3910 1587 3981 inspiratur,
1615 3926 1668 3980 per
1695 3910 1815 3965 alteram
1831 3926 1876 3966 so-

159 3997 325 4051 Ftrmissima
336 3996 490 4053 habitaculo
515 4002 571 4066 tua,
591 4002 643 4057 etc.
671 3999 775 4071 (Ouio.)
797 4002 832 4056 In
854 4018 970 4073 preepa-
1023 4015 1094 4054 num
1109 3999 1203 4055 reddit
1218 4015 1225 4054 :
1241 4005 1457 4070 perutrnmque
1470 4015 1539 4070 ergo
1550 4003 1671 4071 angusta
1684 3998 1878 4070 intelligentia

124 4088 187 4139 ratu
207 4084 384 4140 habitatione
411 4102 499 4157 quarn
530 4088 709 4159 preparasti,
738 4089 866 4145 [lomina.
900 4089 970 4144 liide
1024 4088 1127 4143 veteris
1142 4087 1402 4160 legisdesiguatur.
1421 4088 1512 4154 Quam
1540 4089 1619 4142 enim
1646 4087 1732 4143 breve
1759 4086 1794 4142 sit
1822 4087 1877 4143 mi·

124 4171 273 4226 clementis
286 4171 446 4226 bonitatem
462 4172 577 4228 llomini
594 4191 601 4228 z
616 4190 673 4229 noo
695 4176 756 4232 vult
781 4181 809 4232 te
834 4176 970 4232 inducere
1023 4177 1135 4232 nimum
1146 4176 1212 4231 inde
1223 4177 1393 4246 ostenditur,
1405 4176 1473 4249 quia
1483 4192 1571 4232 manu
1584 4176 1717 4232 mulieris
1732 4179 1874 4248 portatur.

124 4258 160 4314 ad
184 4258 323 4324 laborem,
346 4273 405 4313 non
429 4259 490 4314 vult
505 4265 537 4314 ut
561 4259 622 4331 ipse
648 4262 735 4316 iacias
771 4262 824 4319 tibi
857 4264 970 4320 habita·
992 4250 1187 4322 ”Secundum
1206 4265 1405 4321 Cassianarum
1416 4269 1643 4337 tympanum·est
1657 4265 1740 4338 pellis
1763 4269 1878 4320 extensa

128 4347 244 4413 culum;
266 4345 326 4416 jam
350 4350 378 4401 te
402 4345 438 4401 ad
463 4353 654 4419 praeparatam
682 4350 798 4406 inducet
821 4352 973 4409 habitatio·
1025 4354 1171 4410 interduo
1199 4353 1300 4425 ligna:
1325 4369 1377 4425 per
1409 4355 1487 4426 qnod
1514 4353 1668 4410 maceratio
1691 4353 1785 4409 carnis
1803 4353 1877 4409 desi·

125 4451 205 4493 nem.
227 4434 398 4490 Undeloan.
413 4451 459 4489 rr:
476 4436 538 4490 Alii
551 4437 752 4507 laboraverant,
771 4444 797 4496 et
819 4456 866 4497 uas
888 4444 919 4497 in
933 4443 973 4497 la·
1026 4447 1140 4514 gnatur.
1160 4442 1270 4497 Chorus
1291 4447 1389 4498 autem
1416 4448 1460 4498 est
1484 4442 1640 4498 multitudo
1666 4442 1752 4497 simul
1773 4458 1878 4497 canen-

127 4525 203 4580 bares
222 4540 313 4579 eorum
327 4525 470 4579 introistis.
1025 4532 1099 4586 tium
1129 4534 1157 4585 et
1184 4530 1288 4586 dicitur
1317 4531 1420 4586 chorus
1457 4532 1539 4603 quasi
1566 4547 1728 4586 comvornm
1765 4534 1876 4586 mutus.

162 4615 356 4670 Sanctuariam
371 4617 456 4680 tuum,
473 4615 526 4668 etc.
539 4613 643 4686 (Onia.)
657 4615 871 4673 sanctimonium
886 4622 971 4686 tuum,
1027 4621 1105 4686 Quod
1118 4635 1186 4690 ergo
1224 4619 1255 4674 in
1278 4621 1364 4675 choro
1388 4620 1539 4692 equaliter
1561 4636 1662 4675 omncs
1689 4634 1771 4675 voces
1802 4635 1880 4675 reso·

127 4704 245 4770 Domine,
280 4706 334 4757 etc.
375 4700 602 4756 sanctimonium
631 4702 735 4757 dicitnr
757 4705 973 4761 tabernaculum
1026 4712 1107 4775 nant,
1123 4724 1175 4779 per
1192 4723 1258 4763 eum
1276 4709 1399 4764 charitas
1425 4710 1613 4780 significatur,
1636 4725 1693 4781 qua
1720 4723 1821 4764 omnes
1849 4708 1880 4762 in

128 4787 188 4855 Dei,
211 4790 254 4843 rel
275 4787 429 4859 templum,
451 4804 485 4843 εο
510 4788 587 4860 quod
608 4789 766 4846 sanctificat
798 4792 971 4849 accedentes.
1027 4796 1138 4852 Christo
1166 4812 1257 4852 unum
1290 4813 1397 4853 sumus.
1419 4798 1587 4871 Quicunque
1615 4814 1684 4869 ergo
1716 4799 1774 4852 lieo
1794 4797 1880 4869 inju-

127 4875 212 4930 ilebr.
229 4893 256 4930 rx
271 4877 325 4931 hoc
339 4877 510 4932 condicitur
524 4893 611 4932 manu
626 4876 778 4934 hominnm
792 4880 908 4948 iactum,
925 4882 975 4937 sed
1026 4885 1118 4940 hilum
1133 4884 1231 4940 laudes
1245 4887 1349 4955 reddit,
1366 4886 1501 4955 inchoro,
1529 4888 1590 4952 hoc,
1609 4892 1651 4943 est
1678 4886 1708 4940 in
1727 4886 1878 4954 charitate,

128 4980 216 5018 manu
241 4964 315 5020 Dei:
339 4969 510 5038 propterte
539 4982 607 5038 ergo
635 4968 708 5022 bens
740 4972 769 5023 et
803 4969 914 5040 plantat
947 4974 976 5025 el
1027 4975 1082 5031 hoe
1100 4978 1176 5045 agat,
1205 4981 1233 5031 et
1260 4976 1291 5030 in
1319 4980 1466 5048 tympano,
1483 4977 1512 5031 id
1536 4980 1579 5032 est
1605 4976 1636 5030 in
1661 4974 1882 5031 mortificatione

129 5053 271 5123 aedificat3
296 5055 421 5124 agricola
443 5055 566 5111 efficitur
589 5062 618 5111 et
639 5060 771 5125 structor,
791 5074 828 5113 ne
849 5057 901 5114 tibi
922 5060 973 5115 ali·
1027 5063 1130 5119 carnis.
1146 5063 1225 5119 Unde
1240 5064 1312 5135 psal.
1333 5081 1396 5119 cn:
1425 5065 1549 5121 laudate
1575 5080 1636 5120 eum
1651 5066 1681 5118 in
1713 5067 1884 5135 tympanoet

128 5141 291 5214 quiddesit.
315 5143 393 5198 Unde
412 5145 588 5214 Apostolusl
614 5145 677 5202 Gor.
699 5163 751 5202 111:
777 5147 831 5201 Dei
853 5149 975 5215 oorteut-
1027 5150 1118 5217 choro,
1134 5154 1189 5206 etc.

131 5230 512 5300 turo,lleiaedi1tcotioestis.
529 5234 604 5300 Ouid
628 5240 671 5291 est
694 5251 763 5307 ergo
791 5236 845 5291 hoc
869 5239 974 5292 sancti·
1063 5239 1200 5295 Vensii.
1216 5242 1335 5296 -lltlit
1349 5244 1438 5296 autem
1463 5241 1665 5308 noscerent,
1700 5244 1754 5295 etc.
1788 5239 1885 5311 Bapti-

130 5317 262 5371 monium
276 5333 333 5371 non
348 5333 435 5371 manu
450 5319 613 5388 hominum,
628 5321 677 5376 sed
697 5322 748 5377 Dei
770 5328 973 5393 praeparatum.
1030 5327 1084 5382 zati
1096 5343 1147 5398 per
1162 5330 1304 5384 mundum
1319 5330 1400 5401 quasi
1410 5346 1462 5401 per
1476 5331 1621 5386 desertum
1637 5335 1704 5400 post
1725 5328 1881 5384 transitum

130 5406 212 5461 Prov.
226 5421 276 5459 rx:
303 5405 445 5474 Sapientia
467 5408 614 5476 aeditlcouit
637 5410 692 5465 sibi
714 5410 833 5479 domam,
860 5412 888 5466 id
922 5417 974 5480 est,
1028 5416 1117 5470 maris
1132 5416 1221 5472 Rubri
1237 5418 1387 5485 ducuntur,
1404 5418 1534 5473 nondum
1552 5419 1691 5473 habentes
1709 5416 1885 5488 promissam

129 5509 247 5550 carnem
273 5493 385 5560 Christi,
413 5509 471 5549 non
498 5511 585 5552 manu
617 5497 753 5567 hominis,
779 5498 809 5556 id
835 5504 888 5571 est,
916 5516 976 5556 non
1030 5504 1163 5575 patriam,
1179 5507 1383 5577 sedsperantes
1394 5511 1423 5563 et
1431 5510 1625 5580 exspectantes
1636 5522 1688 5580 per
1698 5505 1881 5579 patientiam,
