3892 6106
124 253 174 306 las

429 249 626 307 llataFltllll
646 249 768 306 stultu
788 250 888 305 l‘u'lb.
911 248 991 304 ΜΘΝ.
1011 247 1087 304 ΟΡΡ.
1110 245 1196 303 l’tlts
1216 245 1236 299 Ι.
1256 275 1290 283 -
1310 243 1535 300 l‘lleocolllca.

1820 246 1871 299 let

773 493 945 580 LIBER
974 490 1218 579 EXODUS.

230 670 359 726 llehroicc
374 671 479 725 Verane
498 670 606 724 Sauorn
627 670 726 735 tuimet
745 653 836 737 tibull,
856 667 887 722 id
899 670 948 734 eet,
971 667 1031 720 linc
1050 682 1116 722 soar
1135 681 1255 730 nosrns;
1277 664 1369 720 Graecc
1388 669 1521 731 ΕΞΟΔΟΣ,
1542 665 1574 720 id
1592 669 1632 721 est
1651 666 1758 720 Barrus.

309 890 544 947 Pnolflnalara
566 890 601 944 lN
621 888 777 945 Erubuit.

160 1016 254 1084 (lise.)
279 1016 310 1070 ln
344 1013 537 1069 Pentateucho
566 1013 677 1069 excellit
708 1011 829 1078 modus,
858 1011 888 1066 in
912 1026 969 1083 qno

125 1120 198 1177 piene
213 1102 310 1158 omnia
341 1106 519 1157 sacramenta
530 1100 634 1173 quibus
653 1099 775 1156 Ecclesia
805 1098 969 1165 instruitur,

126 1192 286 1263 figuraliter
312 1190 522 1262 exprimuntur.
553 1190 606 1244 Per
624 1188 803 1260 corporalem
831 1187 909 1243 enim
924 1203 969 1242 ex·

125 1281 197 1335 itum
222 1279 348 1336 liliorum
374 1278 461 1334 lsrael
485 1277 520 1332 de
545 1275 667 1349 AEgypto
691 1276 845 1348 corporalis
874 1280 972 1331 noster

126 1369 220 1424 exitus
251 1368 287 1424 de
313 1369 435 1439 AEgyptu
467 1365 610 1437 spirituali
638 1365 779 1436 signatur.
812 1365 866 1419 Per
894 1380 972 1419 mare

127 1458 268 1525 Rubrum,
292 1462 322 1512 et
344 1456 499 1511 Pharaonis
527 1454 755 1510 submersionem
774 1457 860 1525 atque
886 1456 972 1524 AEgy·

128 1545 266 1616 ptiorum,
282 1544 417 1616 baptismi
424 1542 592 1616 mysterium
604 1545 633 1598 et
641 1542 835 1613 spiritualium
849 1543 973 1598 hostium

128 1635 269 1688 interitus.
290 1634 343 1688 Per
363 1631 449 1705 typici
474 1631 541 1702 agni
570 1631 808 1698 immolationem,
840 1631 971 1687 ilebraeo·

128 1738 193 1777 rum
214 1721 425 1788 liberationem,
452 1721 511 1774 veri
526 1719 600 1790 agni
623 1721 720 1790 passio
747 1725 777 1775 et
800 1725 900 1775 nostra
924 1736 973 1775 re-

128 1809 268 1880 demptio.
285 1810 325 1864 lle
338 1809 408 1863 coelo
439 1807 524 1863 datur
538 1822 654 1873 manna,
679 1812 707 1862 et
734 1822 809 1880 equa
828 1809 867 1865 de
892 1812 975 1880 petra

130 1898 179 1952 llic
188 1901 228 1952 est
239 1899 320 1967 ponte
334 1899 382 1966 qut
394 1897 428 1952 dc
441 1897 504 1952 celo
523 1895 661 1951 descendit
688 1897 785 1966 (dona.
819 1897 856 1968 rr)
881 1901 910 1952 et
923 1897 974 1952 do·

40 2025 49 2037 ,
129 1985 220 2041 ctrina
233 1985 345 2041 Christi.
371 1986 402 2040 ln
418 1990 514 2040 monte
529 1984 634 2040 dantur
656 1990 799 2056 precepta
822 1989 908 2057 atquc
926 1985 974 2056 ja·

129 2073 202 2128 dicia
223 2074 330 2146 populo
347 2073 406 2139 Dei,
432 2078 465 2128 ut
489 2074 620 2144 supernis
637 2074 823 2145 subjiciamur
848 2073 973 2145 discipli·

131 2163 184 2218 nis.
219 2161 456 2230 Taberneculam,
495 2166 523 2217 et
565 2179 632 2217 rasa
659 2164 721 2234 ejrrs
759 2167 1016 2230 construuntur,n

130 2251 222 2305 crrltus
236 2253 264 2304 et
278 2250 416 2306 sacrificia
431 2249 621 2322 imperentur,
653 2252 758 2323 quibus
774 2251 904 2308 Ecclesia
926 2267 975 2306 or-

131 2344 215 2393 natus
229 2344 258 2394 et
285 2339 446 2411 epiritualia
467 2338 605 2404 sacrificia
631 2338 839 2410 significantur.
864 2339 976 2411 llysticu

131 2427 227 2483 nacho
249 2432 279 2482 et
298 2427 485 2499 thymiamata
508 2427 709 2496 conficiuntur,
725 2426 829 2499 quibus
858 2428 977 2482 sanctiti-

131 2515 204 2570 catiu
219 2515 335 2587 spiritus
350 2520 379 2571 et
399 2515 535 2571 orationis
559 2516 745 2571 odoramenta
772 2515 976 2570 commendan-

131 2606 276 2660 tunitius
305 2606 409 2660 Paulus
432 2606 494 2660 eit:
522 2606 616 2662 Omnes
644 2604 763 2660 eamdem
784 2619 870 2659 escum
897 2605 977 2673 spiri·

132 2691 232 2745 tuolem
265 2691 505 2747 manducaverunt.
534 2698 559 2746 et
592 2706 681 2747 omncs
721 2691 841 2747 eumdem
883 2697 978 2761 potum

987 887 1053 944 Ata
1078 901 1158 943 corne
1176 889 1265 955 nocis
1290 889 1470 943 moeremium
1490 891 1530 943 est
1557 893 1671 958 propter
1699 903 1759 946 uos.
1798 892 1873 947 Iliam

1024 975 1103 1031 enim
1118 978 1215 1031 manet
1229 974 1359 1044 interra,
1375 973 1462 1030 idest
1483 973 1619 1032 incarne
1642 992 1705 1044 sus,
1732 978 1875 1050 multipli-

1024 1069 1104 1120 catur
1119 1062 1260 1119 credendo
1274 1062 1405 1140 Ecclesia.
1434 1062 1607 1136 amonendo
1632 1066 1773 1138 populum
1802 1069 1872 1131 Deo,

1025 1158 1053 1208 et
1077 1153 1112 1207 ab
1133 1151 1311 1207 llierusalem
1339 1152 1485 1223 usquead
1513 1152 1657 1225 Illyricum
1688 1155 1873 1228 Euangeliaru

1025 1240 1220 1315 praedicando.

1062 1330 1144 1384 vens.
1173 1330 1249 1385 ula.
1278 1357 1314 1370 -
1339 1329 1468 1385 Surreec't
1491 1331 1594 1386 intereo
1619 1346 1669 1387 ree
1684 1347 1769 1389 nouus
1793 1347 1877 1404 super

1027 1421 1184 1489 Egyptian,
1202 1423 1256 1476 etc.
1284 1418 1387 1490 (Onia.)
1402 1419 1562 1486 alternae.
1588 1419 1637 1475 llic
1661 1425 1705 1476 est
1731 1421 1875 1490 diabolus,

1027 1506 1078 1578 qai
1093 1505 1168 1561 dtait
1182 1507 1212 1561 ia
1225 1506 1304 1562 corde
1315 1521 1363 1562 suo
1380 1522 1388 1560 ι
1410 1509 1471 1565 Non
1486 1511 1525 1562 est
1541 1507 1628 1575 Deua·
1643 1508 1694 1580 qui
1708 1509 1788 1582 genti
1803 1525 1875 1579 sure,

1027 1594 1110 1649 idest
1122 1594 1257 1666 apostatis
1272 1594 1392 1665 angelis,
1409 1594 1502 1650 dicit:
1525 1597 1592 1652 Ecce
1618 1598 1734 1666 populus
1752 1599 1873 1668 fitiorum

1029 1683 1127 1752 Israel,
1144 1698 1244 1738 eurum
1268 1682 1376 1738 scilicet
1394 1682 1444 1755 qui
1467 1689 1587 1755 possunt
1601 1689 1697 1740 mente
1722 1687 1815 1742 Deum
1837 1688 1878 1743 vi·

1028 1772 1106 1832 dere,
1119 1771 1267 1843 potentior
1288 1771 1445 1827 estnobis:
1467 1774 1570 1842 Venite,
1596 1775 1783 1844 opprimemus
1815 1791 1877 1832 curn

1028 1863 1174 1931 saphatias
1190 1860 1282 1916 Sentit
1299 1860 1431 1916 diabolus
1443 1861 1512 1933 qnia
1539 1876 1662 1934 magnus
1685 1863 1723 1920 sit
1750 1864 1878 1935 popalus

1029 1949 1126 2014 lsrael,
1145 1953 1174 2005 et
1198 1948 1299 2005 fortior
1326 1949 1397 2021 ipso,
1427 1949 1496 2022 quia
1523 1965 1599 2020 saepe
1626 1966 1795 2022 congressus
1824 1957 1877 2018 est,

1029 2053 1105 2110 saepe
1119 2043 1280 2110 superatur.
1310 2038 1368 2094 Scit
1384 2037 1469 2093 Jacob
1490 2038 1627 2094 luctatum
1643 2055 1714 2106 esse,
1740 2043 1769 2096 et
1795 2041 1879 2113 adju·

1030 2126 1105 2181 torio
1130 2126 1225 2198 angeli
1252 2126 1411 2182 obtinuisse
1438 2130 1538 2182 contra
1558 2127 1765 2197 adversarium,
1795 2128 1877 2186 inra-

1032 2214 1117 2269 luisse
1131 2230 1197 2269 cum
1212 2215 1280 2270 Deo.
1295 2214 1427 2270 Aliorum
1450 2230 1566 2287 quoque
1594 2221 1758 2273 sanctornm
1785 2219 1879 2275 luctas

1031 2302 1317 2374 manuspretium
1342 2303 1498 2359 certamine
1529 2303 1649 2375 pertulit
1675 2321 1684 2360 ε
1719 2305 1804 2362 timet
1842 2323 1879 2364 ne

1031 2391 1147 2463 quando
1166 2391 1280 2448 eveniet
1305 2391 1424 2459 bellum,
1450 2395 1479 2448 et
1503 2391 1683 2449 consentiant
1709 2394 1881 2450 advorsariis

1031 2496 1103 2552 epus,
1120 2483 1149 2535 et
1163 2479 1274 2535 divictis
1301 2479 1343 2534 cis
1357 2479 1479 2552 (devicto
1502 2481 1545 2551 eo)
1565 2480 1712 2539 discedant
1736 2482 1772 2539 de
1802 2489 1878 2540 terra

1032 2585 1092 2624 sara.
1117 2568 1233 2624 Videtur
1256 2568 1326 2623 mihi
1351 2584 1385 2624 ex
1408 2569 1454 2624 bis
1477 2584 1543 2642 quse
1569 2569 1737 2642 patriarchis
1765 2575 1795 2626 et
1814 2587 1880 2644 pro·

1024 2656 1126 2728 *plactis
1151 2655 1186 2711 de
1217 2656 1340 2712 aduentu
1369 2655 1473 2712 Christi
1501 2656 1626 2728 iudicata
1653 2657 1773 2723 inerant,
1809 2660 1878 2732 quia

1033 2745 1118 2800 sentit
1131 2749 1282 2800 venturum
1298 2744 1349 2817 qui
1361 2749 1447 2800 exuet
1468 2744 1643 2817 principatus
1657 2747 1720 2818 ejus
1733 2751 1763 2802 et
1782 2752 1878 2820 poles·

1032 2839 1115 2902 tates,
1142 2849 1208 2889 cam
1240 2833 1345 2890 fiducia
1379 2834 1538 2907 triumphet
1568 2850 1616 2890 eos
1647 2842 1675 2892 et
1703 2835 1812 2909 assligat
1850 2837 1880 2893 ia

1033 2922 1222 2996 lignocrucis.

1069 3013 1151 3083 (llan.
1164 3015 1194 3066 ia
1211 3011 1310 3077 Eeod,
1331 3017 1400 3067 tom.
1423 3011 1468 3081 ΙΙ.)
1493 3013 1527 3066 In
1551 3011 1699 3068 Clrronicis
1723 3012 1837 3070 Earscbii
1851 3019 1880 3069 et

1034 3100 1201 3172 Hieronymi
1216 3099 1346 3172 legimus,
1362 3103 1424 3162 etc..
1440 3115 1524 3169 euque
1553 3100 1591 3154 nd
1605 3105 1632 3155 et
1647 3100 1676 3156 ia
1691 3102 1765 3156 mari
1781 3103 1877 3158 Rubro

1033 3189 1128 3262 periit,
1146 3188 1229 3243 ruultl
1244 3189 1407 3243 Pharaoues
1423 3186 1549 3244 fuerunt.

132 2781 303 2847 spiritualem
316 2781 451 2848 hiberemt,
480 2785 533 2836 etc.

169 2870 188 2939 ll
205 2871 268 2925 Car.
286 2869 325 2940 x.)
340 2869 413 2925 ilinc
429 2884 545 2942 quoque
560 2870 703 2925 loannes:
726 2871 807 2925 Facta
830 2875 893 2925 auat
912 2870 977 2935 tec,

131 2957 236 3028 irrqrrit,
251 2962 282 3012 ut
298 2958 446 3028 Scriptura
461 2960 617 3029 iraplcretur
633 2975 640 3012 ι
663 2959 697 3014 Os
720 2974 773 3014 non
796 2960 978 3014 comminuetis

132 3061 165 3098 em
179 3062 207 3100 co
225 3047 322 3116 (doun.
336 3049 406 3116 ιιι).

169 3133 261 3204 (aas.)
293 3135 366 3191 velo
398 3136 506 3191 amora
534 3136 647 3205 (naun
682 3121 778 3202 mbas)
813 3135 976 3191 scarane:

135 3218 223 3284 ἔξοδος
236 3223 349 3278 Greece:
365 3223 479 3289 euodes,
496 3225 586 3278 cattus
599 3223 643 3277 vel
658 3238 778 3291 egressus
794 3224 901 3313 Latine·
1069 3278 1161 3347 (Onia.
1181 3276 1272 3332 homil.
1285 3276 1320 3348 l.)
1337 3277 1477 3331 Morotitor
1503 3276 1631 3332 Primum
1646 3276 1792 3349 requirere
1815 3279 1879 3333 volo

419 3337 531 3391 CAPUT
551 3337 694 3392 PRIMUM·
1034 3367 1099 3436 qais
1114 3371 1156 3420 est
1170 3381 1217 3420 rex
1237 3364 1359 3437 AEgyplo
1383 3364 1433 3436 qrri
1453 3365 1505 3420 scit
1521 3365 1637 3437 loseph,
1661 3373 1690 3422 et
1714 3366 1765 3438 qui
1778 3367 1879 3422 nescit.

171 3455 250 3507 vans.
275 3456 300 3507 5.
317 3481 351 3494 -
365 3455 453 3507 Erunt
473 3454 560 3520 igitur
587 3467 676 3507 omncs
698 3456 797 3508 animae
821 3469 911 3509 aarum
933 3454 982 3523 qai
1001 3453 1254 3517 chumcnimille
1269 3452 1465 3525 regnaretqui
1487 3453 1595 3509 sciebat
1618 3455 1732 3525 loseph,
1762 3471 1821 3511 non
1842 3456 1883 3512 di·

134 3540 466 3612 eprcssr'suatdclemore
483 3540 777 3610 Jacobseptuugintn,
794 3545 846 3596 etc.
863 3542 979 3614 Septua-
1034 3543 1251 3600 cunturalllicti
1272 3542 1325 3598 lilii
1350 3544 1447 3609 lsrael,
1473 3559 1567 3614 nespue
1592 3543 1623 3598 iu
1646 3545 1707 3600 luto
1736 3549 1765 3602 et
1793 3548 1884 3602 latere

135 3632 215 3704 ginta
238 3629 353 3696 enimse,
383 3628 411 3683 id
441 3633 492 3695 est,
521 3628 703 3700 septuaginta
734 3629 874 3701 discipuli,
914 3646 978 3685 cum
1034 3632 1213 3703 consumpti,
1229 3631 1570 3708 nequemasculieorum
1595 3633 1697 3703 necati,
1724 3635 1883 3691 etieminee

134 3719 231 3789 lacob,
253 3717 281 3773 id
309 3721 363 3787 est,
387 3716 510 3781 Christo,
537 3716 739 3787 ingrediuntur
759 3717 789 3772 in
814 3719 978 3790 AEgyptum,
1034 3721 1255 3785 ris·iticalru;sed
1271 3721 1434 3790 camcoepit
1464 3736 1596 3792 regnare,
1620 3721 1671 3793 qui
1686 3738 1743 3778 nun
1763 3729 1885 3778 noverat

136 3808 163 3862 id
187 3811 239 3871 est,
268 3806 420 3872 mundum,
451 3805 529 3859 missi
556 3805 662 3861 scilicet
690 3805 726 3861 ad
754 3807 977 3877 predicandum.
1033 3809 1146 3880 loseph.
1161 3810 1188 3865 si
1206 3809 1341 3863 [laudans
1361 3809 1436 3881 regit
1450 3824 1513 3874 noe,
1541 3813 1569 3865 et
1596 3826 1695 3865 sensus
1715 3813 1821 3870 mentis
1837 3818 1884 3872 vel

135 3895 235 3961 Aliter,
268 3895 451 3966 septuaginta
492 3894 597 3950 animae
640 3896 792 3967 AEgyptum
831 3896 978 3967 ingresse,
1035 3897 1138 3951 animae
1153 3901 1258 3951 nustrae
1281 3895 1462 3953 illuminatur
1480 3915 1496 3953 a
1513 3899 1581 3965 heo,
1608 3915 1772 3956 memorans
1798 3902 1881 3958 Chri·

135 3983 297 4056 mysticein
313 3998 432 4038 numero
447 3981 624 4037 remissionis
639 3982 827 4053 accipiuntur,
857 3988 890 4038 nt
913 3983 981 4038 huic
1035 3989 1111 4038 stum
1133 3985 1350 4040 resurrexisses
1369 3985 1501 4055 mortuis,
1529 3986 1560 4040 in
1579 3986 1710 4059 AEgypto,
1730 3989 1759 4045 id
1779 3994 1822 4044 est
1851 3991 1881 4046 in

136 4073 243 4128 scilicet
261 4073 374 4139 saeculo,
401 4070 476 4143 quod
491 4086 543 4142 per
569 4072 722 4143 AEgyptum
749 4072 900 4143 liguratur,
917 4076 982 4145 post
1034 4087 1119 4128 carne
1148 4077 1257 4141 nostra,
1286 4072 1401 4144 spiritus
1427 4078 1523 4128 noster
1545 4089 1665 4145 regnam
1685 4091 1751 4130 cnm
1767 4077 1882 4148 justitia

137 4168 215 4218 tanta
229 4165 345 4233 peccata
360 4159 443 4214 delur
456 4157 586 4214 remissio
598 4163 789 4230 peccatorum.
1035 4163 1124 4230 tenet,
1141 4166 1170 4216 et
1190 4159 1266 4216 lilios
1287 4161 1382 4226 lsrael,
1406 4161 1493 4217 idest
1521 4178 1620 4217 seusus
1640 4163 1823 4220 rationabiles
1838 4166 1883 4222 vel
1909 4204 1913 4211 -

172 4250 252 4302 Vens.
273 4250 299 4315 6,
323 4252 400 4301 7.-
422 4246 608 4314 Quomortuo,
635 4250 688 4302 alc.
717 4249 793 4319 (lsrn.
824 4250 853 4303 ia
883 4248 979 4317 huod.)
1035 4248 1340 4319 virtutes,liullrluet
1362 4250 1448 4304 latere
1467 4266 1526 4307 non
1545 4252 1699 4320 consumit,
1729 4269 1780 4308 nce
1806 4255 1884 4310 curis

137 4338 182 4395 Sic
207 4340 357 4407 postquam
380 4350 464 4389 rarus
486 4335 591 4407 loseph
619 4351 670 4407 pro
700 4335 833 4391 omnibus
859 4336 982 4408 gnstavit
1036 4338 1157 4393 terrenis
1171 4340 1276 4393 atterit.
1294 4338 1322 4393 Si
1341 4337 1446 4392 horum
1462 4340 1629 4395 memorium
1655 4356 1755 4395 sensus
1785 4347 1884 4398 noster

139 4431 270 4488 mortem,
285 4429 313 4480 et
331 4423 471 4479 destruxit
487 4440 552 4478 eum
568 4425 617 4496 qui
640 4425 740 4480 mortis
758 4426 913 4497 imperium
930 4427 980 4481 lra-
1035 4427 1204 4498 perdiderit,
1222 4425 1366 4482 Christum
1382 4426 1536 4483 nescierit:
1568 4432 1636 4484 tunc
1657 4429 1797 4501 sapientia
1820 4447 1882 4487 car-

137 4518 231 4584 bebat,
247 4512 450 4585 multiplicatus
465 4517 507 4567 est
525 4515 648 4585 populus
673 4513 811 4569 lidelium.
830 4514 888 4570 Nisi
903 4515 981 4572 euim
1035 4514 1089 4577 nis,
1108 4531 1172 4586 quae
1188 4519 1231 4570 est
1244 4514 1361 4569 inimica
1381 4515 1449 4584 heo,
1465 4516 1589 4571 succedit
1615 4515 1645 4570 iu
1658 4533 1795 4589 regnum;
1811 4519 1882 4575 allo·

137 4607 270 4661 interra
298 4618 420 4676 granum
450 4605 596 4657 mortuum
628 4601 739 4668 fuisset,
776 4604 867 4658 solum
904 4619 981 4659 man·
1036 4603 1134 4673 quitur
1158 4606 1274 4673 gentem
1297 4618 1388 4670 suam,
1414 4601 1444 4659 id
1469 4610 1512 4658 cst
1534 4620 1687 4677 corporeas
1710 4605 1881 4676 voluptates,

138 4696 228 4749 sisset.
1038 4693 1066 4743 et
1080 4689 1215 4746 vitiorum
1228 4690 1347 4746 ducibus
1362 4691 1399 4746 ad
1423 4691 1576 4746 consilinm
1598 4693 1716 4761 vocatis,
1742 4693 1881 4749 deliberat

174 4783 274 4852 (Onia,
290 4783 358 4836 lom.
375 4784 397 4836 l.
419 4783 448 4835 in
462 4780 563 4850 deod)
580 4779 609 4836 Si
624 4782 761 4836 moriatur
779 4781 810 4836 in
826 4787 853 4836 te
867 4781 980 4854 loseph.
1038 4783 1136 4834 oontm
1155 4779 1228 4833 lilios
1257 4779 1351 4848 lsrael,
1378 4781 1522 4851 quomodo
1541 4781 1813 4849 circumveniuntur,
1829 4798 1881 4853 cp·

138 4871 167 4925 id
189 4875 240 4938 est,
274 4869 521 4925 mortificationem
548 4868 651 4924 Christi
673 4869 703 4925 in
729 4875 757 4925 te
785 4869 982 4942 suscipisset
1036 4867 1197 4939 primantur
1212 4868 1281 4933 luto,
1308 4873 1336 4922 ct
1357 4868 1445 4924 latere
1470 4869 1652 4940 affligentem
1673 4885 1767 4926 mares
1792 4887 1881 4942 expo·

139 4955 293 5012 mortillces
312 4956 441 5012 membra
469 4960 519 5011 tue
543 4961 669 5028 peccato,
694 4957 923 5028 multiplicantur
951 4956 982 5013 in
1036 4962 1117 5022 nant,
1147 4955 1268 5012 feminas
1283 4958 1369 5024 alant,
1390 4958 1532 5035 aedificent
1553 4957 1681 5013 civitates
1709 4959 1834 5030 AEgyptli
1854 4965 1883 5016 et

138 5049 165 5097 te
185 5043 238 5098 lilii
263 5045 358 5112 lsrael,
385 5062 483 5100 sensus
502 5046 608 5100 scilicet
628 5046 697 5101 boni
716 5050 745 5102 et
764 5046 936 5118 spirituales.
952 5044 981 5101 Si
1035 5044 1161 5099 ciuitates
1176 5044 1310 5101 munitas.
1336 5047 1392 5101 Nec
1418 5046 1577 5118 putandum
1597 5051 1640 5103 est
1667 5046 1779 5102 divinos
1793 5047 1884 5104 libros

138 5132 215 5188 enim
242 5149 341 5190 sensus
377 5136 469 5191 carnis
501 5137 718 5205 mortificentur,
753 5154 852 5193 sensus
876 5135 981 5193 animas
1036 5134 1235 5206 AEgyptiorum
1249 5141 1329 5208 gesta
1343 5152 1459 5192 narrare
1475 5137 1535 5193 sinc
1550 5153 1654 5194 causa:
1674 5137 1801 5209 sedquae
1821 5143 1885 5195 scri

137 5227 275 5290 crescunt,
294 5227 323 5278 ct
354 5224 543 5281 morientibus
572 5225 601 5281 iu
620 5230 647 5281 le
675 5226 759 5289 vitiis,
784 5225 901 5280 virtutes
929 5240 980 5278 aa·
1033 5224 1882 5298 plusuat,adnostramdoctrinomscriptosummumne),

137 5317 251 5380 gantur,
271 5315 389 5366 etterra
416 5317 443 5366 le
472 5313 643 5385 multiplicat
665 5313 695 5369 iu
722 5312 856 5386 operibus
885 5312 979 5380 bonis,
1036 5317 1067 5366 at
1081 5312 1131 5383 qai
1142 5313 1204 5368 haec
1219 5313 1311 5378 audis,
1328 5314 1351 5369 si
1366 5314 1484 5370 forsitan
1506 5315 1665 5384 baptizatus
1681 5332 1711 5372 cs
1738 5322 1767 5370 ct
1789 5333 1882 5370 annu·

135 5416 200 5469 ‹puae
220 5415 271 5470 per
299 5399 424 5453 alliciam
454 5402 580 5472 corporis
617 5402 825 5458 ministrantur.
860 5401 980 5457 Paulum
1035 5405 1160 5456 meratus
1179 5401 1256 5456 inter
1278 5400 1351 5456 lilios
1367 5403 1463 5470 lsrael,
1479 5407 1507 5457 ct
1524 5403 1670 5474 suscepisti
1687 5404 1717 5458 iu
1732 5410 1758 5459 te
1787 5404 1881 5459 [lami-

135 5487 372 5558 mulliplicaverat
397 5494 479 5554 terra,
495 5488 545 5560 qni
560 5489 672 5545 dicebat
688 5506 693 5545 :
718 5493 876 5546 Penaonere
892 5494 980 5545 autern
1034 5505 1104 5545 narn
1120 5495 1269 5561 regen1,ct
1291 5495 1356 5560 post
1379 5490 1440 5547 haec
1455 5490 1579 5546 volueris
1593 5492 1734 5549 declinare
1751 5498 1779 5549 cl
1794 5504 1881 5564 aspera
